3182 5210
230 315 296 380 180

230 535 289 594 per
311 511 446 576 eosdem
471 509 705 592 observentur,
736 510 911 575 ordinabit
943 512 1103 576 dominus
1135 510 1269 596 legatus
1302 511 1528 594 inquisitores

229 619 361 704 aliquos
384 617 452 683 tide
476 619 608 704 dignos,
632 619 692 703 qui
716 618 952 704 persingulas
982 619 1224 702 generaciones
1256 615 1454 681 eorumdem
1489 625 1528 678 et

229 727 492 813 generacionum
518 725 655 812 gradus,
687 747 890 812 quecunque
922 726 1013 790 linea
1045 725 1112 790 sibi
1145 727 1295 790 invicem
1325 725 1528 796 attinentes,

230 842 266 899 et
298 857 358 918 per
389 834 473 897 alios
501 853 618 898 omnes
657 831 813 898 subditos
844 853 962 896 eorum
993 835 1180 917 inquirant,
1214 839 1249 896 et
1282 834 1392 895 sciant
1424 851 1530 914 super

232 943 404 1026 premissis
435 939 594 1004 omnibus
626 949 661 1004 et
693 940 839 1026 singulis
871 941 1064 1022 veritatem,
1097 961 1199 1024 quam
1232 939 1331 1004 nobis
1355 947 1390 1002 et
1413 939 1529 1002 eidem

45 1084 47 1094 ·
144 1062 148 1070 '
232 1054 369 1118 domino
394 1053 518 1138 legato,
541 1054 646 1114 immo
670 1051 819 1129 ecclesie,
842 1049 969 1115 referre
993 1059 1029 1115 et
1060 1073 1228 1135 exponere
1262 1057 1453 1130 teneantur,
1487 1064 1529 1112 ut

231 1160 300 1243 ille,
337 1161 398 1244 qui
436 1161 472 1222 in
504 1158 619 1243 aliquo
661 1157 900 1242 premissorum
941 1165 1170 1244 transgressor
1207 1161 1370 1222 inventus
1410 1154 1529 1222 fuerit.

235 1289 354 1350 penam
370 1267 644 1348 ecclesiasticam,
661 1288 764 1350 quam
780 1275 939 1347 meretur,
956 1265 1000 1330 ab
1016 1265 1157 1330 ecclesia
1180 1269 1336 1349 accipiat,
1352 1273 1389 1328 et
1403 1263 1530 1328 nihilo-

233 1377 346 1439 minus
370 1396 429 1456 per
451 1393 512 1437 nos
535 1372 734 1456 temporalis
757 1374 911 1438 vindicte
942 1375 1072 1438 senciat
1095 1373 1274 1436 ulcionem.

342 1483 370 1544 ὃ.
394 1481 443 1546 Et
466 1482 545 1566 quia
579 1483 714 1562 copiosa
747 1480 935 1544 multitudo
967 1480 1196 1544 Gomanorum
1229 1483 1401 1563 copiosum
1436 1487 1529 1542 terre

234 1591 385 1672 spacium
402 1585 572 1670 cupiebat,
591 1589 785 1665 statuimus,
809 1596 848 1651 ut
871 1588 908 1652 hi
931 1589 992 1672 qui
1015 1609 1092 1650 cum
1116 1571 1336 1671 generatione
1360 1608 1421 1650 sua
1437 1588 1532 1650 inter

233 1695 432 1760 Danubium
455 1703 490 1758 et
514 1694 654 1772 Ticiam,
679 1703 739 1758 aut
763 1697 861 1758 iuxta
884 1692 1029 1760 fluvium
1053 1696 1162 1773 Krisa,
1186 1695 1242 1758 vel
1266 1698 1358 1758 inter
1385 1693 1531 1759 flumina

234 1803 351 1884 Morus
375 1809 411 1866 et
435 1803 526 1876 Kris,
550 1810 610 1864 aut
634 1825 675 1865 ex
700 1809 845 1886 utraque
880 1811 975 1885 parte
998 1801 1150 1866 fluminis
1174 1801 1335 1880 eiusdem,
1358 1800 1414 1864 vel
1437 1803 1534 1866 inter

234 1909 375 1974 flumina
408 1909 539 1992 Tymus
572 1917 607 1972 et
636 1909 759 1990 Mores,
782 1917 843 1972 aut
867 1911 955 1974 circa
978 1910 1097 1974 eadem
1122 1909 1377 1990 descenderant,
1400 1917 1435 1972 et
1459 1931 1531 1972 non

235 2017 328 2100 alias,
361 2017 419 2080 sed
454 2038 555 2098 super
583 2017 715 2081 eisdem
747 2014 948 2080 fliuninibus
981 2039 1040 2080 seu
1073 2016 1165 2096 locis,
1198 2018 1271 2080 sive
1294 2017 1404 2097 terris,
1427 2037 1536 2100 super

236 2124 362 2210 quibus
387 2127 546 2208 primitus
570 2125 761 2209 quamlibet
792 2128 1052 2208 generacionem
1085 2147 1163 2188 cum
1196 2126 1266 2188 suis
1299 2122 1534 2188 tabernaculis

237 2235 396 2298 dominus
428 2231 513 2296 Bela
546 2254 606 2296 rex
639 2255 725 2298 avus
756 2241 873 2296 noster
906 2232 1052 2296 illustris
1085 2255 1143 2296 rex
1177 2233 1366 2317 Hungarie,
1398 2230 1534 2314 inclyte

236 2340 493 2421 recordacionis,
517 2340 721 2404 descendere
746 2341 883 2422 iecerat,
907 2340 957 2404 ibi
980 2349 1016 2404 et
1038 2363 1130 2406 nunc
1154 2340 1363 2406 descendant
1386 2347 1422 2404 et
1450 2342 1535 2403 resi-

237 2447 341 2511 deant
365 2447 465 2510 modo
491 2448 661 2528 premisse,
685 2455 849 2532 tanquam
880 2447 1012 2511 nobiles
1044 2450 1141 2531 regni
1174 2449 1292 2522 nostri,
1324 2445 1535 2510 conferendo

237 2554 409 2619 ct'dando
431 2555 481 2616 eis
504 2552 554 2616 ibi
577 2561 686 2618 terras
705 2553 1045 2636 condicionariorum,
1069 2561 1130 2618 aut
1152 2554 1330 2620 hominum
1353 2550 1535 2634 nobilium,

238 2665 310 2726 sine
333 2661 458 2725 herede
482 2660 733 2743 decedencium,
757 2660 947 2746 quamlibet
971 2661 1109 2726 illarum
1132 2683 1210 2725 cum
1243 2661 1463 2744 pertinenciis
1496 2671 1534 2725 et

239 2767 450 2833 utilitatibus
473 2769 552 2843 suis,
578 2767 686 2851 sylvis
710 2769 881 2850 videlicet,
906 2767 1041 2847 sanetis,
1065 2770 1254 2852 piscaturis,
1287 2787 1372 2853 quas
1412 2787 1535 2831 eorum

239 2878 419 2940 descensus
442 2875 656 2958 concluserit,
680 2898 745 2961 que
769 2883 884 2940 nostre
908 2875 1087 2942 collaciom'
1111 2876 1153 2939 de
1177 2877 1250 2939 iure
1281 2876 1538 2959 dignoscuntur

239 2985 418 3068 pertinere,
442 2983 699 3048 remanentibus
723 2982 856 3048 iuribus
879 2993 914 3046 et
949 2983 1214 3068 possessionibus
1247 2983 1535 3048 monasteriorum

239 3099 275 3154 et
298 3089 516 3154 ecclesiarum
540 3112 673 3174 semper
696 3091 808 3155 salvis.

248 3243 249 3252 η
348 3198 376 3260 6.
415 3195 581 3261 Dedimus
620 3199 759 3282 insuper
797 3207 832 3261 et
865 3197 1072 3262 contulimus
1105 3198 1234 3262 eisdem
1266 3219 1393 3262 vacuas
1425 3207 1539 3260 terras

239 3303 408 3370 nobilium
432 3311 467 3368 et
491 3302 735 3388 iobbagionum
758 3307 870 3386 castri,
895 3303 981 3368 tales
1003 3325 1069 3388 que
1092 3327 1112 3367 a
1137 3311 1288 3387 tempore
1311 3303 1539 3368 Tartarorum

240 3435 347 3477 vacue
386 3413 613 3496 perstiterunt
652 3421 687 3474 et
726 3410 911 3476 fructuosis
949 3410 1163 3476 utilitatibus
1205 3421 1331 3496 carent,
1370 3411 1540 3476 videlicet

243 3521 423 3603 piscaturis
446 3528 481 3581 et
505 3517 614 3602 sylvis
639 3518 826 3602 lucrativis,
849 3522 899 3584 ita
924 3525 1048 3600 tamen,
1072 3519 1163 3604 quod
1198 3520 1319 3584 iisdem
1352 3517 1539 3599 nobilibus,

241 3637 277 3691 et
299 3623 574 3710 iobbagyonibus
597 3633 787 3690 castrorum
810 3647 873 3690 nos
897 3647 957 3709 pro
981 3625 1109 3690 talibus
1132 3629 1250 3691 vacuis
1266 3627 1368 3690 terris
1384 3628 1540 3708 ipsorum

241 3743 302 3800 aut
340 3736 469 3797 iustum
508 3733 659 3814 precium
699 3731 938 3815 persolvemus,
971 3741 1032 3796 aut
1065 3733 1301 3798 concambium
1334 3729 1541 3817 equivalens

242 3841 464 3922 conferemus,
487 3859 572 3924 quas
596 3859 712 3903 omnes
735 3841 840 3904 iidem
864 3839 995 3904 domini
1019 3848 1054 3904 et
1077 3839 1209 3904 nobiles
1234 3841 1276 3905 de
1299 3839 1469 3919 Comanis,
1494 3839 1541 3903 de

242 3947 397 4035 qualibet
419 3949 642 4033 generacione
665 3949 803 4030 ipsimet
826 3949 917 4012 inter
941 3971 975 4010 se
1000 3949 1245 4030 dividentque
1261 3947 1362 4012 modo
1378 3955 1413 4010 et
1428 3947 1542 4030 quali-

246 4065 315 4120 tate
339 4055 531 4138 cuiuslibet,
555 4057 628 4119 sive
652 4062 754 4119 statu.

353 4165 380 4227 7.
405 4162 505 4226 Tales
527 4185 609 4226 vero
632 4183 758 4226 vacuas
782 4173 890 4226 terras
913 4161 1081 4226 nobilium
1099 4173 1134 4226 et
1151 4159 1395 4248 iobbagionum
1412 4171 1544 4228 castro-

248 4292 329 4354 rum,
360 4292 425 4355 que
460 4269 644 4333 fructuosis
677 4272 798 4353 vigent
831 4267 1043 4333 utilitatibus
1075 4279 1111 4333 et
1144 4269 1323 4334 abundant
1357 4272 1545 4352 piscaturis

244 4377 408 4444 videlicet
442 4387 476 4441 et
510 4377 619 4461 sylvis
653 4377 813 4458 indensis,
846 4377 1135 4461 quemadmodum
1167 4385 1220 4440 est
1253 4379 1464 4460 premissum,
1504 4387 1546 4443 et

245 4487 352 4548 eciam
387 4495 495 4548 terras
528 4484 622 4563 talea,
656 4506 757 4567 super
789 4482 914 4568 quibus
946 4485 1052 4548 iidem
1084 4483 1217 4548 nobiles
1249 4493 1284 4549 et
1316 4483 1546 4570 iobbagiones

245 4595 351 4656 castri
391 4591 565 4656 domicilia
604 4602 664 4655 aut
705 4591 853 4674 populos,
887 4613 946 4654 seu
979 4590 1099 4655 villam
1132 4591 1270 4675 habent,
1302 4615 1361 4656 seu
1394 4593 1430 4655 in
1462 4591 1548 4658 aliis
