3182 5210
205 295 272 360 210

204 493 396 556 Maiestatis
435 491 634 554 accedentes
675 495 888 574 presentiam,
928 499 962 556 et
1001 514 1080 555 suae
1120 491 1299 556 fidelitatis
1349 493 1501 572 servitia,

204 623 324 664 revera
343 597 452 663 multa
476 601 808 665 recommendatione
832 601 947 685 digna,
971 599 1069 664 nobis
1093 602 1255 684 impensa,
1274 620 1501 664 rememoran-

206 717 257 771 tes
285 715 319 771 et
343 706 556 770 declarantes
580 710 709 789 premio
732 708 975 772 donativorum
998 715 1133 772 nostrae
1162 709 1276 792 gracie
1309 729 1343 770 se
1377 705 1502 792 dignos

205 813 286 896 fore,
310 818 471 900 consequi
494 813 710 895 arbitrantes,
727 823 766 879 ut
783 815 911 880 dictam
930 818 1173 898 possessionem
1189 814 1325 878 Bathur
1340 817 1502 896 ipsorum.

205 931 239 986 et
265 945 324 1006 per
346 944 554 1006 consequens
578 922 729 1004 hospites
753 931 788 986 et
806 923 955 1006 populos
972 921 1169 1008 iobagiones
1186 924 1346 1004 ipsorum,
1362 943 1503 1006 congre-

205 1039 304 1116 gatos
323 1037 358 1094 et
382 1033 418 1094 in
442 1029 600 1093 futurum
615 1029 658 1092 ad
676 1030 819 1094 eandem
835 1031 1102 1116 congregandos,
1118 1028 1162 1092 ab
1178 1031 1331 1093 omnium
1348 1029 1503 1093 iudicum

205 1147 240 1201 et
265 1140 528 1202 iustitiariorum
553 1139 650 1222 regni
683 1141 791 1204 nostri
825 1139 1070 1220 iurisdictione,
1103 1137 1267 1218 iudicatu,
1291 1135 1443 1200 collectis
1468 1145 1504 1198 et

207 1243 444 1310 exactionibus
479 1243 689 1328 quibuslibet
730 1253 764 1307 et
802 1243 1008 1308 victualium
1040 1242 1397 1308 administrationibus
1427 1245 1505 1328 qui-

207 1351 358 1416 buslibet
397 1350 525 1416 debitis
559 1351 779 1434 perhenniter
816 1355 974 1434 eximere,
1007 1361 1042 1418 et
1082 1359 1244 1435 perpetue
1274 1353 1505 1436 exemptionis

208 1459 321 1543 titula,
356 1467 457 1543 prout
490 1457 615 1524 clarius
647 1459 792 1524 inferius
817 1463 1037 1543 exprimetur,
1061 1462 1218 1525 decorare
1243 1468 1278 1524 et
1302 1459 1504 1542 praedotare

207 1568 437 1652 dignaremur,
466 1575 582 1631 nostro
624 1568 748 1631 exinde
782 1566 923 1632 culmini
956 1568 1104 1633 humili³
1136 1575 1172 1631 et
1205 1567 1330 1632 devota
1363 1588 1504 1650 precum

207 1677 373 1739 instantia
401 1675 445 1738 ad
478 1682 592 1738 nostre
625 1673 818 1738 Maiestatis
852 1675 954 1756 pedes
988 1675 1160 1757 provoluti
1194 1673 1385 1758 supplicare
1407 1695 1506 1737 cura-

207 1789 341 1846 verunt.
365 1782 436 1846 Nos
461 1784 570 1866 igitur
593 1781 636 1845 ad
661 1783 813 1864 ipsorum
828 1781 928 1846 nobis
944 1782 1149 1848 dilectorum
1166 1783 1358 1864 petitiones,
1375 1781 1506 1864 suppli-

208 1892 358 1954 cationes
382 1897 416 1952 et
442 1891 622 1972 proposita,
646 1889 783 1954 vultum
808 1897 843 1952 et
858 1891 1026 1954 intuitum
1042 1897 1156 1954 nostre
1173 1893 1266 1974 regie
1282 1889 1507 1953 considerati-

207 1999 281 2060 onis
301 1995 530 2080 sublevantes,
554 1995 747 2079 fidelitates,
771 1996 993 2082 fideliumque
1017 1999 1237 2062 servitiorum
1260 1996 1369 2060 multa
1401 1995 1506 2059 laude

210 2107 402 2190 dignorum,
426 2106 548 2168 merita
573 2105 834 2186 considerantes,
858 2127 944 2190 quae
968 2128 1046 2169 cum
1070 2105 1192 2175 sedula„
1211 2104 1442 2170 sollicitudine
1467 2108 1507 2168 in

210 2211 379 2296 plerisque
423 2209 635 2294 processibus
668 2215 837 2294 prosperis
880 2219 914 2276 et
953 2213 1115 2294 adversis,
1154 2220 1189 2276 et
1227 2211 1507 2295 expeditionibus

209 2320 335 2382 nostris
368 2340 407 2382 ac
431 2321 530 2402 regni
553 2321 662 2381 nostri
685 2327 758 2382 tam
781 2322 872 2383 intra
897 2319 1043 2384 confinia
1076 2321 1229 2385 eiusdem
1261 2322 1368 2404 regni,
1400 2340 1506 2403 quam

208 2431 244 2490 in
275 2424 352 2489 aliis
377 2423 531 2510 plerique
555 2428 670 2509 regnis
694 2424 822 2490 habitis
846 2425 994 2511 quilibet
1017 2449 1135 2491 eorum
1166 2431 1265 2492 iuxta
1298 2429 1352 2490 sui
1384 2433 1507 2508 status,

208 2532 387 2616 qualitatis
420 2539 455 2595 et
479 2530 656 2596 facultatis
681 2535 891 2617 exigentiam
915 2541 1052 2598 strenue
1078 2534 1290 2618 procedendo
1314 2541 1350 2599 et
1373 2533 1509 2599 sollerti

209 2639 377 2704 fidelitate
406 2639 601 2720 laborand0,
627 2637 781 2704 fortuitis
805 2649 840 2705 et
868 2644 1055 2724 inopinatis
1088 2642 1222 2708 casibus
1255 2641 1508 2726 eventibusque.

210 2771 244 2810 se
269 2749 359 2830 ipsos
383 2747 584 2830 exponendo
618 2747 858 2821 exhibuerunt,
892 2749 1094 2835 fervidaque
1127 2751 1296 2815 aviditate
1331 2750 1509 2832 impende-

208 2862 307 2936 runt3
332 2853 523 2940 fratresque
547 2861 711 2939 cognatos
735 2863 769 2918 et
794 2859 1001 2941 propinquos
1025 2879 1180 2923 necnon
1196 2860 1372 2922 ministros
1388 2879 1509 2921 eorum

209 2960 404 3041 familiares,
424 2984 463 3026 ac
486 2963 683 3026 universam
707 2962 936 3028 substantiam
961 2966 1147 3030 eorundem
1163 2989 1270 3052 usque
1286 2967 1330 3030 ad
1346 2966 1508 3030 ultimam

210 3070 488 3148 exinanitionem,
522 3067 715 3151 specialiter
747 3076 863 3134 autem
896 3071 1039 3136 eandem
1079 3075 1323 3155 possessionem
1361 3071 1510 3149 Bathur,

212 3175 303 3238 unde
328 3182 363 3238 et
387 3175 429 3238 de
453 3197 520 3260 qua
545 3177 704 3258 primitus
729 3181 864 3261 egressi,
889 3187 1054 3262 tanquam
1077 3178 1119 3242 de
1143 3177 1232 3242 bona
1255 3187 1347 3244 terra
1371 3178 1509 3243 fructus

214 3284 344 3364 optimi,
361 3289 477 3346 nostro
494 3283 594 3347 lateri
617 3283 788 3368 obsequiis
812 3287 999 3368 mancipati
1014 3288 1141 3351 nostris
1156 3286 1387 3368 inhaeserunt,
1403 3289 1509 3351 simul

214 3411 292 3453 caum
316 3389 393 3452 aliis
418 3389 684 3472 possessionibus
708 3393 902 3476 eorrmdem,
926 3395 1106 3476 invasioni,
1131 3393 1325 3477 perditioni,
1354 3394 1511 3460 destruc-

212 3497 308 3577 tioni,
332 3496 599 3578 depopulationi,
622 3501 928 3564 exterminationi⁴
947 3498 1140 3564 infidelium
1155 3507 1351 3564 nostrorum
1368 3508 1511 3583 propter

209 3624 271 3666 nos
298 3602 531 3688 relinquendo.
555 3603 610 3667 Ex
634 3625 779 3688 quorum
804 3607 1004 3691 propinquis
1027 3613 1063 3670 et
1086 3605 1314 3671 familiaribus
1338 3609 1510 3674 ministris

209 3709 383 3774 nonnullis
400 3716 559 3793 praeter⁶
575 3711 711 3776 infinita
728 3714 852 3776 damna
869 3735 991 3795 rerum,
1007 3721 1161 3798 tempore
1176 3715 1349 3798 quondam
1365 3716 1511 3798 Kopos⁸

209 3825 246 3880 et
268 3817 372 3899 Behe,
401 3817 550 3882 filiorum
574 3819 713 3884 Thome.
738 3819 930 3886 infidelium
953 3831 1156 3904 nostrorum,
1191 3824 1290 3886 tetris
1314 3821 1510 3888 carceribus

210 3926 342 4006 inclusi,
375 3930 556 3990 tormentis
589 3927 728 3992 afflictis
772 3927 935 3993 membris
966 3931 1130 3994 atrociter
1162 3929 1324 4012 mutilati,
1363 3930 1508 3995 verbera

210 4034 443 4117 quampluries
459 4041 495 4100 et
512 4035 662 4100 ludibria
682 4039 824 4118 experti,
834 4037 1108 4102 nonnullietiam
1117 4061 1160 4102 ex
1171 4040 1300 4103 eisdem
1311 4061 1370 4121 pro
1399 4038 1511 4104 fideli-

211 4139 342 4205 tatibus
366 4151 631 4208 memoratorum
654 4143 804 4208 filiorum
827 4143 964 4226 Briccij,
988 4144 1114 4229 quibus
1137 4145 1236 4210 nobis
1258 4146 1396 4211 assiduo
1420 4149 1510 4211 nite-

212 4245 338 4311 bantur·
370 4249 578 4332 complacere
618 4250 896 4316 detestabilibus⁷
930 4253 1046 4331 frenis
1086 4252 1298 4338 nexibusque
1338 4253 1510 4330 adstricti,

267 4413 276 4440 ³
296 4403 462 4457 humilima.
969 4418 979 4445 ⁶
999 4407 1109 4478 Kopaz.

267 4503 277 4529 ⁴
296 4495 535 4548 concremationi.
970 4507 979 4534 τ
998 4497 1225 4552 detestabiliter.

266 4593 276 4620 ⁵
296 4588 368 4653 post.
