3160 5212
225 345 291 408 330

226 541 313 608 bona
329 541 478 624 mobilia,
501 564 566 627 que
590 551 630 606 nt
654 541 694 607 fit
717 542 810 606 illico
834 542 1083 625 distrahuntur,
1106 542 1150 605 ad
1174 563 1385 626 quorumque
1419 543 1517 604 resti-

224 651 403 732 tutionem,
433 671 533 720 nemo
557 652 724 732 presentis
747 655 864 715 tenore
889 656 1040 735 cogatur,
1064 647 1283 732 Principibus
1306 655 1341 712 et
1365 650 1517 731 ipsorum

224 756 380 820 subditos
404 756 698 822 moderationibus
717 764 752 821 et
768 756 1026 822 condicionibus
1042 755 1264 842 sequentibus
1280 758 1517 820 restituantur.

226 901 266 908 —
279 902 320 910 —
334 864 476 928 —Item
494 866 566 946 ipse
586 864 744 928 dominus
759 863 970 928 Wladislaus
986 865 1063 928 Rex
1079 871 1114 927 et
1130 866 1330 928 vniuersum
1345 863 1517 947 Regnum,

224 977 357 1036 veteres
373 971 450 1036 illas
460 973 702 1054 inscripciones
712 994 813 1054 super
823 971 1040 1036 Successione
1057 969 1379 1054 factas,Ratificare,
1396 968 1518 1033 confir-

225 1101 326 1163 mare,
346 1086 380 1142 et
404 1101 567 1144 renouare
592 1086 783 1160 teneantur,
799 1080 854 1144 Ita
870 1079 1042 1160 videlicet,
1059 1080 1149 1164 quod
1167 1081 1196 1144 si
1211 1082 1324 1163 ipsum
1339 1079 1518 1142 dominum

225 1185 455 1250 Wladislaum
478 1186 611 1270 Regem
634 1186 794 1250 heredem
817 1186 1007 1250 masculum
1030 1209 1099 1252 non
1131 1188 1310 1271 contingat
1339 1188 1519 1268 suscipere,

224 1300 285 1356 aut
309 1301 505 1377 susceptum
527 1297 601 1358 vita
625 1293 735 1379 fungi,
758 1295 853 1358 nullo
877 1295 1000 1359 herede
1024 1295 1174 1359 masculo
1198 1318 1257 1378 per
1289 1294 1415 1358 lineam
1448 1317 1519 1356 rec-

224 1409 297 1466 tam
320 1401 545 1466 descendente
570 1410 646 1485 post
669 1425 746 1467 eum
770 1403 898 1485 relicte,
921 1404 1083 1489 Regnum
1106 1407 1219 1487 ipsum
1242 1424 1319 1466 cum
1347 1403 1520 1466 arriversis

224 1507 302 1592 alijs
324 1510 456 1595 Regnis
479 1507 673 1593 Provincijs
697 1517 731 1574 et
755 1511 916 1575 dominiis
940 1511 983 1574 ad
1008 1533 1167 1575 coronam
1190 1511 1304 1594 Regni
1337 1509 1519 1593 Hungarie

225 1616 475 1699 Spectantibus,
508 1619 544 1681 in
576 1618 691 1701 Ipsam
732 1619 878 1702 Regiam
921 1618 1154 1682 Romanorum
1192 1618 1418 1681 Maiestatem.
1457 1624 1520 1678 aut

224 1727 296 1787 eius
329 1725 490 1803 Heredes,
525 1748 584 1808 per
616 1725 741 1790 lineam
774 1733 904 1790 rectam
937 1749 978 1790 ex
1012 1725 1138 1789 lumbis
1171 1727 1241 1788 suis
1264 1723 1521 1789 descendentes,

224 1831 425 1896 devolutum
448 1833 666 1917 intelligatur
686 1835 760 1915 ipso
785 1831 885 1897 facto.

330 1937 428 2018 Item,
474 1961 541 2022 quo
587 1939 698 2022 Regia
744 1939 979 2003 Romanorum
1024 1939 1195 2020 Maiestas
1237 1937 1279 2000 de
1320 1936 1521 2000 huiusmodi

225 2045 443 2109 Successione
476 2047 586 2130 magis
624 2055 845 2126 assecuretur,
878 2047 1085 2111 Conclusam
1124 2053 1184 2126 est,
1222 2045 1321 2123 Quod
1358 2043 1523 2108 dominus

224 2151 435 2216 Wladislans
458 2154 544 2234 Rex,
567 2153 669 2216 huius
693 2156 742 2216 rei
765 2175 804 2217 11
827 2153 974 2217 aliorum
998 2155 1216 2238 negociorum
1246 2153 1361 2236 Regni
1391 2152 1523 2234 gracia,

224 2261 329 2322 cicius
353 2267 392 2322 ut
416 2259 490 2323 fieri
515 2267 635 2343 potest,
659 2259 789 2323 dietam
812 2260 952 2341 indicat,
984 2260 1026 2323 de
1057 2263 1153 2324 cuius
1177 2267 1328 2342 tempore
1361 2258 1523 2323 dominos

225 2365 447 2430 Consiliarios
485 2367 626 2432 Cesarea
666 2374 726 2430 aut
759 2367 869 2452 Regie
901 2368 1132 2450 Maiestatum,
1166 2367 1298 2431 Vienne
1329 2368 1524 2430 existentes

224 2471 376 2538 auizabit
421 2477 634 2557 tempestiue.
685 2474 741 2538 Ad
788 2496 892 2558 quam
937 2481 1101 2538 conuocet
1147 2473 1310 2554 PrelatoS,
1356 2472 1525 2554 Berones,

224 2581 402 2663 Ciuitates,
426 2589 461 2645 et
485 2581 570 2646 alios
592 2589 703 2646 status
730 2583 846 2667 Regni
879 2585 1038 2665 pociores,
1072 2585 1109 2645 in
1140 2584 1261 2645 maiori
1284 2587 1324 2644 11
1348 2601 1407 2662 pro
1432 2587 1525 2644 1111-

225 2691 315 2770 poris
347 2687 450 2753 huius
482 2689 653 2754 breuitate
686 2689 761 2753 fieri
795 2697 906 2773 potest
939 2711 1089 2771 numero,
1123 2689 1182 2753 ubi
1215 2697 1249 2752 et
1282 2689 1525 2752 Romanorum

223 2796 331 2879 Regis
356 2795 515 2859 Oratores
539 2795 654 2859 adesse
680 2795 864 2860 debebunt.
897 2797 964 2872 Qui
998 2795 1130 2879 prelati,
1163 2795 1321 2874 Berones,
1345 2792 1526 2856 Ciuitates

224 2911 258 2968 et
291 2902 348 2988 alij
384 2909 495 2966 status
526 2902 650 2986 Regni,
683 2902 755 2965 illio
789 2908 1032 2985 comparentes,
1070 2901 1162 2966 hunc
1199 2907 1390 2984 presentem
1429 2911 1525 2963 trac-

224 3019 337 3075 tatum
375 3010 560 3074 solenniter
598 3010 835 3092 acceptabant,
874 3032 913 3074 ac
952 3031 1068 3074 omnes
1107 3017 1142 3073 et
1180 3007 1316 3092 singuli,
1351 3029 1422 3070 sese
1458 3029 1527 3088 pro

224 3118 417 3182 Heredibus
441 3124 476 3181 et
499 3116 749 3181 successoribus
773 3119 852 3198 suis,
876 3116 1004 3180 litteris
1028 3115 1226 3199 patentibus
1250 3113 1448 3194 inscribent,
1484 3117 1526 3178 in

222 3227 311 3292 hanc
343 3225 570 3288 sentenciam:
594 3225 623 3291 11
657 3223 833 3287 dominum
866 3223 1097 3288 Wladislaum
1124 3223 1265 3307 Regem,
1289 3220 1405 3285 liberis
1430 3243 1528 3286 mas-

223 3332 318 3415 11111,
341 3354 383 3395 ex
407 3329 533 3394 lumbis
557 3333 627 3394 suis
651 3331 822 3414 legittime
847 3333 1041 3413 1111111111,
1064 3353 1134 3395 111
1156 3329 1294 3410 relictis,
1310 3335 1370 3392 aut
1386 3328 1527 3394 eisdem

223 3439 362 3520 relictis,
385 3444 419 3501 et
443 3440 516 3500 sine
540 3436 735 3501 Heredibus
758 3436 1045 3502 descendentibus
1069 3439 1213 3501 mortuis
1242 3435 1403 3498 decedere
1439 3457 1528 3500 con-

223 3549 346 3630 tingat,
385 3544 483 3621 Quod
520 3545 557 3607 in
595 3545 658 3608 tali
691 3567 779 3627 casu,
816 3547 929 3628 ipsum
966 3545 1243 3608 Maximilianum
1282 3544 1530 3609 Romanorum

222 3655 363 3736 Regem,
387 3657 447 3714 aut
471 3673 510 3714 eo
533 3673 602 3715 non
625 3654 804 3734 existente,
828 3653 978 3738 aliquem
1001 3675 1043 3715 ex
1067 3648 1149 3734 filijs
1173 3653 1251 3733 suis,
1275 3655 1336 3714 aut
1358 3649 1414 3713 his
1449 3673 1529 3716 non

223 3760 459 3844 existentibus,
488 3783 605 3824 eorum
647 3762 941 3842 descendentibus,
974 3784 1076 3847 quem
1108 3759 1305 3844 eligendum
1343 3759 1530 3841 duxerint,

224 3890 284 3949 pro
303 3890 363 3932 suo
387 3867 559 3952 legittimo
583 3876 617 3933 et
634 3869 832 3932 indubitato
847 3870 943 3953 Rege
960 3867 1196 3951 acceptabant,
1213 3866 1256 3929 ad
1272 3868 1528 3948 possessionem

222 3976 345 4060 Regni,
369 3975 497 4060 absque
521 3979 613 4040 omni
630 3975 838 4041 difficultate
855 3980 973 4041 venire
991 3979 1201 4059 permittent,
1217 3977 1253 4038 in
1272 3976 1530 4056 possessionem

222 4083 337 4166 Regni
361 4083 534 4165 inducent,
557 4092 593 4148 et
615 4085 669 4148 illi
692 4088 746 4150 vti
769 4086 860 4170 Regi
879 4092 915 4149 et
937 4085 1075 4149 domino
1099 4105 1168 4164 suo,
1201 4082 1318 4148 debita
1351 4080 1529 4166 obsequia

225 4189 434 4274 prestabant,
458 4189 613 4276 hancque
638 4192 864 4275 Sentenciam,
889 4193 1025 4277 publice
1048 4198 1083 4256 11
1107 4191 1314 4256 Sollenniter
1336 4191 1374 4252 in
1396 4191 1530 4258 eadem

223 4301 497 4381 congregacione,
520 4299 754 4364 Romanorum
778 4301 877 4385 Regi,
901 4303 938 4364 in
963 4299 1174 4382 prefatorum
1205 4298 1312 4382 Regis
1345 4296 1533 4364 Romano-

223 4425 299 4466 rum
323 4403 505 4469 Oratorurn
529 4409 711 4489 presencia,
734 4407 907 4472 iurabant.

329 4510 428 4594 Item,
461 4513 630 4589 Quoniam
660 4514 762 4577 multi
795 4514 950 4579 fortassis
982 4535 1126 4599 qnorum
1161 4516 1303 4576 interest
1335 4519 1395 4574 aut
1430 4516 1536 4580 inte-

223 4639 312 4681 resse
340 4617 489 4702 debebit,
522 4623 559 4684 11
582 4621 645 4685 1111
671 4625 937 4706 congregacione
961 4644 1030 4687 non
1054 4621 1307 4704 comparebunt,
1339 4626 1375 4683 et
1408 4623 1535 4704 ipsius
