<?xml version="1.0" encoding="UTF-8"?>
<!DOCTYPE html PUBLIC "-//W3C//DTD XHTML 1.0 Transitional//EN"
    "http://www.w3.org/TR/xhtml1/DTD/xhtml1-transitional.dtd">
<html xmlns="http://www.w3.org/1999/xhtml" xml:lang="en" lang="en">
 <head>
  <title>
</title>
<meta http-equiv="Content-Type" content="text/html;charset=utf-8" />
  <meta name='ocr-system' content='tesseract 3.04.00' />
  <meta name='ocr-capabilities' content='ocr_page ocr_carea ocr_par ocr_line ocrx_word'/>
</head>
<body>
  <div class='ocr_page' id='page_1' title='image "./enchiridionfont00marcgoog_0330.png"; bbox 0 0 3160 5212; ppageno 0'>
   <div class='ocr_carea' id='block_1_1' title="bbox 238 349 304 411">
    <p class='ocr_par' dir='ltr' id='par_1_1' title="bbox 238 349 304 411">
     <span class='ocr_line' id='line_1_1' title="bbox 238 349 304 411; baseline 0.015 -1"><span class='ocrx_word' id='word_1_1' title='bbox 238 349 304 411; x_wconf 84' lang='lat'>308</span> 
     </span>
    </p>
   </div>
   <div class='ocr_carea' id='block_1_2' title="bbox 151 544 1543 2559">
    <p class='ocr_par' dir='ltr' id='par_1_2' title="bbox 151 544 1537 1269">
     <span class='ocr_line' id='line_1_2' title="bbox 237 544 1536 629; baseline -0.003 -21"><span class='ocrx_word' id='word_1_2' title='bbox 237 547 443 624; x_wconf 61' lang='lat' dir='ltr'>exstiterat,2</span> <span class='ocrx_word' id='word_1_3' title='bbox 475 544 788 608; x_wconf 73' lang='lat' dir='ltr'>animadvertentes</span> <span class='ocrx_word' id='word_1_4' title='bbox 813 568 847 609; x_wconf 87' lang='lat' dir='ltr'>se</span> <span class='ocrx_word' id='word_1_5' title='bbox 872 549 1025 629; x_wconf 81' lang='lat' dir='ltr'>principe</span> <span class='ocrx_word' id='word_1_6' title='bbox 1058 544 1194 609; x_wconf 87' lang='lat' dir='ltr'>orbatos</span> <span class='ocrx_word' id='word_1_7' title='bbox 1227 566 1307 624; x_wconf 81' lang='lat' dir='ltr'>esse,</span> <span class='ocrx_word' id='word_1_8' title='bbox 1340 565 1401 606; x_wconf 90' lang='lat' dir='ltr'>nec</span> <span class='ocrx_word' id='word_1_9' title='bbox 1434 563 1536 625; x_wconf 89' lang='lat' dir='ltr'>posse</span> 
     </span>
     <span class='ocr_line' id='line_1_3' title="bbox 237 651 1537 738; baseline -0.003 -22"><span class='ocrx_word' id='word_1_10' title='bbox 237 651 422 734; x_wconf 76' lang='lat' dir='ltr'>commode,</span> <span class='ocrx_word' id='word_1_11' title='bbox 455 658 490 715; x_wconf 88' lang='lat' dir='ltr'>et</span> <span class='ocrx_word' id='word_1_12' title='bbox 513 655 586 715; x_wconf 87' lang='lat' dir='ltr'>sine</span> <span class='ocrx_word' id='word_1_13' title='bbox 611 655 709 738; x_wconf 88' lang='lat' dir='ltr'>regni</span> <span class='ocrx_word' id='word_1_14' title='bbox 731 656 831 737; x_wconf 85' lang='lat' dir='ltr'>gravi</span> <span class='ocrx_word' id='word_1_15' title='bbox 859 654 1066 717; x_wconf 87' lang='lat' dir='ltr'>detrimento</span> <span class='ocrx_word' id='word_1_16' title='bbox 1099 653 1230 716; x_wconf 86' lang='lat' dir='ltr'>diutius</span> <span class='ocrx_word' id='word_1_17' title='bbox 1262 654 1373 734; x_wconf 89' lang='lat' dir='ltr'>eapite</span> <span class='ocrx_word' id='word_1_18' title='bbox 1407 671 1537 733; x_wconf 73' lang='lat' dir='ltr'>carere,</span> 
     </span>
     <span class='ocr_line' id='line_1_4' title="bbox 239 755 1536 843; baseline -0.002 -21"><span class='ocrx_word' id='word_1_19' title='bbox 239 765 314 842; x_wconf 92' lang='lat' dir='ltr'>post</span> <span class='ocrx_word' id='word_1_20' title='bbox 339 759 453 842; x_wconf 90' lang='lat' dir='ltr'>plures</span> <span class='ocrx_word' id='word_1_21' title='bbox 479 764 645 822; x_wconf 87' lang='lat' dir='ltr'>tractatus</span> <span class='ocrx_word' id='word_1_22' title='bbox 671 799 710 805; x_wconf 92' lang='lat'>—</span> <span class='ocrx_word' id='word_1_23' title='bbox 737 760 851 824; x_wconf 88' lang='lat' dir='ltr'>oculos</span> <span class='ocrx_word' id='word_1_24' title='bbox 884 763 1008 824; x_wconf 90' lang='lat' dir='ltr'>mentis</span> <span class='ocrx_word' id='word_1_25' title='bbox 1042 763 1192 843; x_wconf 89' lang='lat' dir='ltr'>ipsorum</span> <span class='ocrx_word' id='word_1_26' title='bbox 1226 762 1261 822; x_wconf 95' lang='lat' dir='ltr'>in</span> <span class='ocrx_word' id='word_1_27' title='bbox 1292 779 1352 821; x_wconf 91' lang='lat' dir='ltr'>nos</span> <span class='ocrx_word' id='word_1_28' title='bbox 1380 755 1536 840; x_wconf 89' lang='lat' dir='ltr'>conjece-</span> 
     </span>
     <span class='ocr_line' id='line_1_5' title="bbox 151 861 1537 950; baseline -0.002 -20"><span class='ocrx_word' id='word_1_29' title='bbox 151 861 154 868; x_wconf 73' lang='grc'><strong>’</strong></span> <span class='ocrx_word' id='word_1_30' title='bbox 238 874 319 930; x_wconf 87' lang='lat' dir='ltr'>runt</span> <span class='ocrx_word' id='word_1_31' title='bbox 342 873 378 929; x_wconf 90' lang='lat' dir='ltr'>et</span> <span class='ocrx_word' id='word_1_32' title='bbox 403 869 546 930; x_wconf 88' lang='lat' dir='ltr'>caeteris</span> <span class='ocrx_word' id='word_1_33' title='bbox 578 865 735 930; x_wconf 87' lang='lat' dir='ltr'>omnibus</span> <span class='ocrx_word' id='word_1_34' title='bbox 770 866 981 950; x_wconf 86' lang='lat' dir='ltr'>principibus</span> <span class='ocrx_word' id='word_1_35' title='bbox 1014 866 1234 930; x_wconf 78' lang='lat' dir='ltr'>christianis³</span> <span class='ocrx_word' id='word_1_36' title='bbox 1268 905 1308 910; x_wconf 88' lang='lat'>—</span> <span class='ocrx_word' id='word_1_37' title='bbox 1341 887 1402 929; x_wconf 90' lang='lat' dir='ltr'>nos</span> <span class='ocrx_word' id='word_1_38' title='bbox 1436 886 1537 947; x_wconf 86' lang='lat' dir='ltr'>prae-</span> 
     </span>
     <span class='ocr_line' id='line_1_6' title="bbox 238 971 1537 1058; baseline -0.002 -21"><span class='ocrx_word' id='word_1_39' title='bbox 238 974 403 1056; x_wconf 78' lang='lat' dir='ltr'>tulerunt,</span> <span class='ocrx_word' id='word_1_40' title='bbox 419 971 552 1058; x_wconf 84' lang='lat' dir='ltr'>sibique</span> <span class='ocrx_word' id='word_1_41' title='bbox 569 995 646 1036; x_wconf 88' lang='lat' dir='ltr'>cum</span> <span class='ocrx_word' id='word_1_42' title='bbox 663 973 893 1058; x_wconf 70' lang='lat' dir='ltr'>infrascriptis</span> <span class='ocrx_word' id='word_1_43' title='bbox 910 974 1172 1054; x_wconf 79' lang='lat' dir='ltr'>conditionibus,</span> <span class='ocrx_word' id='word_1_44' title='bbox 1193 976 1300 1056; x_wconf 87' lang='lat' dir='ltr'>pactis</span> <span class='ocrx_word' id='word_1_45' title='bbox 1316 979 1350 1036; x_wconf 90' lang='lat' dir='ltr'>et</span> <span class='ocrx_word' id='word_1_46' title='bbox 1366 971 1537 1056; x_wconf 73' lang='lat' dir='ltr'>articuliS,</span> 
     </span>
     <span class='ocr_line' id='line_1_7' title="bbox 238 1079 1533 1166; baseline -0.002 -22"><span class='ocrx_word' id='word_1_47' title='bbox 238 1083 273 1144; x_wconf 89' lang='lat' dir='ltr'>in</span> <span class='ocrx_word' id='word_1_48' title='bbox 291 1102 415 1165; x_wconf 78' lang='lat' dir='ltr'>regem,</span> <span class='ocrx_word' id='word_1_49' title='bbox 439 1079 682 1164; x_wconf 90' lang='lat' dir='ltr'>dominumque</span> <span class='ocrx_word' id='word_1_50' title='bbox 699 1087 733 1143; x_wconf 89' lang='lat' dir='ltr'>et</span> <span class='ocrx_word' id='word_1_51' title='bbox 750 1084 936 1164; x_wconf 89' lang='lat' dir='ltr'>principem</span> <span class='ocrx_word' id='word_1_52' title='bbox 962 1082 1146 1166; x_wconf 87' lang='lat' dir='ltr'>elegerunt.</span> <span class='ocrx_word' id='word_1_53' title='bbox 1165 1120 1205 1126; x_wconf 81' lang='lat'>——</span> <span class='ocrx_word' id='word_1_54' title='bbox 1223 1081 1375 1157; x_wconf 76' lang='lat' dir='ltr'>Quorum</span> <span class='ocrx_word' id='word_1_55' title='bbox 1390 1079 1533 1163; x_wconf 89' lang='lat' dir='ltr'>quidem</span> 
     </span>
     <span class='ocr_line' id='line_1_8' title="bbox 237 1186 707 1269; baseline -0.002 -18"><span class='ocrx_word' id='word_1_56' title='bbox 237 1186 461 1251; x_wconf 83' lang='lat' dir='ltr'>articulorum</span> <span class='ocrx_word' id='word_1_57' title='bbox 485 1189 613 1269; x_wconf 88' lang='lat' dir='ltr'>primus</span> <span class='ocrx_word' id='word_1_58' title='bbox 637 1193 707 1250; x_wconf 87' lang='lat' dir='ltr'>est:</span> 
     </span>
    </p>

    <p class='ocr_par' dir='ltr' id='par_1_3' title="bbox 237 1293 1543 2559">
     <span class='ocr_line' id='line_1_9' title="bbox 345 1293 1534 1380; baseline -0.001 -24"><span class='ocrx_word' id='word_1_59' title='bbox 345 1295 374 1358; x_wconf 70' lang='lat'>⁸2.</span> <span class='ocrx_word' id='word_1_60' title='bbox 399 1293 495 1370; x_wconf 80' lang='lat' dir='ltr'>Quod</span> <span class='ocrx_word' id='word_1_61' title='bbox 529 1315 673 1378; x_wconf 83' lang='lat' dir='ltr'>regnum</span> <span class='ocrx_word' id='word_1_62' title='bbox 706 1295 915 1378; x_wconf 85' lang='lat' dir='ltr'>Hungariae,</span> <span class='ocrx_word' id='word_1_63' title='bbox 949 1317 1027 1358; x_wconf 89' lang='lat' dir='ltr'>cum</span> <span class='ocrx_word' id='word_1_64' title='bbox 1060 1297 1201 1359; x_wconf 90' lang='lat' dir='ltr'>caeteris</span> <span class='ocrx_word' id='word_1_65' title='bbox 1236 1297 1359 1380; x_wconf 75' lang='lat' dir='ltr'>regnis,</span> <span class='ocrx_word' id='word_1_66' title='bbox 1394 1295 1534 1376; x_wconf 79' lang='lat' dir='ltr'>provin-</span> 
     </span>
     <span class='ocr_line' id='line_1_10' title="bbox 237 1397 1535 1486; baseline -0.002 -22"><span class='ocrx_word' id='word_1_67' title='bbox 237 1405 365 1486; x_wconf 88' lang='lat' dir='ltr'>ciisque</span> <span class='ocrx_word' id='word_1_68' title='bbox 382 1399 449 1464; x_wconf 89' lang='lat' dir='ltr'>sibi</span> <span class='ocrx_word' id='word_1_69' title='bbox 466 1397 638 1482; x_wconf 88' lang='lat' dir='ltr'>subjectis,</span> <span class='ocrx_word' id='word_1_70' title='bbox 650 1400 871 1486; x_wconf 89' lang='lat' dir='ltr'>dominosque</span> <span class='ocrx_word' id='word_1_71' title='bbox 890 1402 1056 1484; x_wconf 89' lang='lat' dir='ltr'>praelatos</span> <span class='ocrx_word' id='word_1_72' title='bbox 1073 1409 1107 1465; x_wconf 94' lang='lat' dir='ltr'>et</span> <span class='ocrx_word' id='word_1_73' title='bbox 1125 1402 1276 1484; x_wconf 84' lang='lat' dir='ltr'>barones,</span> <span class='ocrx_word' id='word_1_74' title='bbox 1292 1421 1407 1465; x_wconf 91' lang='lat' dir='ltr'>omnes</span> <span class='ocrx_word' id='word_1_75' title='bbox 1426 1399 1535 1462; x_wconf 89' lang='lat' dir='ltr'>eccle-</span> 
     </span>
     <span class='ocr_line' id='line_1_11' title="bbox 237 1507 1532 1591; baseline -0.002 -20"><span class='ocrx_word' id='word_1_76' title='bbox 237 1511 313 1587; x_wconf 75' lang='lat' dir='ltr'>sias,</span> <span class='ocrx_word' id='word_1_77' title='bbox 346 1507 658 1591; x_wconf 87' lang='lat' dir='ltr'>ecclesiasticasque</span> <span class='ocrx_word' id='word_1_78' title='bbox 690 1529 848 1590; x_wconf 87' lang='lat' dir='ltr'>personas</span> <span class='ocrx_word' id='word_1_79' title='bbox 872 1531 910 1571; x_wconf 90' lang='lat' dir='ltr'>ae</span> <span class='ocrx_word' id='word_1_80' title='bbox 935 1508 1066 1573; x_wconf 88' lang='lat' dir='ltr'>nobiles</span> <span class='ocrx_word' id='word_1_81' title='bbox 1099 1517 1134 1572; x_wconf 91' lang='lat' dir='ltr'>et</span> <span class='ocrx_word' id='word_1_82' title='bbox 1167 1511 1334 1591; x_wconf 80' lang='lat' dir='ltr'>civitates,</span> <span class='ocrx_word' id='word_1_83' title='bbox 1367 1530 1429 1571; x_wconf 89' lang='lat' dir='ltr'>nec</span> <span class='ocrx_word' id='word_1_84' title='bbox 1462 1528 1532 1570; x_wconf 92' lang='lat' dir='ltr'>non</span> 
     </span>
     <span class='ocr_line' id='line_1_12' title="bbox 238 1615 1533 1700; baseline -0.001 -22"><span class='ocrx_word' id='word_1_85' title='bbox 238 1622 387 1679; x_wconf 87' lang='lat' dir='ltr'>caeteros</span> <span class='ocrx_word' id='word_1_86' title='bbox 422 1615 548 1678; x_wconf 91' lang='lat' dir='ltr'>incolas</span> <span class='ocrx_word' id='word_1_87' title='bbox 572 1622 614 1688; x_wconf 31' lang='lat' dir='ltr'>et·</span> <span class='ocrx_word' id='word_1_88' title='bbox 633 1615 881 1680; x_wconf 81' lang='lat' dir='ltr'>inhabitatores</span> <span class='ocrx_word' id='word_1_89' title='bbox 914 1619 1020 1700; x_wconf 89' lang='lat' dir='ltr'>ipsius</span> <span class='ocrx_word' id='word_1_90' title='bbox 1054 1621 1160 1700; x_wconf 73' lang='lat' dir='ltr'>regni,</span> <span class='ocrx_word' id='word_1_91' title='bbox 1194 1615 1471 1680; x_wconf 78' lang='lat' dir='ltr'>conservabimus</span> <span class='ocrx_word' id='word_1_92' title='bbox 1496 1619 1533 1677; x_wconf 95' lang='lat' dir='ltr'>in</span> 
     </span>
     <span class='ocr_line' id='line_1_13' title="bbox 237 1721 1535 1808; baseline -0.002 -22"><span class='ocrx_word' id='word_1_93' title='bbox 237 1725 389 1807; x_wconf 85' lang='lat' dir='ltr'>antiquis</span> <span class='ocrx_word' id='word_1_94' title='bbox 410 1721 550 1804; x_wconf 82' lang='lat' dir='ltr'>iuribus⁷</span> <span class='ocrx_word' id='word_1_95' title='bbox 575 1722 775 1808; x_wconf 77' lang='lat' dir='ltr'>privilegiis,</span> <span class='ocrx_word' id='word_1_96' title='bbox 796 1724 1082 1804; x_wconf 64' lang='lat' dir='ltr'>immunitatibus</span> <span class='ocrx_word' id='word_1_97' title='bbox 1107 1723 1325 1788; x_wconf 85' lang='lat' dir='ltr'>libertatibus</span> <span class='ocrx_word' id='word_1_98' title='bbox 1342 1737 1377 1786; x_wconf 87' lang='lat' dir='ltr'>et</span> <span class='ocrx_word' id='word_1_99' title='bbox 1393 1744 1535 1786; x_wconf 88' lang='lat' dir='ltr'>eonsue-</span> 
     </span>
     <span class='ocr_line' id='line_1_14' title="bbox 238 1828 1539 1914; baseline -0.002 -22"><span class='ocrx_word' id='word_1_100' title='bbox 238 1828 417 1893; x_wconf 85' lang='lat' dir='ltr'>tudinibus</span> <span class='ocrx_word' id='word_1_101' title='bbox 441 1828 646 1912; x_wconf 68' lang='lat' dir='ltr'>approbatis</span> <span class='ocrx_word' id='word_1_102' title='bbox 671 1830 853 1914; x_wconf 88' lang='lat' dir='ltr'>inquibus</span> <span class='ocrx_word' id='word_1_103' title='bbox 878 1832 1009 1894; x_wconf 88' lang='lat' dir='ltr'>scilieet</span> <span class='ocrx_word' id='word_1_104' title='bbox 1035 1832 1214 1914; x_wconf 86' lang='lat' dir='ltr'>perdives</span> <span class='ocrx_word' id='word_1_105' title='bbox 1238 1831 1409 1914; x_wconf 89' lang='lat' dir='ltr'>quondam</span> <span class='ocrx_word' id='word_1_106' title='bbox 1435 1851 1539 1913; x_wconf 83' lang='lat' dir='ltr'>reges</span> 
     </span>
     <span class='ocr_line' id='line_1_15' title="bbox 237 1937 1537 2024; baseline -0.002 -23"><span class='ocrx_word' id='word_1_107' title='bbox 237 1941 438 2016; x_wconf 80' lang='lat' dir='ltr'>conservati,</span> <span class='ocrx_word' id='word_1_108' title='bbox 463 1937 654 2022; x_wconf 86' lang='lat' dir='ltr'>quibusque</span> <span class='ocrx_word' id='word_1_109' title='bbox 680 1941 792 2024; x_wconf 83' lang='lat' dir='ltr'>gavisi</span> <span class='ocrx_word' id='word_1_110' title='bbox 817 1947 851 2002; x_wconf 90' lang='lat' dir='ltr'>et</span> <span class='ocrx_word' id='word_1_111' title='bbox 867 1943 921 2002; x_wconf 91' lang='lat' dir='ltr'>usi</span> <span class='ocrx_word' id='word_1_112' title='bbox 945 1939 1094 2020; x_wconf 83' lang='lat' dir='ltr'>fuerunt,</span> <span class='ocrx_word' id='word_1_113' title='bbox 1119 1941 1176 2020; x_wconf 84' lang='lat' dir='ltr'>ita⁷</span> <span class='ocrx_word' id='word_1_114' title='bbox 1200 1940 1290 2024; x_wconf 90' lang='lat' dir='ltr'>quod</span> <span class='ocrx_word' id='word_1_115' title='bbox 1307 1938 1418 2002; x_wconf 90' lang='lat' dir='ltr'>nullas</span> <span class='ocrx_word' id='word_1_116' title='bbox 1442 1960 1537 2020; x_wconf 89' lang='lat' dir='ltr'>pror-</span> 
     </span>
     <span class='ocr_line' id='line_1_16' title="bbox 237 2045 1540 2132; baseline -0.002 -22"><span class='ocrx_word' id='word_1_117' title='bbox 237 2068 293 2110; x_wconf 87' lang='lat' dir='ltr'>sus</span> <span class='ocrx_word' id='word_1_118' title='bbox 307 2048 479 2110; x_wconf 86' lang='lat' dir='ltr'>novitates</span> <span class='ocrx_word' id='word_1_119' title='bbox 496 2046 797 2129; x_wconf 86' lang='lat' dir='ltr'>(quemadmodum</span> <span class='ocrx_word' id='word_1_120' title='bbox 814 2047 988 2130; x_wconf 85' lang='lat' dir='ltr'>praefatus</span> <span class='ocrx_word' id='word_1_121' title='bbox 1004 2047 1176 2132; x_wconf 89' lang='lat' dir='ltr'>quondam</span> <span class='ocrx_word' id='word_1_122' title='bbox 1193 2047 1349 2110; x_wconf 88' lang='lat' dir='ltr'>dominus</span> <span class='ocrx_word' id='word_1_123' title='bbox 1363 2045 1540 2110; x_wconf 86' lang='lat' dir='ltr'>Matthias</span> 
     </span>
     <span class='ocr_line' id='line_1_17' title="bbox 238 2153 1539 2238; baseline -0.002 -21"><span class='ocrx_word' id='word_1_124' title='bbox 238 2178 297 2217; x_wconf 82' lang='lat' dir='ltr'>rex</span> <span class='ocrx_word' id='word_1_125' title='bbox 314 2153 456 2230; x_wconf 81' lang='lat' dir='ltr'>fecerat)</span> <span class='ocrx_word' id='word_1_126' title='bbox 482 2156 517 2216; x_wconf 91' lang='lat' dir='ltr'>in</span> <span class='ocrx_word' id='word_1_127' title='bbox 540 2155 724 2218; x_wconf 91' lang='lat' dir='ltr'>eorundem</span> <span class='ocrx_word' id='word_1_128' title='bbox 751 2157 997 2220; x_wconf 88' lang='lat' dir='ltr'>detrimentum</span> <span class='ocrx_word' id='word_1_129' title='bbox 1021 2163 1055 2219; x_wconf 92' lang='lat' dir='ltr'>et</span> <span class='ocrx_word' id='word_1_130' title='bbox 1079 2158 1331 2238; x_wconf 83' lang='lat' dir='ltr'>oppressionem</span> <span class='ocrx_word' id='word_1_131' title='bbox 1354 2176 1393 2217; x_wconf 85' lang='lat' dir='ltr'>ae</span> <span class='ocrx_word' id='word_1_132' title='bbox 1412 2163 1539 2216; x_wconf 76' lang='lat' dir='ltr'>coiit-ra.</span> 
     </span>
     <span class='ocr_line' id='line_1_18' title="bbox 238 2259 1543 2346; baseline -0.002 -22"><span class='ocrx_word' id='word_1_133' title='bbox 238 2260 475 2344; x_wconf 86' lang='lat' dir='ltr'>hujuscemodi</span> <span class='ocrx_word' id='word_1_134' title='bbox 507 2263 666 2346; x_wconf 88' lang='lat' dir='ltr'>antiquas</span> <span class='ocrx_word' id='word_1_135' title='bbox 706 2262 891 2344; x_wconf 67' lang='lat' dir='ltr'>libertates</span> <span class='ocrx_word' id='word_1_136' title='bbox 932 2265 1091 2345; x_wconf 87' lang='lat' dir='ltr'>ipsorum,</span> <span class='ocrx_word' id='word_1_137' title='bbox 1124 2264 1387 2326; x_wconf 86' lang='lat' dir='ltr'>introducamus.</span> <span class='ocrx_word' id='word_1_138' title='bbox 1420 2259 1543 2324; x_wconf 88' lang='lat' dir='ltr'>Intro-</span> 
     </span>
     <span class='ocr_line' id='line_1_19' title="bbox 238 2367 1543 2454; baseline 0 -24"><span class='ocrx_word' id='word_1_139' title='bbox 238 2369 358 2432; x_wconf 89' lang='lat' dir='ltr'>ductas</span> <span class='ocrx_word' id='word_1_140' title='bbox 383 2390 464 2431; x_wconf 91' lang='lat' dir='ltr'>vero</span> <span class='ocrx_word' id='word_1_141' title='bbox 490 2391 548 2450; x_wconf 90' lang='lat' dir='ltr'>per</span> <span class='ocrx_word' id='word_1_142' title='bbox 572 2371 684 2452; x_wconf 89' lang='lat' dir='ltr'>ipsum</span> <span class='ocrx_word' id='word_1_143' title='bbox 710 2371 882 2454; x_wconf 89' lang='lat' dir='ltr'>quondam</span> <span class='ocrx_word' id='word_1_144' title='bbox 906 2392 966 2433; x_wconf 90' lang='lat' dir='ltr'>ser.</span> <span class='ocrx_word' id='word_1_145' title='bbox 992 2370 1079 2433; x_wconf 87' lang='lat' dir='ltr'>dom.</span> <span class='ocrx_word' id='word_1_146' title='bbox 1105 2369 1288 2434; x_wconf 84' lang='lat' dir='ltr'>Matthiam</span> <span class='ocrx_word' id='word_1_147' title='bbox 1313 2391 1430 2452; x_wconf 88' lang='lat' dir='ltr'>regem</span> <span class='ocrx_word' id='word_1_148' title='bbox 1455 2367 1543 2431; x_wconf 88' lang='lat' dir='ltr'>abo-</span> 
     </span>
     <span class='ocr_line' id='line_1_20' title="bbox 239 2475 1543 2559; baseline 0.001 -22"><span class='ocrx_word' id='word_1_149' title='bbox 239 2476 377 2556; x_wconf 69' lang='lat' dir='ltr'>leamus⁷</span> <span class='ocrx_word' id='word_1_150' title='bbox 394 2475 683 2539; x_wconf 80' lang='lat' dir='ltr'>contributionem</span> <span class='ocrx_word' id='word_1_151' title='bbox 697 2485 813 2540; x_wconf 62' lang='lat' dir='ltr'>sautem</span> <span class='ocrx_word' id='word_1_152' title='bbox 826 2480 927 2540; x_wconf 77' lang='lat' dir='ltr'>aurius</span> <span class='ocrx_word' id='word_1_153' title='bbox 940 2477 1068 2559; x_wconf 74' lang='lat' dir='ltr'>floreni,</span> <span class='ocrx_word' id='word_1_154' title='bbox 1085 2477 1179 2540; x_wconf 87' lang='lat' dir='ltr'>nulla</span> <span class='ocrx_word' id='word_1_155' title='bbox 1196 2479 1327 2541; x_wconf 87' lang='lat' dir='ltr'>ratione</span> <span class='ocrx_word' id='word_1_156' title='bbox 1344 2478 1543 2559; x_wconf 66' lang='lat' dir='ltr'>exigamus⁷</span> 
     </span>
    </p>
   </div>
   <div class='ocr_carea' id='block_1_3' title="bbox 237 2580 1544 2755">
    <p class='ocr_par' dir='ltr' id='par_1_4' title="bbox 237 2580 1544 2755">
     <span class='ocr_line' id='line_1_21' title="bbox 239 2580 1544 2666; baseline 0.001 -21"><span class='ocrx_word' id='word_1_157' title='bbox 239 2583 297 2646; x_wconf 85' lang='lat' dir='ltr'>sed</span> <span class='ocrx_word' id='word_1_158' title='bbox 322 2585 482 2666; x_wconf 80' lang='lat' dir='ltr'>antiquis,</span> <span class='ocrx_word' id='word_1_159' title='bbox 502 2580 615 2664; x_wconf 70' lang='lat' dir='ltr'>justis,</span> <span class='ocrx_word' id='word_1_160' title='bbox 640 2584 821 2647; x_wconf 88' lang='lat' dir='ltr'>ordinariis</span> <span class='ocrx_word' id='word_1_161' title='bbox 846 2591 880 2647; x_wconf 88' lang='lat' dir='ltr'>et</span> <span class='ocrx_word' id='word_1_162' title='bbox 904 2587 1073 2647; x_wconf 87' lang='lat' dir='ltr'>consuetis</span> <span class='ocrx_word' id='word_1_163' title='bbox 1104 2583 1325 2666; x_wconf 87' lang='lat' dir='ltr'>proventibus</span> <span class='ocrx_word' id='word_1_164' title='bbox 1356 2582 1544 2666; x_wconf 81' lang='lat' dir='ltr'>regalibus</span> 
     </span>
     <span class='ocr_line' id='line_1_22' title="bbox 237 2689 702 2755; baseline 0.004 -3"><span class='ocrx_word' id='word_1_165' title='bbox 237 2693 391 2754; x_wconf 88' lang='lat' dir='ltr'>contenti</span> <span class='ocrx_word' id='word_1_166' title='bbox 414 2712 486 2753; x_wconf 87' lang='lat' dir='ltr'>esse</span> <span class='ocrx_word' id='word_1_167' title='bbox 510 2689 702 2755; x_wconf 82' lang='lat' dir='ltr'>debeamus,</span> 
     </span>
    </p>
   </div>
   <div class='ocr_carea' id='block_1_4' title="bbox 237 2797 1555 4064">
    <p class='ocr_par' dir='ltr' id='par_1_5' title="bbox 237 2797 1549 3312">
     <span class='ocr_line' id='line_1_23' title="bbox 347 2797 1546 2884; baseline 0.003 -25"><span class='ocrx_word' id='word_1_168' title='bbox 347 2799 375 2860; x_wconf 78' lang='lat'>3.</span> <span class='ocrx_word' id='word_1_169' title='bbox 399 2797 498 2881; x_wconf 74' lang='lat' dir='ltr'>item,</span> <span class='ocrx_word' id='word_1_170' title='bbox 522 2799 612 2881; x_wconf 86' lang='lat' dir='ltr'>quod</span> <span class='ocrx_word' id='word_1_171' title='bbox 646 2797 733 2862; x_wconf 91' lang='lat' dir='ltr'>bona</span> <span class='ocrx_word' id='word_1_172' title='bbox 767 2806 802 2862; x_wconf 89' lang='lat' dir='ltr'>et</span> <span class='ocrx_word' id='word_1_173' title='bbox 834 2799 901 2862; x_wconf 89' lang='lat' dir='ltr'>alia</span> <span class='ocrx_word' id='word_1_174' title='bbox 935 2821 1156 2884; x_wconf 86' lang='lat' dir='ltr'>quaeeunque</span> <span class='ocrx_word' id='word_1_175' title='bbox 1190 2801 1263 2861; x_wconf 87' lang='lat' dir='ltr'>iura</span> <span class='ocrx_word' id='word_1_176' title='bbox 1293 2797 1449 2879; x_wconf 75' lang='lat' dir='ltr'>aliorum,</span> <span class='ocrx_word' id='word_1_177' title='bbox 1478 2822 1546 2882; x_wconf 88' lang='lat' dir='ltr'>per</span> 
     </span>
     <span class='ocr_line' id='line_1_24' title="bbox 238 2903 1544 2991; baseline 0.002 -23"><span class='ocrx_word' id='word_1_178' title='bbox 238 2903 431 2988; x_wconf 80' lang='lat' dir='ltr'>praefatum</span> <span class='ocrx_word' id='word_1_179' title='bbox 464 2905 641 2968; x_wconf 90' lang='lat' dir='ltr'>dominum</span> <span class='ocrx_word' id='word_1_180' title='bbox 670 2905 854 2969; x_wconf 84' lang='lat' dir='ltr'>Matthia-m</span> <span class='ocrx_word' id='word_1_181' title='bbox 879 2928 994 2990; x_wconf 80' lang='lat' dir='ltr'>regem</span> <span class='ocrx_word' id='word_1_182' title='bbox 1018 2914 1052 2968; x_wconf 92' lang='lat' dir='ltr'>et</span> <span class='ocrx_word' id='word_1_183' title='bbox 1076 2905 1263 2990; x_wconf 86' lang='lat' dir='ltr'>reginalem</span> <span class='ocrx_word' id='word_1_184' title='bbox 1288 2905 1544 2991; x_wconf 56' lang='lat' dir='ltr'>Maiestatem</span> 
     </span>
     <span class='ocr_line' id='line_1_25' title="bbox 237 3011 1547 3098; baseline 0.002 -23"><span class='ocrx_word' id='word_1_185' title='bbox 237 3035 276 3075; x_wconf 85' lang='lat' dir='ltr'>ae</span> <span class='ocrx_word' id='word_1_186' title='bbox 300 3014 404 3075; x_wconf 87' lang='lat' dir='ltr'>etiam</span> <span class='ocrx_word' id='word_1_187' title='bbox 430 3035 488 3094; x_wconf 93' lang='lat' dir='ltr'>per</span> <span class='ocrx_word' id='word_1_188' title='bbox 511 3011 595 3075; x_wconf 88' lang='lat' dir='ltr'>alios</span> <span class='ocrx_word' id='word_1_189' title='bbox 629 3035 847 3098; x_wconf 77' lang='lat' dir='ltr'>quoscunque</span> <span class='ocrx_word' id='word_1_190' title='bbox 872 3014 958 3077; x_wconf 88' lang='lat' dir='ltr'>male</span> <span class='ocrx_word' id='word_1_191' title='bbox 983 3019 1018 3076; x_wconf 89' lang='lat' dir='ltr'>et</span> <span class='ocrx_word' id='word_1_192' title='bbox 1043 3021 1176 3096; x_wconf 88' lang='lat' dir='ltr'>praeter</span> <span class='ocrx_word' id='word_1_193' title='bbox 1209 3016 1301 3076; x_wconf 90' lang='lat' dir='ltr'>viam</span> <span class='ocrx_word' id='word_1_194' title='bbox 1325 3015 1408 3075; x_wconf 88' lang='lat' dir='ltr'>iuris</span> <span class='ocrx_word' id='word_1_195' title='bbox 1436 3035 1547 3078; x_wconf 87' lang='lat' dir='ltr'>occu-</span> 
     </span>
     <span class='ocr_line' id='line_1_26' title="bbox 239 3119 1549 3202; baseline 0.003 -20"><span class='ocrx_word' id='word_1_196' title='bbox 239 3127 327 3202; x_wconf 67' lang='lat' dir='ltr'>pata,</span> <span class='ocrx_word' id='word_1_197' title='bbox 350 3121 434 3182; x_wconf 89' lang='lat' dir='ltr'>visis</span> <span class='ocrx_word' id='word_1_198' title='bbox 459 3125 493 3182; x_wconf 91' lang='lat' dir='ltr'>et</span> <span class='ocrx_word' id='word_1_199' title='bbox 517 3123 719 3184; x_wconf 82' lang='lat' dir='ltr'>examinatis</span> <span class='ocrx_word' id='word_1_200' title='bbox 745 3121 876 3185; x_wconf 87' lang='lat' dir='ltr'>iuribus</span> <span class='ocrx_word' id='word_1_201' title='bbox 900 3121 1039 3184; x_wconf 89' lang='lat' dir='ltr'>talium:</span> <span class='ocrx_word' id='word_1_202' title='bbox 1069 3124 1283 3184; x_wconf 88' lang='lat' dir='ltr'>remittamus</span> <span class='ocrx_word' id='word_1_203' title='bbox 1307 3125 1342 3182; x_wconf 88' lang='lat' dir='ltr'>et</span> <span class='ocrx_word' id='word_1_204' title='bbox 1364 3119 1549 3186; x_wconf 84' lang='lat' dir='ltr'>faciamus</span> 
     </span>
     <span class='ocr_line' id='line_1_27' title="bbox 238 3227 1185 3312; baseline 0 -22"><span class='ocrx_word' id='word_1_205' title='bbox 238 3231 342 3290; x_wconf 90' lang='lat' dir='ltr'>etiam</span> <span class='ocrx_word' id='word_1_206' title='bbox 367 3249 427 3309; x_wconf 84' lang='lat' dir='ltr'>per</span> <span class='ocrx_word' id='word_1_207' title='bbox 450 3227 534 3290; x_wconf 88' lang='lat' dir='ltr'>alios</span> <span class='ocrx_word' id='word_1_208' title='bbox 558 3231 698 3295; x_wconf 75' lang='lat' dir='ltr'>remini,</span> <span class='ocrx_word' id='word_1_209' title='bbox 723 3229 776 3292; x_wconf 91' lang='lat' dir='ltr'>his</span> <span class='ocrx_word' id='word_1_210' title='bbox 800 3250 944 3312; x_wconf 90' lang='lat' dir='ltr'>quorum</span> <span class='ocrx_word' id='word_1_211' title='bbox 969 3229 1185 3290; x_wconf 83' lang='lat' dir='ltr'>exstiterunt.</span> 
     </span>
    </p>

    <p class='ocr_par' dir='ltr' id='par_1_6' title="bbox 237 3334 1555 4064">
     <span class='ocr_line' id='line_1_28' title="bbox 344 3334 1550 3419; baseline 0.002 -22"><span class='ocrx_word' id='word_1_212' title='bbox 344 3334 374 3397; x_wconf 81' lang='lat'>4.</span> <span class='ocrx_word' id='word_1_213' title='bbox 398 3334 496 3416; x_wconf 65' lang='lat' dir='ltr'>Item,</span> <span class='ocrx_word' id='word_1_214' title='bbox 520 3336 609 3417; x_wconf 91' lang='lat' dir='ltr'>quod</span> <span class='ocrx_word' id='word_1_215' title='bbox 635 3356 793 3398; x_wconf 88' lang='lat' dir='ltr'>coronam</span> <span class='ocrx_word' id='word_1_216' title='bbox 818 3337 925 3419; x_wconf 78' lang='lat' dir='ltr'>regni,</span> <span class='ocrx_word' id='word_1_217' title='bbox 949 3335 991 3396; x_wconf 91' lang='lat' dir='ltr'>de</span> <span class='ocrx_word' id='word_1_218' title='bbox 1015 3334 1171 3398; x_wconf 85' lang='lat' dir='ltr'>manibus</span> <span class='ocrx_word' id='word_1_219' title='bbox 1196 3334 1412 3398; x_wconf 91' lang='lat' dir='ltr'>dominorum</span> <span class='ocrx_word' id='word_1_220' title='bbox 1441 3359 1550 3418; x_wconf 88' lang='lat' dir='ltr'>prae-</span> 
     </span>
     <span class='ocr_line' id='line_1_29' title="bbox 237 3440 1549 3525; baseline 0.002 -21"><span class='ocrx_word' id='word_1_221' title='bbox 237 3440 385 3504; x_wconf 87' lang='lat' dir='ltr'>latorum</span> <span class='ocrx_word' id='word_1_222' title='bbox 419 3448 453 3504; x_wconf 90' lang='lat' dir='ltr'>et</span> <span class='ocrx_word' id='word_1_223' title='bbox 486 3440 652 3505; x_wconf 89' lang='lat' dir='ltr'>baronum</span> <span class='ocrx_word' id='word_1_224' title='bbox 684 3443 779 3505; x_wconf 89' lang='lat' dir='ltr'>nulla</span> <span class='ocrx_word' id='word_1_225' title='bbox 804 3465 845 3505; x_wconf 81' lang='lat' dir='ltr'>ex</span> <span class='ocrx_word' id='word_1_226' title='bbox 870 3463 978 3522; x_wconf 85' lang='lat' dir='ltr'>causa,</span> <span class='ocrx_word' id='word_1_227' title='bbox 1011 3442 1067 3505; x_wconf 91' lang='lat' dir='ltr'>vel</span> <span class='ocrx_word' id='word_1_228' title='bbox 1098 3445 1252 3525; x_wconf 89' lang='lat' dir='ltr'>quaesito</span> <span class='ocrx_word' id='word_1_229' title='bbox 1285 3442 1403 3508; x_wconf 87' lang='lat' dir='ltr'>colore.</span> <span class='ocrx_word' id='word_1_230' title='bbox 1439 3445 1549 3508; x_wconf 90' lang='lat' dir='ltr'>nulla</span> 
     </span>
     <span class='ocr_line' id='line_1_30' title="bbox 238 3548 1551 3636; baseline 0.004 -26"><span class='ocrx_word' id='word_1_231' title='bbox 238 3551 342 3611; x_wconf 89' lang='lat' dir='ltr'>etiam</span> <span class='ocrx_word' id='word_1_232' title='bbox 366 3548 536 3611; x_wconf 88' lang='lat' dir='ltr'>industria</span> <span class='ocrx_word' id='word_1_233' title='bbox 560 3549 617 3610; x_wconf 89' lang='lat' dir='ltr'>vel</span> <span class='ocrx_word' id='word_1_234' title='bbox 640 3556 713 3612; x_wconf 89' lang='lat' dir='ltr'>arte</span> <span class='ocrx_word' id='word_1_235' title='bbox 739 3549 943 3630; x_wconf 70' lang='lat' dir='ltr'>auferamus</span> <span class='ocrx_word' id='word_1_236' title='bbox 967 3548 1025 3611; x_wconf 91' lang='lat' dir='ltr'>sed</span> <span class='ocrx_word' id='word_1_237' title='bbox 1046 3551 1283 3632; x_wconf 89' lang='lat' dir='ltr'>permittamus</span> <span class='ocrx_word' id='word_1_238' title='bbox 1300 3550 1551 3636; x_wconf 63' lang='grc'>1111111111111111·7</span> 
     </span>
     <span class='ocr_line' id='line_1_31' title="bbox 238 3655 1551 3738; baseline 0.005 -22"><span class='ocrx_word' id='word_1_239' title='bbox 238 3655 328 3738; x_wconf 91' lang='lat' dir='ltr'>quod</span> <span class='ocrx_word' id='word_1_240' title='bbox 347 3657 443 3717; x_wconf 84' lang='lat' dir='ltr'>iuxta</span> <span class='ocrx_word' id='word_1_241' title='bbox 467 3663 620 3718; x_wconf 89' lang='lat' dir='ltr'>veterem</span> <span class='ocrx_word' id='word_1_242' title='bbox 646 3655 927 3718; x_wconf 79' lang='lat' dir='ltr'>consuetudinem</span> <span class='ocrx_word' id='word_1_243' title='bbox 943 3678 981 3718; x_wconf 88' lang='lat' dir='ltr'>ac</span> <span class='ocrx_word' id='word_1_244' title='bbox 998 3655 1194 3720; x_wconf 86' lang='lat' dir='ltr'>libertatem</span> <span class='ocrx_word' id='word_1_245' title='bbox 1211 3659 1369 3738; x_wconf 75' lang='lat' dir='ltr'>ipsorum,</span> <span class='ocrx_word' id='word_1_246' title='bbox 1387 3661 1483 3720; x_wconf 82' lang='lat' dir='ltr'>certi</span> <span class='ocrx_word' id='word_1_247' title='bbox 1502 3660 1551 3722; x_wconf 93' lang='lat' dir='ltr'>de</span> 
     </span>
     <span class='ocr_line' id='line_1_32' title="bbox 239 3762 1554 3851; baseline 0.005 -27"><span class='ocrx_word' id='word_1_248' title='bbox 239 3784 356 3826; x_wconf 89' lang='lat' dir='ltr'>eorum</span> <span class='ocrx_word' id='word_1_249' title='bbox 380 3762 491 3826; x_wconf 92' lang='lat' dir='ltr'>medio</span> <span class='ocrx_word' id='word_1_250' title='bbox 517 3785 576 3845; x_wconf 88' lang='lat' dir='ltr'>per</span> <span class='ocrx_word' id='word_1_251' title='bbox 599 3767 689 3846; x_wconf 88' lang='lat' dir='ltr'>ipsos</span> <span class='ocrx_word' id='word_1_252' title='bbox 714 3766 924 3826; x_wconf 88' lang='lat' dir='ltr'>unanimiter</span> <span class='ocrx_word' id='word_1_253' title='bbox 947 3765 989 3826; x_wconf 89' lang='lat' dir='ltr'>ad</span> <span class='ocrx_word' id='word_1_254' title='bbox 1014 3764 1078 3828; x_wconf 87' lang='lat' dir='ltr'>hoo</span> <span class='ocrx_word' id='word_1_255' title='bbox 1101 3764 1252 3849; x_wconf 86' lang='lat' dir='ltr'>eligendi</span> <span class='ocrx_word' id='word_1_256' title='bbox 1275 3770 1309 3827; x_wconf 90' lang='lat' dir='ltr'>et</span> <span class='ocrx_word' id='word_1_257' title='bbox 1333 3763 1554 3851; x_wconf 83' lang='lat' dir='ltr'>deputandi.</span> 
     </span>
     <span class='ocr_line' id='line_1_33' title="bbox 238 3871 1554 3958; baseline 0.005 -25"><span class='ocrx_word' id='word_1_258' title='bbox 238 3871 334 3933; x_wconf 84' lang='lat' dir='ltr'>iliam</span> <span class='ocrx_word' id='word_1_259' title='bbox 351 3877 492 3934; x_wconf 88' lang='lat' dir='ltr'>teneant</span> <span class='ocrx_word' id='word_1_260' title='bbox 508 3877 542 3934; x_wconf 89' lang='lat' dir='ltr'>et</span> <span class='ocrx_word' id='word_1_261' title='bbox 558 3879 768 3935; x_wconf 83' lang='lat' dir='ltr'>conservent.</span> <span class='ocrx_word' id='word_1_262' title='bbox 787 3871 952 3955; x_wconf 79' lang='lat' dir='ltr'>Quodque</span> <span class='ocrx_word' id='word_1_263' title='bbox 969 3879 1119 3936; x_wconf 77' lang='lat' dir='ltr'>castrum</span> <span class='ocrx_word' id='word_1_264' title='bbox 1136 3871 1457 3956; x_wconf 81' lang='lat' dir='ltr'>Wyssegradiense.</span> <span class='ocrx_word' id='word_1_265' title='bbox 1485 3897 1554 3958; x_wconf 88' lang='lat' dir='ltr'>pro</span> 
     </span>
     <span class='ocr_line' id='line_1_34' title="bbox 238 3979 1555 4064; baseline 0.005 -22"><span class='ocrx_word' id='word_1_266' title='bbox 238 3981 494 4044; x_wconf 82' lang='lat' dir='ltr'>conservatione</span> <span class='ocrx_word' id='word_1_267' title='bbox 528 3982 634 4060; x_wconf 88' lang='lat' dir='ltr'>ipsius</span> <span class='ocrx_word' id='word_1_268' title='bbox 668 4000 809 4043; x_wconf 87' lang='lat' dir='ltr'>coronae</span> <span class='ocrx_word' id='word_1_269' title='bbox 843 3979 885 4064; x_wconf 83' lang='lat' dir='ltr'>ab</span> <span class='ocrx_word' id='word_1_270' title='bbox 918 3982 1060 4062; x_wconf 89' lang='lat' dir='ltr'>antiquo</span> <span class='ocrx_word' id='word_1_271' title='bbox 1093 3979 1305 4062; x_wconf 87' lang='lat' dir='ltr'>deputatum,</span> <span class='ocrx_word' id='word_1_272' title='bbox 1338 3979 1379 4041; x_wconf 90' lang='lat' dir='ltr'>ad</span> <span class='ocrx_word' id='word_1_273' title='bbox 1409 4001 1555 4048; x_wconf 87' lang='lat' dir='ltr'>manus</span> 
     </span>
    </p>
   </div>
   <div class='ocr_carea' id='block_1_5' title="bbox 232 4277 1560 4690">
    <p class='ocr_par' dir='ltr' id='par_1_7' title="bbox 239 4277 1560 4440">
     <span class='ocr_line' id='line_1_35' title="bbox 347 4277 1558 4352; baseline 0.007 -20"><span class='ocrx_word' id='word_1_274' title='bbox 347 4289 356 4316; x_wconf 82' lang='lat'><strong>¹</strong></span> <span class='ocrx_word' id='word_1_275' title='bbox 376 4282 402 4332; x_wconf 83' lang='lat' dir='ltr'>A</span> <span class='ocrx_word' id='word_1_276' title='bbox 422 4285 539 4333; x_wconf 90' lang='lat' dir='ltr'>nemzet</span> <span class='ocrx_word' id='word_1_277' title='bbox 552 4279 787 4352; x_wconf 79' lang='lat' dir='ltr'>kiralyvdlasztd</span> <span class='ocrx_word' id='word_1_278' title='bbox 804 4280 936 4350; x_wconf 77' lang='lat' dir='ltr'>jogtnak</span> <span class='ocrx_word' id='word_1_279' title='bbox 956 4279 1125 4334; x_wconf 75' lang='lat' dir='ltr'>elismerese</span> <span class='ocrx_word' id='word_1_280' title='bbox 1145 4279 1271 4348; x_wconf 66' lang='lat' dir='ltr'>mellett²</span> <span class='ocrx_word' id='word_1_281' title='bbox 1291 4296 1307 4332; x_wconf 91' lang='lat' dir='ltr'>e</span> <span class='ocrx_word' id='word_1_282' title='bbox 1317 4277 1369 4348; x_wconf 82' lang='lat' dir='ltr'>jog</span> <span class='ocrx_word' id='word_1_283' title='bbox 1389 4281 1558 4340; x_wconf 78' lang='lat' dir='ltr'>erositese</span> 
     </span>
     <span class='ocr_line' id='line_1_36' title="bbox 239 4367 1560 4440; baseline 0.006 -19"><span class='ocrx_word' id='word_1_284' title='bbox 239 4367 351 4438; x_wconf 58' lang='lat' dir='ltr'>vegeta</span> <span class='ocrx_word' id='word_1_285' title='bbox 371 4370 471 4422; x_wconf 86' lang='lat' dir='ltr'>annak</span> <span class='ocrx_word' id='word_1_286' title='bbox 493 4369 678 4438; x_wconf 76' lang='lat' dir='ltr'>kijelentese,</span> <span class='ocrx_word' id='word_1_287' title='bbox 707 4370 789 4440; x_wconf 79' lang='lat' dir='ltr'>hogy</span> <span class='ocrx_word' id='word_1_288' title='bbox 809 4387 842 4422; x_wconf 88' lang='lat' dir='ltr'>az</span> <span class='ocrx_word' id='word_1_289' title='bbox 861 4374 892 4423; x_wconf 81' lang='lat' dir='ltr'>ds</span> <span class='ocrx_word' id='word_1_290' title='bbox 911 4369 1025 4422; x_wconf 80' lang='lat' dir='ltr'>iddktdi</span> <span class='ocrx_word' id='word_1_291' title='bbox 1044 4369 1135 4438; x_wconf 84' lang='lat' dir='ltr'>fogva</span> <span class='ocrx_word' id='word_1_292' title='bbox 1154 4368 1322 4439; x_wconf 87' lang='lat' dir='ltr'>megillette</span> <span class='ocrx_word' id='word_1_293' title='bbox 1342 4385 1359 4420; x_wconf 88' lang='lat' dir='ltr'>a</span> <span class='ocrx_word' id='word_1_294' title='bbox 1378 4370 1560 4429; x_wconf 84' lang='lat' dir='ltr'>rendeket-.</span> 
     </span>
    </p>

    <p class='ocr_par' dir='ltr' id='par_1_8' title="bbox 232 4455 1560 4618">
     <span class='ocr_line' id='line_1_37' title="bbox 347 4455 1560 4529; baseline 0.01 -20"><span class='ocrx_word' id='word_1_295' title='bbox 347 4457 588 4529; x_wconf 58' lang='grc' dir='ltr'>Β111111111111111111,</span> <span class='ocrx_word' id='word_1_296' title='bbox 618 4459 728 4512; x_wconf 77' lang='lat' dir='ltr'>Corvin</span> <span class='ocrx_word' id='word_1_297' title='bbox 757 4459 888 4512; x_wconf 78' lang='lat' dir='ltr'>Jtnoson</span> <span class='ocrx_word' id='word_1_298' title='bbox 920 4459 1004 4513; x_wconf 80' lang='lat' dir='ltr'>kivul</span> <span class='ocrx_word' id='word_1_299' title='bbox 1024 4459 1122 4512; x_wconf 84' lang='lat' dir='ltr'>Miksa</span> <span class='ocrx_word' id='word_1_300' title='bbox 1142 4457 1235 4512; x_wconf 79' lang='lat' dir='ltr'>nimai</span> <span class='ocrx_word' id='word_1_301' title='bbox 1253 4457 1354 4528; x_wconf 67' lang='lat' dir='ltr'>kirtly</span> <span class='ocrx_word' id='word_1_302' title='bbox 1373 4455 1403 4510; x_wconf 76' lang='lat' dir='ltr'>es</span> <span class='ocrx_word' id='word_1_303' title='bbox 1427 4461 1560 4520; x_wconf 83' lang='lat' dir='ltr'>Albert</span> 
     </span>
     <span class='ocr_line' id='line_1_38' title="bbox 232 4546 511 4618; baseline 0.004 -18"><span class='ocrx_word' id='word_1_304' title='bbox 232 4546 359 4618; x_wconf 70' lang='lat' dir='ltr'>iengyel</span> <span class='ocrx_word' id='word_1_305' title='bbox 379 4547 511 4617; x_wconf 85' lang='lat' dir='ltr'>hereaeg.</span> 
     </span>
    </p>

    <p class='ocr_par' dir='ltr' id='par_1_9' title="bbox 347 4637 508 4690">
     <span class='ocr_line' id='line_1_39' title="bbox 347 4637 508 4690; baseline 0 -1"><span class='ocrx_word' id='word_1_306' title='bbox 347 4637 508 4690; x_wconf 68' lang='lat' dir='ltr'>‘Beatrim</span> 
     </span>
    </p>
   </div>
   <div class='ocr_carea' id='block_1_6' title="bbox 0 0 1585 5212">
    <p class='ocr_par' dir='ltr' id='par_1_10' title="bbox 0 0 1585 5212">
     <span class='ocr_line' id='line_1_40' title="bbox 0 0 1585 5212; baseline 0 0"><span class='ocrx_word' id='word_1_307' title='bbox 0 0 1585 5212; x_wconf 95' lang='lat' dir='ltr'> </span> 
     </span>
    </p>
   </div>
  </div>
 </body>
</html>
