3182 5210
1325 333 1391 398 2οὗ

204 528 247 592 In
265 531 407 592 nomine
425 529 556 598 domini
571 527 692 594 Amen.
708 527 810 595 Anno
826 529 979 594 eiusdem
995 533 1192 594 nativitatis
1209 530 1390 596 millesimo

94 619 336 701 trecentesimo
367 658 467 718 nono,
499 637 555 702 die
588 638 842 722 decimaquinta
873 637 976 720 Iunii,
1009 636 1236 704 Pontificatus
1260 639 1391 704 domini

94 745 285 810 Clementis
317 745 431 827 Papae
464 744 504 808 V.
537 766 626 808 anno
658 751 790 828 quarto,
819 747 856 808 in
879 745 1004 809 Maiori
1027 744 1180 808 Ecclesia
1205 745 1236 810 S.
1260 746 1390 810 Mariae

95 853 137 916 de
157 859 269 916 castro
292 851 455 932 Budeusi,
479 851 758 936 Wesprimiensis
782 853 954 934 dioecesis,
978 853 1166 918 reverendo
1190 855 1227 916 in
1251 852 1390 918 Christo

96 941 193 1042 patre
217 966 252 1023 et
276 960 424 1040 domino,
448 960 586 1024 (101111110
611 959 718 1024 fratre
742 959 884 1040 Gentili,
908 959 1005 1024 tituli
1029 959 1061 1024 S.
1084 960 1229 1025 Martini
1245 964 1282 1024 111
1297 983 1391 1027 111011-

96 1067 198 1150 tibus,
226 1066 423 1131 Presbitero
454 1067 628 1149 cardinali,
652 1065 857 1150 apostolicae
881 1067 970 1131 sedis
1003 1066 1126 1152 legate,
1151 1070 1248 1132 iuxta
1270 1072 1391 1132 'maius

95 1173 204 1238 altare
239 1177 347 1258 ipsius
378 1174 539 1240 ecclesiae
572 1175 604 1240 S.
637 1175 767 1240 Mariae
801 1175 949 1256 sedente,
983 1198 1021 1240 ac
1060 1174 1315 1242 venerabilibus
1355 1180 1391 1240 111

94 1281 236 1346 Christo
261 1282 416 1364 patribus
440 1284 596 1366 dominis,
620 1283 766 1348 Themal
799 1283 1029 1368 strigoniensi
1057 1282 1324 1368 Archiepiscopo
1348 1285 1391 1348 ad

95 1392 327 1452 coronationis
359 1388 535 1473 magnifici
569 1392 733 1472 principis
750 1391 897 1454 domini
929 1388 1054 1470 Caroli,
1088 1389 1262 1474 ngariae
1301 1393 1391 1474 regis

95 1495 251 1578 illustris,
281 1503 316 1558 et
347 1496 531 1560 Missarum
563 1496 727 1561 solemnia
766 1496 968 1560 celebranda
1006 1503 1086 1560 11110
1125 1499 1238 1578 ipsum
1275 1495 1392 1576 altare,

94 1609 212 1665 stante
252 1611 380 1684 parato,
419 1613 453 1665 et
493 1603 675 1670 Vincentio
717 1604 895 1670 Colocensi
936 1602 1196 1686 archiepiscopo,
1235 1603 1392 1667 Emerico

96 1709 302 1774 Varadiensi
321 1719 356 1773 et
380 1709 508 1774 Ioanne
531 1711 702 1776 Nitriensi
724 1713 874 1794 episcopi
897 1711 1009 1774 eidem
1026 1710 1255 1794 Strigoniensi
1269 1708 1392 1774 Archi-

93 1819 255 1898 episcopo
278 1816 526 1900 assistentibus,
550 1817 749 1899 Praeposito
773 1819 981 1900 Posoniensi,
1006 1817 1193 1900 Seraphino
1218 1819 1255 1880 in
1271 1815 1392 1881 Diaco-

93 1933 199 1987 natus
224 1933 257 1987 et
282 1923 450 1988 Michaele
474 1925 645 1990 Canonioo
670 1925 898 2010 Strigoniensi
924 1929 959 1988 in
983 1925 1249 1989 subdiaconatus
1265 1926 1392 1989 ordini·

95 2032 171 2113 bus,
214 2031 368 2114 praefato
408 2033 636 2118 Strigoniensi
674 2033 941 2118 Archiepiscopo
980 2030 1312 2112 administrantibus,
1353 2056 1392 2095 ac

93 2141 228 2205 Ioanne
250 2144 450 2224 praeposite,
466 2141 593 2204 Ioanne
613 2149 759 2222 cantore,
776 2142 897 2206 0011110
914 2141 1063 2222 custode,
1080 2140 1192 2221 Petro,
1209 2139 1391 2221 Stephane,

96 2247 221 2326 PauIO,
253 2247 387 2330 Iacobo,
419 2248 545 2312 Ioanne
579 2258 613 2312 et
647 2249 787 2314 Nicolao
821 2250 1003 2314 Canoniois
1036 2247 1196 2312 eeclesiae
1231 2246 1393 2312 Albensis

96 2356 213 2419 dietae
260 2355 537 2440 Wesprimiensis
571 2356 734 2421 dioecesis
758 2356 886 2440 regalia
911 2363 1117 2439 paramenta,
1141 2361 1180 2418 ut
1204 2357 1309 2418 moris
1332 2363 1392 2435 est,

95 2486 201 2546 supra
225 2462 348 2526 Altare
373 2466 485 2546 ipsum
509 2464 800 2547 praeparantibus,
823 2487 885 2528 nec
909 2485 977 2527 non
1000 2462 1196 2547 Magnificis
1220 2471 1254 2526 et
1287 2461 1393 2526 Nobi-

96 2569 189 2647 libus
213 2573 309 2652 viris,
333 2569 506 2655 Ungariae
531 2575 628 2656 regni
662 2570 855 2653 baronibus,
888 2569 1052 2634 videlicet
1084 2569 1262 2634 Homodeo
1296 2567 1393 2632 Pala-

95 2681 172 2741 tino
198 2699 259 2760 pro
283 2700 317 2740 se
341 2685 376 2741 et
399 2676 480 2742 ffliis
513 2682 592 2760 suis,
625 2685 661 2742 et
694 2677 860 2742 fratribus
898 2680 977 2759 suia,
1009 2675 1192 2742 Dominico
1226 2677 1392 2760 magistro

95 2786 180 2850 filiis
213 2785 358 2867 Nicolai,
393 2793 427 2848 et
460 2785 602 2850 Nicolao
637 2787 678 2850 de
712 2783 860 2849 (deraldo
895 2807 954 2866 pro
988 2807 1022 2848 se
1055 2791 1091 2848 et
1124 2783 1291 2846 fratribus
1323 2786 1393 2846 suis

97 2894 219 2958 Kokos
248 2902 283 2957 et
307 2893 448 2976 Losch0,
473 2893 648 2958 Demetrio
673 2896 838 2977 magistro
862 2892 933 2955 filio
958 2891 1092 2956 Nicolai
1116 2899 1150 2954 et
1174 2889 1335 2972 Philippo
1352 2891 1393 2953 (le

98 3002 129 3066 S.
153 3001 306 3066 Geroldo
331 3024 391 3084 pro
415 3025 449 3066 ss
473 3011 508 3066 et
532 3001 698 3066 fratribus
722 3004 792 3064 suis
820 2999 939 3065 Kokos
972 3007 1021 3062 et‘
1040 2999 1184 3081 Lozch0,
1218 2999 1393 3062 Demetrio

97 3113 266 3194 magistro
282 3108 354 3174 filio
370 3109 504 3174 Nicolai
527 3115 562 3172 et
585 3108 747 3192 Philippo
763 3109 805 3171 (10
822 3106 1019 3172 aceretae
1039 3129 1098 3188 pro
1115 3129 1149 3169 se
1166 3114 1201 3168 et
1217 3103 1394 3168 Matthaeo

98 3217 259 3281 Palatino
279 3218 321 3280 (10
344 3216 473 3298 Chaak,
496 3215 671 3300 Stephano
693 3214 765 3279 filio
789 3215 914 3300 Bagim
938 3215 980 3278 de
1004 3215 1144 3297 Posega,
1166 3212 1331 3276 Alladaro
1352 3214 1392 3276 de
1515 3285 1517 3292 s

100 3325 216 3406 Forro,
248 3324 353 3388 Petro
386 3331 421 3385 et
454 3322 569 3386 Marco
602 3321 683 3386 filiis
716 3321 883 3406 Stephani
916 3321 957 3384 de
981 3342 1104 3405 genere
1129 3319 1257 3399 Cbaak,
1281 3320 1390 3384 Bacca

104 3435 267 3516 magistro
292 3451 352 3514 pro
376 3452 410 3492 se
434 3437 469 3492 et
494 3451 552 3512 pro
576 3428 744 3494 fratribus
768 3432 847 3510 suis,
871 3431 1035 3512 magistro
1053 3428 1219 3510 Dionysio
1236 3426 1394 3510 Aynardi

104 3549 136 3602 et
158 3541 326 3622 magistro
350 3536 539 3600 Benedicta
568 3557 628 3619 pro
653 3559 687 3599 se
721 3543 756 3599 et
790 3557 848 3618 pro
873 3538 1038 3619 magistro
1062 3535 1204 3618 Ugrino,
1229 3538 1394 3618 magistro

106 3649 355 3710 tavemicorum
380 3645 510 3709 domini
534 3647 624 3728 regis
648 3643 821 3728 Ungariae
852 3644 1027 3726 praedicti,
1052 3643 1212 3707 Ladislao
1236 3644 1395 3706 Vernerii

109 3756 226 3818 comite
249 3752 411 3835 Budeusi,
435 3775 473 3816 10
496 3751 688 3816 venerabili
710 3755 748 3816 in
771 3751 909 3816 Christo
930 3761 1025 3834 patre
1043 3750 1149 3816 fratre
1167 3751 1269 3814 Petro
1286 3751 1395 3815 110111-

110 3863 257 3943 episcopo
282 3859 475 3942 Spalatensi
500 3881 559 3943 pro
582 3859 690 3923 Paulo
715 3859 802 3923 bauo
828 3860 1031 3924 Oroatorum
1047 3866 1082 3922 et
1099 3859 1230 3923 Bosnae
1247 3858 1394 3922 domino.

113 3967 244 4032 Nicolao
264 3967 435 4050 postulato
459 3967 501 4031 ad
526 3967 704 4030 ecclesiam
726 3966 961 4031 Iaurinensem
986 3989 1045 4048 pro
1062 3969 1227 4050 magistro
1244 3965 1394 4028 Haurit-o

116 4073 194 4138 bano
217 4074 415 4139 Solavoniae
439 4084 474 4138 et
498 4097 558 4158 pro
583 4077 748 4158 magistro
772 4072 914 4137 Nicolao
943 4073 1096 4136 eiusdem
1121 4075 1278 4157 magistri
1302 4071 1395 4134 Heu-

124 4183 172 4244 rici
200 4191 330 4265 nepote,
363 4189 398 4246 01
430 4182 534 4246 Petro
567 4181 819 4246 Archidiacono
849 4181 890 4243 de
914 4181 1061 4244 Chasma
1085 4183 1121 4243 in
1145 4179 1286 4243 ecclesia
1309 4179 1395 4262 Zag-

132 4286 253 4354 abiensi
276 4312 337 4374 pro
360 4289 534 4373 Stephano
557 4289 678 4354 Ivanio
703 4296 738 4351 et
761 4287 924 4352 Radislao
947 4286 1029 4351 filiis
1053 4287 1232 4369 Bobenics,
1261 4289 1394 4370 magnis

136 4396 287 4460 amitibus
310 4397 511 4462 Sclavoniae
535 4401 615 4460 ante
639 4395 747 4458 altare
773 4395 985 4477 praedictum
1001 4392 1227 4457 adstantibus.
1244 4391 1286 4455 In
1303 4414 1396 4474 prae-

218 4632 226 4660 ¹
244 4623 349 4678 Tamis
359 4625 535 4694 esatergomi
546 4622 631 4677 (110011
643 4623 791 4677 1305-21,
812 4620 956 4674 Lodomer
974 4593 1179 4674 unokabcscse.
