3160 5212
1296 338 1361 401 353

71 543 172 607 taxat,
188 558 274 620 quae
291 559 310 600 a
327 534 514 600 maioribus
530 535 615 598 meis
630 537 755 618 accepi,
771 556 925 619 quaeque
944 533 1127 616 observari,
1152 536 1189 599 in
1213 543 1361 618 pertrac-

12 723 13 730 ,
70 643 181 707 tendis
205 643 342 708 iudiciis
366 643 544 726 causisque
560 641 786 705 discutiendis
809 641 893 723 vidi,
909 641 1038 724 audivi,
1054 641 1170 724 didici,
1193 644 1231 705 in
1254 664 1361 706 unum

12 833 13 838 η
69 753 163 834 quasi
191 751 352 815 volumen
384 749 516 814 contuli
550 771 589 812 ao
613 749 749 834 digessi,
789 748 930 814 consilio
960 755 1076 814 tamen
1108 773 1186 814 cum
1218 753 1361 814 caeteris

69 862 150 924 meis
173 860 314 945 collegis
336 866 373 923 et
397 860 501 943 patrii
529 859 614 922 iuris
638 881 677 921 ac
701 858 988 922 consuetudinum
1021 879 1089 922 non
1113 859 1243 942 ignaris
1267 859 1360 941 prius

12 1011 14 1030 1
69 969 325 1032 communicato.

174 1075 297 1139 Valeat
320 1074 361 1138 V.
384 1073 430 1137 M.
453 1095 513 1136 rex
538 1073 823 1136 excellentissime
848 1073 908 1136 diu
932 1073 1147 1157 multumque
1172 1073 1265 1138 felix.

575 1322 847 1414 Approbatio.

174 1502 385 1568 Wladislaus
427 1503 492 1568 Dei
524 1505 637 1589 gratia
679 1504 888 1588 Hungariae,
927 1503 1121 1585 Bohemiae,
1156 1503 1361 1586 Dalmatiae,

65 1609 233 1692 Oroatiae,
256 1610 395 1692 Ramae,
419 1612 566 1690 Serviae,
590 1611 763 1693 Gallitiae,
796 1611 1028 1693 Lodomeriae,
1052 1611 1245 1693 (lomaniae,
1278 1611 1360 1676 Bul·

64 1719 246 1801 gariaeque
257 1739 316 1780 rex
333 1740 373 1781 ac
390 1717 529 1782 Silesiae
545 1725 581 1780 et
591 1718 902 1803 Lucemburgensis
918 1719 1006 1800 dux;
1023 1740 1084 1782 neo
1101 1739 1169 1781 non
1185 1719 1360 1782 Moraviae

11 1821 12 1832 ²
65 1835 96 1886 et
120 1825 285 1888 Lusatiae
310 1824 465 1889 Marohio
481 1824 524 1888 ad
549 1831 748 1908 perpetuam
765 1827 814 1888 rei
838 1827 1054 1888 memoriam:
1078 1824 1166 1888 Cum
1183 1847 1360 1908 supremus

11 1957 12 1960 ¹
65 1933 219 1995 omnium
257 1954 371 1996 rerum
409 1929 524 2014 opifex
558 1930 602 1994 ab
641 1933 715 2014 ipso
750 1931 937 2014 primordio
979 1930 1146 1994 naturalis
1186 1938 1360 1996 creaturae

11 2053 13 2134 ζ
65 2039 223 2103 conditae
247 2061 287 2103 ac
311 2045 516 2122 procreatae,
541 2060 617 2102 eam
639 2040 675 2102 in
698 2061 823 2123 genere
846 2038 996 2102 humano
1020 2040 1233 2121 varietatem,
1257 2046 1360 2124 atque

11 2137 12 2208 ,
65 2145 96 2208 id
121 2145 310 2208 discrimen
333 2167 405 2208 esse
428 2144 587 2228 voluerit,
611 2153 651 2208 ut
676 2167 752 2228 pars
783 2144 961 2208 hominum
986 2144 1131 2227 subesse,
1156 2167 1233 2228 pars
1267 2169 1361 2229 prae·

11 2231 12 2298 s
65 2274 153 2316 esse:
186 2251 247 2315 alii
270 2254 446 2335 imperare,
479 2252 539 2316 alii
568 2274 684 2336 parere
709 2252 882 2316 deberent.
906 2251 1004 2317 Alios
1027 2252 1167 2336 quidem
1190 2253 1304 2338 Reges
1325 2263 1361 2320 et

65 2360 242 2444 Principes
266 2361 326 2444 qui
350 2361 492 2422 caeteris
517 2381 624 2444 aequo
648 2362 721 2423 iure
746 2361 961 2442 imperarent.
990 2359 1088 2424 Alios
1112 2361 1278 2444 subditos,
1301 2366 1360 2447 qui

65 2468 202 2532 illorum
227 2468 317 2530 iussa
341 2474 376 2530 et
398 2468 541 2548 imperia
561 2473 785 2549 capescerent,
810 2489 881 2530 esse
915 2469 1048 2547 statuit,
1072 2477 1175 2552 atque
1203 2470 1239 2531 in
1273 2469 1360 2533 hanc

65 2576 237 2660 duplicem
265 2575 419 2638 ordinem
449 2580 561 2637 totum
584 2595 692 2656 genus
716 2574 904 2638 humanum
937 2577 1186 2656 sapientissime
1210 2584 1262 2640 est
1287 2599 1360 2660 par-

10 2703 11 2708 *
66 2685 158 2746 titus.
191 2681 306 2766 Reges
339 2701 439 2764 porro
472 2682 563 2763 ipsos
596 2680 728 2745 duabus
762 2682 977 2762 potissimum
1016 2681 1148 2746 artibus
1181 2685 1360 2748 instructis

65 2800 166 2876 atque
206 2791 336 2853 ornatis
361 2811 432 2852 esse
455 2787 577 2870 voluit,
601 2787 735 2872 legibus
759 2796 794 2852 et
818 2791 931 2871 armis,
956 2795 995 2852 ut
1019 2792 1122 2854 armis
1146 2791 1285 2874 quidem
1302 2791 1360 2855 ho-

66 2910 131 2962 stes
158 2897 348 2980 propulsati
381 2894 498 2978 procul
531 2916 550 2956 a
583 2893 710 2958 finibus
743 2903 949 2974 arcerentur,
974 2896 1066 2980 leges
1099 2904 1215 2960 autem
1248 2901 1360 2982 regni-

65 3005 163 3086 colas,
203 3007 361 3088 civesque
404 3003 497 3066 domi
539 3003 575 3065 in
614 3000 728 3065 officio
768 3005 992 3084 continerent,
1026 3011 1060 3066 et
1094 3025 1243 3066 summos
1282 3027 1360 3068 cum

66 3111 191 3176 infimis
215 3133 255 3176 ac
278 3107 524 3175 mediocribus:
548 3107 727 3191 opulentos
751 3129 789 3170 ac
807 3110 1016 3190 potentiores
1041 3131 1118 3172 cum
1142 3111 1359 3194 egenioribus

66 3216 377 3301 infirmioribusque
401 3237 508 3301 aequo
532 3217 606 3279 iure
629 3217 747 3280 vivere
771 3225 941 3299 cogerent.
967 3256 1007 3262 -

172 3325 301 3390 Verum
325 3326 405 3408 quia
428 3348 470 3388 ex
494 3321 692 3407 hujusmodi
716 3327 1002 3389 constitutionum
1023 3349 1042 3390 a
1066 3327 1164 3391 nobis
1188 3327 1359 3392 editarum

66 3440 97 3494 et
120 3431 262 3494 illarum
279 3433 378 3515 regni
397 3433 524 3494 iunium
548 3431 684 3494 diversa
708 3431 991 3512 interpretatione
1015 3455 1139 3517 magna
1160 3434 1359 3520 plerumque

66 3537 264 3602 oriebantur
286 3538 510 3621 incommoda,
532 3537 609 3600 aliis
633 3537 701 3602 alio
726 3545 827 3620 prout
851 3541 972 3622 cuique
1007 3539 1146 3604 libitum
1170 3549 1252 3624 erat,
1285 3565 1359 3606 sen,-

66 3670 138 3712 sum
172 3657 206 3711 et
240 3649 561 3730 interpretationem
594 3669 710 3710 aarum
744 3646 971 3711 trahentibus
1004 3648 1050 3711 Et
1084 3647 1290 3732 quibusdam
1322 3651 1359 3712 in

66 3754 257 3837 iudicand0,
295 3755 351 3820 vel
392 3755 520 3818 iudicio
553 3754 757 3836 postulando
795 3755 910 3838 Regni
950 3756 1240 3838 consuetudinem,
1282 3756 1359 3820 aliis

11 3931 12 3936 η
67 3862 351 3925 constitutionum
382 3860 564 3926 formulam
588 3861 818 3944 sequentibus
842 3869 945 3945 atque
973 3863 1213 3946 allegantibus,
1237 3866 1287 3927 ita
1319 3871 1358 3928 111

67 3988 131 4032 non
171 3969 264 4031 inter
301 3989 358 4032 eos
382 3967 500 4048 solum,
539 3989 683 4052 quorum
708 3990 809 4031 causa
848 3977 1016 4052 ageretur,
1041 3969 1099 4032 sed
1138 3972 1230 4033 inter
1267 3973 1358 4053 ipsos

68 4075 194 4138 iudices
227 4097 266 4138 ac
299 4077 426 4139 iurium
459 4075 574 4159 Regni
607 4076 876 4139 consultissimos
901 4083 935 4140 et
969 4078 1201 4160 peritissimos,
1234 4099 1358 4162 magna

69 4181 239 4245 interdum
264 4201 365 4263 super
386 4182 583 4246 huiusmodi
616 4183 740 4266 legum,
774 4185 1060 4248 consuetudinum
1084 4191 1118 4247 et
1143 4187 1358 4249 constitutio-

70 4307 146 4350 num
178 4289 472 4372 interpretatione,
506 4291 680 4353 contentio
719 4292 875 4372 oriretur,
914 4297 954 4354 ut
987 4290 1190 4374 quandoque
1229 4291 1266 4355 hi
1298 4295 1358 4376 qui

10 4399 11 4404 ’
72 4393 141 4475 plus
164 4395 307 4478 viribus,
332 4398 494 4480 potentia,
518 4419 620 4481 quam
641 4398 775 4482 legibus
800 4406 834 4462 et
858 4400 992 4462 iustitia
1026 4397 1180 4480 fiderent,
1204 4397 1358 4463 tribunal

70 4501 218 4566 iudicum
249 4523 374 4588 magno
407 4503 611 4567 asseclarum
651 4507 786 4590 agmine
820 4507 981 4590 aggressi,
1020 4505 1109 4589 quod
1151 4509 1282 4570 ratione
1323 4513 1359 4572 et

71 4603 199 4692 legibus
222 4611 413 4696 nequirent,
447 4611 592 4674 clamore
616 4621 651 4675 et
676 4612 899 4677 multitudine
924 4613 1079 4677 obtinere
1104 4615 1359 4698 contenderent,

120 4747 249 4793 sarculi:
264 4747 285 4792 A
298 4759 399 4802 magyar
414 4749 525 4794 torreret
539 4749 628 4793 kutfoi.
1214 4739 1250 4792 23
