3192 5214
1255 328 1257 334 ’
1321 353 1385 420 rae

93 558 168 624 tart
205 551 297 624 fenn
334 550 538 646 maganak.
574 549 667 648 Meg
705 576 748 624 az
786 551 946 647 egyhazi
983 577 1136 648 vagyon
1173 553 1262 626 feldl
1297 551 1385 626 vald

92 676 331 750 rendellrezds
364 675 477 773 jogat
514 699 592 750 sem
629 677 718 772 adja
755 677 797 750 lri
834 677 992 751 kezebdl
1028 677 1195 772 teljeeen,
1238 677 1385 752 feltetel

10 806 16 942 p‘
91 791 230 876 ndlkiil.
258 801 467 878 Nevezetes
495 803 663 876 tordbba
682 827 705 874 a
724 801 925 877 reformalc
946 804 1172 898 eeztergomi
1193 797 1272 878 e's'a
1292 805 1385 877 ceak

10 975 12 1040 3
91 927 225 1000 ezutdn
250 925 531 1002 reformalandd
559 929 730 1002 kalocsai
758 927 883 1002 erseki
910 927 1089 1024 megyek'
1103 929 1195 1002 kdzt
1222 929 1306 1003 mar
1333 929 1385 1002 itt

10 1089 18 1106 ν
92 1053 333 1129 szembetiind
361 1053 588 1151 kiilbmbee'g
618 1055 656 1130 es
684 1053 894 1151 versenge's.
1346 1043 1347 1046 ¹

10 1171 11 1176 ’
193 1179 342 1252 Kiadta
378 1181 594 1272 Endlichen
631 1181 799 1256 Menum.
836 1181 1071 1276 Arpadiana,
1111 1180 1383 1256 asa-3841.

186 1354 391 1439 'Stephanus
414 1356 470 1421 dei
493 1359 607 1442 gratia
628 1380 687 1424 rex
712 1357 875 1446 Ungarie,
893 1355 1070 1422 Dalmecie
1095 1357 1236 1440 Oroacie
1260 1356 1384 1422 Rame-

10 1455 11 1458 '
88 1483 160 1546 que,
189 1463 315 1546 Lucae,
348 1464 468 1529 eadem
499 1467 614 1550 gratia
647 1465 885 1552 strigoniensi,
918 1464 1040 1530 Cosme
1073 1463 1252 1530 Colocensi
1274 1463 1384 1528 archi-

10 1615 13 1658 Γ
89 1571 256 1654 episcopis
280 1577 384 1656 atque
408 1570 567 1636 omnibus
594 1594 711 1638 eorum
744 1571 980 1658 suffraganeis,
1013 1573 1216 1656 praepositis
1248 1592 1383 1658 quoque

87 1677 270 1764 regalibus,
296 1701 360 1744 nec
392 1701 461 1744 non
492 1679 652 1745 omnibus
684 1680 928 1746 universaliter
959 1680 1198 1745 ecclesiasticis
1231 1681 1383 1763 personis

10 1771 14 1793 ⁵
87 1787 119 1848 in
162 1785 381 1869 presentibus
420 1785 770 1872 archiepiscopatibus
808 1789 1016 1872 constitutis,
1055 1795 1128 1854 tam
1168 1785 1383 1872 presentibus
1419 1795 1421 1803 '

85 1913 189 1976 quam
212 1891 356 1958 faturia.
1290 1971 1292 1978 s

10 2067 12 2096 ξ
193 1999 338 2066 Justum
361 2023 401 2066 ac
424 2004 550 2067 rationi
574 2011 849 2087 consentaneum,
873 2005 946 2067 esse
973 2003 1166 2067 dinoscitur
1188 2023 1228 2068 ac
1251 2007 1383 2066 sancta-

10 2109 11 2158 i
83 2127 158 2170 rum
183 2110 434 2191 scripturarum
457 2111 665 2178 testimoniis
689 2109 939 2194 comprobatur,
959 2117 1002 2174 ut
1035 2112 1096 2196 qui
1119 2103 1213 2195 regie
1245 2109 1382 2174 celsitu-

10 2249 12 2294 1
83 2212 174 2277 dinis
190 2215 329 2280 culmen
352 2215 396 2280 ab
414 2224 532 2282 eterno
549 2239 629 2304 rege
648 2224 825 2282 merentur
840 2220 1002 2300 accipere,
1018 2219 1061 2282 iis
1079 2239 1145 2302 que
1161 2217 1204 2282 ad
1221 2216 1382 2280 ecclesiae

10 2355 12 2410 3
82 2329 114 2383 et
138 2319 410 2387 christianitatis
433 2331 622 2388 noscuntur
645 2324 683 2388 in
706 2324 821 2409 aliquo
855 2327 1034 2408 pertinere,
1067 2330 1166 2389 tanto
1198 2329 1382 2390 teneantur

10 2451 12 2494 r
84 2429 229 2509 provida
263 2429 496 2494 sollicitudine
537 2437 573 2494 et
611 2431 745 2494 cautela
778 2433 966 2520 intendere,
998 2438 1128 2518 quanto
1162 2453 1222 2514 pro
1254 2432 1381 2496 honore

10 2515 12 2570 3
81 2555 98 2596 a
122 2535 249 2600 divina
273 2536 496 2620 dispositione
522 2538 646 2603 collato
671 2539 798 2604 debent
817 2561 877 2604 suc
902 2540 1048 2604 creatori
1071 2537 1264 2604 uberiorem
1280 2540 1382 2604 devo·

10 2667 12 2688 ·
81 2644 213 2706 tionem
240 2664 320 2725 prae
344 2645 467 2708 ceteris
491 2644 661 2710 exhibere.
689 2645 741 2711 Ea
766 2653 905 2730 propter
928 2649 1065 2730 proprie
1089 2649 1221 2711 ratione
1245 2647 1381 2711 inducti

81 2759 113 2812 et
142 2749 385 2816 saluberrimis
416 2752 714 2820 exhortationibus
738 2754 783 2818 M.
808 2753 1015 2818 venerabilis
1044 2762 1181 2819 sanctae
1200 2753 1381 2822 Romanae

10 2869 12 2948 ᾗ
81 2857 248 2922 ecclesiae
272 2859 457 2924 cardinalis
474 2863 673 2946 propensius
689 2863 927 2947 attenciusque
944 2865 1142 2927 commoniti
1159 2863 1381 2928 devocionem

80 2985 218 3051 (lneque
244 2967 460 3031 venerandae
493 2954 676 3032 memoriae
708 2971 799 3054 regis
831 2968 955 3055 Geysa⁷
989 2971 1096 3052 patris
1128 2971 1246 3052 nostri,
1277 2991 1381 3055 quam

80 3074 170 3137 circa
211 3081 466 3139 sacrosanctam
497 3075 690 3144 Romanam
738 3075 916 3142 ecclesiam
955 3083 990 3140 et
1029 3083 1187 3140 sanctum
1222 3083 1381 3142 ‘nostrum

78 3181 262 3245 dominum
301 3181 540 3248 Alexandrum
582 3183 779 3266 pontificem
812 3185 946 3253 studuit
981 3207 1041 3268 per
1072 3187 1186 3249 omnia
1218 3184 1380 3273 exhibere

77 3289 192 3352 modis
217 3290 388 3374 omnibus,
411 3290 537 3376 quibus
562 3312 739 3374 possumus
762 3293 899 3378 imitare
923 3291 1096 3357 volentes:

10 3469 11 3472 Ἴ
189 3396 487 3464 Constitutionem
510 3419 612 3482 super
635 3399 847 3482 depositione
880 3405 916 3463 et
940 3401 1230 3464 transmutatione
1253 3401 1380 3482 episco-

10 3473 14 3600 l
77 3525 212 3586 porum,
247 3506 339 3588 quod
371 3506 411 3570 in
441 3507 511 3570 suis
545 3507 689 3588 posteris
722 3507 861 3571 domino
888 3505 1086 3570 Alexandro
1111 3527 1217 3590 papae
1241 3512 1276 3570 et
1309 3508 1379 3572 suis

10 3613 11 3616 ’
77 3609 336 3676 successoribus
361 3613 516 3677 noscitur
548 3615 769 3678 concessisse:
801 3612 974 3697 videlicet,
998 3613 1089 3700 quod
1113 3611 1241 3698 absque
1265 3619 1379 3676 aucto-

10 3715 16 3772 .'
76 3721 186 3784 rita-te
210 3725 249 3783 et
273 3719 415 3784 consilio
444 3722 517 3784 eius
541 3727 577 3784 et
602 3742 833 3786 successorum
865 3743 1004 3786 suorum
1037 3721 1287 3805 deposicionem
1320 3743 1380 3785 seu

74 3827 346 3892 translationem
384 3829 620 3911 episcoporum
667 3851 736 3893 non
777 3828 907 3893 faceret
945 3827 1000 3892 vel
1040 3828 1115 3892 fieri
1154 3830 1379 3916 permitteret,

10 3907 12 3932 '
74 3933 333 4024 confirmamus,
357 3941 489 3999 ettam
513 3937 549 4002 in
572 3935 672 4000 nobis
696 3957 800 4021 quam
832 3937 869 3999 in
903 3937 1047 4018 posteris
1081 3942 1245 4019 perpetuo
1269 3935 1378 3999 invic-

74 4041 235 4106 lehiliter
259 4041 461 4106 duraturam
493 4055 677 4109 censemus.

10 4149 12 4232 J
186 4149 375 4212 Praeterea
426 4156 679 4216 antecessorum
720 4155 915 4214 nostrorum
957 4151 1238 4215 consuetudinem
1286 4154 1378 4212 retro

72 4254 295 4340 temporibus
332 4253 489 4320 habitam
526 4255 767 4341 relinquentes,
806 4257 843 4320 in
875 4255 974 4322 nobis
1007 4265 1045 4321 et·
1075 4259 1201 4320 nostris
1235 4256 1379 4338 posteris

10 4387 12 4446 j
73 4361 253 4428 immobili
276 4359 443 4428 firmitate
459 4363 649 4426 valiturum
673 4364 852 4446 sancimus
868 4365 958 4449 quod
984 4361 1229 4428 decedentibus
1252 4364 1378 4445 episco-

10 4459 14 4560 ᾗ
76 4473 126 4551 pie
160 4472 201 4534 in
235 4467 339 4533 rebus
372 4467 622 4553 episcopalibus
661 4477 897 4552 procuratores
928 4471 1056 4536 laicos1
1089 4472 1131 4535 de
1164 4477 1277 4534 cetero
1309 4489 1378 4532 non

189 4653 197 4679 ¹
217 4641 410 4712 Gondviseld‚
429 4642 599 4712 advocatus
619 4661 637 4700 a
654 4643 756 4698 namet
775 4643 863 4716 Vogt.
