3160 5212
604 585 780 678 Soproni
803 587 1018 658 ezerzbdes
1042 587 1152 658 1463.

342 777 494 841 Tabulae
529 781 620 860 pacis
653 788 687 841 et
720 779 928 862 concordiae,
961 781 1052 842 inter
1083 779 1168 862 Imp.
1207 779 1421 843 Fridericum
1461 780 1525 844 III

233 885 402 948 Mathiam
417 886 606 950 Corvinum
625 895 659 950 et
684 889 795 969 ipsum
815 887 899 950 adeo
914 887 1114 971 Hungariae
1130 887 1292 970 Regnum
1308 890 1528 968 constitutae,

233 992 519 1077 quemadmodum
547 993 709 1056 videlicet
733 991 777 1056 ab
802 991 1004 1056 Oratoribus
1027 993 1144 1077 Regis,
1168 1001 1201 1055 et
1226 992 1341 1076 Regni
1357 991 1525 1058 Ordinum

234 1102 360 1182 scripto
393 1102 622 1185 consignatae,
655 1107 689 1164 et
723 1100 833 1164 eidem
866 1101 951 1184 Imp.
984 1101 1160 1164 Frislerico
1195 1099 1334 1164 fuerunt
1368 1101 1525 1164 traditae.

233 1207 312 1270 Dat.
336 1207 493 1290 Sopronii
517 1207 548 1270 d.
575 1207 625 1270 19.
648 1206 746 1288 Julii,
770 1205 835 1272 An.
861 1207 957 1270 1463,

341 1315 412 1378 Nos
436 1313 630 1397 Stephanus
653 1313 708 1376 dei
733 1324 767 1376 et
791 1313 989 1397 Apostolice
1013 1313 1111 1378 Sedis
1134 1316 1250 1397 gracia
1273 1313 1468 1378 Colocensis
1491 1325 1526 1376 et

234 1421 434 1486 Bachiensis
457 1421 688 1484 Ecclesiamm
712 1421 999 1504 Archiepiscopus
1023 1422 1173 1506 Locique
1197 1421 1348 1485 eiusdem
1365 1419 1527 1484 Colocen-

234 1532 280 1592 sis
296 1530 417 1593 Comes
434 1534 641 1612 perpetuus,¹
658 1528 683 1592 J
684 1527 834 1592 ohannes
853 1528 972 1592 eadem
987 1531 1102 1613 gracia
1119 1529 1308 1612 Episcopus
1324 1527 1529 1592 Wa-radien·

234 1636 695 1720 sie,²Nicola11s‹leWylak
719 1636 900 1720 Wayuocla
925 1637 1188 1700 Transsilvanus
1212 1658 1251 1699 ac
1274 1635 1528 1700 Machouiensis

234 1751 268 1806 et
292 1745 407 1828 Regni
440 1743 620 1808 Sclavonie
653 1743 778 1826 Banna,
812 1744 934 1808 Comes
966 1744 1147 1807 Ladislaus
1180 1743 1221 1807 de
1255 1743 1376 1807 Palocz
1416 1743 1524 1808 Iudex

233 1851 335 1914 Curia
359 1851 468 1936 Regia
493 1861 527 1915 et
551 1853 729 1915 Emericus
752 1851 794 1914 de
810 1851 961 1935 Zapolya
979 1851 1139 1914 Summus
1154 1851 1378 1916 Tezaurarius
1394 1851 1528 1935 Regius

233 1967 266 2022 et
283 1959 491 2042 Capitaneus
509 1963 658 2042 partium
674 1961 887 2041 superiorum
903 1959 1018 2042 Regni
1033 1958 1220 2042 Hungarie.
1237 1959 1529 2042 Recognoscimus

203 2098 206 2106 ·
233 2076 265 2130 et
284 2067 414 2131 Notum
433 2066 578 2130 facimus
594 2075 711 2130 tenore
730 2069 942 2150 presencium
958 2069 1136 2130 uniuersis.
1153 2067 1240 2131 Cum
1257 2067 1528 2130 aliasoccasione

233 2174 508 2238 ‹lifferenciarum
533 2183 567 2237 et
592 2177 899 2238 controversiarum
923 2177 1015 2238 inter
1037 2174 1297 2238 Serenissimum
1330 2173 1526 2256 Principem

233 2291 266 2344 et
291 2281 468 2344 dominum
491 2281 667 2345 dominum
691 2282 907 2346 Fridericum
930 2283 1163 2346 Romanorum
1179 2283 1424 2365 imperatorem
1440 2305 1529 2346 sem-

234 2411 293 2472 per
317 2389 523 2473 Augustum,
547 2390 726 2474 Hrurgarie
749 2390 924 2454 Dalmacie
958 2391 1098 2455 Croacie
1131 2399 1193 2454 etc.
1225 2391 1357 2475 Regem
1388 2414 1426 2454 ac
1455 2391 1530 2455 Au-

232 2499 316 2560 strie
340 2496 444 2560 Stiria
471 2496 661 2560 Karinthie
680 2505 714 2560 ct
739 2497 897 2561 Camiole
929 2507 992 2562 etc.
1016 2498 1146 2578 ducem,
1170 2498 1347 2562 (lominum
1369 2507 1529 2562 nostrum

232 2606 522 2689 graciosissimum
546 2627 587 2668 ex
603 2627 680 2688 vna,
698 2613 732 2668 et
748 2605 913 2669 Inclitum
929 2606 1091 2689 Regnum
1107 2606 1287 2689 Hungarie
1304 2605 1529 2689 Prelatosque

234 2711 384 2776 Berones
407 2710 549 2774 Nobiles
573 2713 733 2776 Proceres
757 2713 891 2776 Incolae
914 2721 949 2775 et
971 2711 1227 2776 Iuhabitatores
1243 2712 1394 2776 eiusdem
1410 2713 1531 2797 Regni

236 2819 391 2903 partibus
415 2841 456 2880 ex
480 2819 588 2882 altera
612 2819 830 2884 subortarum
854 2829 888 2882 et
912 2822 1126 2884 vertencinm
1150 2820 1192 2882 acl
1217 2819 1398 2884 nonnullos
1429 2821 1532 2884 Arti-

233 2925 326 2989 culos
343 2933 376 2988 et
395 2925 555 3008 Capitula
573 2929 664 3009 pacis
680 2935 714 2990 et
732 2927 910 2990 concordie
927 2927 1113 2990 decentum
1134 2926 1248 3008 fuerit,
1268 2966 1307 2972 -
1321 2966 1361 2974 -
1375 2967 1414 2973 —
1434 2929 1531 2993 Item

233 3035 312 3117 quia
325 3029 479 3115 prefatus
489 3033 648 3096 dominus
658 3043 774 3097 noster
783 3033 982 3117 Imperator,
993 3033 1091 3098 bonis
1102 3043 1136 3096 et
1148 3032 1301 3096 honestis
1314 3035 1532 3117 respectibus

232 3140 408 3223 hucusque
432 3141 536 3204 titulo
561 3151 595 3204 et
620 3145 756 3205 nomine
780 3143 892 3226 Regio
915 3143 1030 3226 Regni
1054 3142 1234 3226 Hungarie
1258 3163 1338 3204 usus
1361 3151 1421 3204 est.
1442 3143 1533 3207 ‹leli-

233 3247 391 3310 beratum
415 3253 465 3308 est
489 3254 523 3309 et
548 3247 754 3330 conclusum,
778 3249 868 3333 quod
893 3249 1011 3312 eadem
1044 3269 1104 3312 sua
1137 3248 1300 3311 Maiestas
1332 3248 1536 3331 Imperialis

232 3353 428 3416 huiusmodi
451 3353 555 3416 titulo
580 3357 673 3438 regio
698 3378 716 3418 a
742 3355 882 3438 prelatis
906 3354 1099 3419 Beronibus
1122 3353 1306 3418 Nobilibus
1323 3355 1536 3421 Proceribus

232 3469 266 3524 ct
300 3461 377 3523 aliis
408 3459 608 3544 Regnicolis
639 3461 754 3546 Regni
786 3463 974 3547 Hungarie,
998 3465 1137 3526 inantea
1160 3461 1267 3525 libere
1291 3469 1324 3525 et
1349 3463 1465 3546 quiete
1492 3467 1533 3528 in

233 3589 349 3631 eorum
381 3567 508 3630 litteris
542 3577 575 3630 et
615 3568 762 3633 vbilibet
795 3571 962 3634 honorata
995 3577 1029 3632 et
1062 3569 1220 3632 decorata
1253 3569 1364 3654 quoad
1397 3571 1533 3634 uixerit

232 3681 406 3737 remaneat
439 3681 473 3736 et
506 3675 583 3738 Rex
607 3676 692 3738 dicti
716 3678 831 3762 Regni
864 3678 1042 3761 Hungarie
1076 3698 1113 3739 ac
1147 3676 1292 3739 aliorum
1324 3677 1532 3760 Regnortun

233 3781 345 3843 eidem
368 3782 491 3866 Regno
516 3784 753 3848 coherencium
776 3787 947 3848 nominari
970 3791 1005 3847 et·
1028 3785 1145 3847 vocari
1168 3791 1203 3846 et
1227 3805 1266 3846 eo
1289 3783 1393 3847 titulo
1416 3787 1472 3847 vti
1495 3797 1535 3850 et

233 3887 303 3950 frui
328 3892 434 3970 possit
459 3900 493 3954 et
517 3892 640 3971 valeat,
664 3893 919 3976 impedimento,
952 3891 1225 3955 contradiccione
1258 3899 1292 3954 et
1324 3890 1535 3960 turbacione

232 3993 340 4078 Regis
364 4017 424 4078 pro
448 4005 609 4082 tempore,
634 3999 916 4083 dominorumque
941 4006 975 4062 et
992 3996 1271 4061 Iuhabitatorum
1287 3999 1394 4080 ipsius
1408 3999 1536 4087 Regni

233 4121 369 4183 prorsus
407 4108 538 4168 amotis.
576 4106 667 4170 Item
706 4115 745 4169 ut
783 4105 992 4188 Respublica
1031 4111 1065 4167 et
1104 4101 1189 4168 felix
1221 4111 1337 4167 sancte
1370 4105 1537 4174 Romane

232 4205 384 4272 Ecclesia
409 4211 662 4298 christianaque
686 4214 872 4298 religionis,
896 4220 1007 4304 status
1031 4214 1150 4296 augeri
1183 4218 1218 4274 et
1252 4215 1453 4296 promoveri,
1491 4240 1537 4282 eo

233 4314 403 4380 salubrius
426 4325 458 4381 et
484 4319 605 4383 utilius
630 4323 744 4402 possit,
770 4320 923 4404 prefatus
943 4319 1102 4383 dominus
1118 4325 1234 4381 noster
1249 4317 1540 4388 Gloriosissimus

343 4570 350 4596 ¹
371 4560 491 4633 Vltrday
510 4563 615 4618 Istvan
634 4565 691 4618 kir.
710 4565 888 4619 kanczellar.

342 4657 351 4684 ¹
372 4649 458 4704 Vitez
478 4651 578 4707 Jltnos.
