3182 5208
240 312 283 376 22

239 507 419 593 nobisque⁸
447 529 524 572 cum
556 506 813 573 habitatoribus
836 510 907 572 suis
940 505 1082 573 subacta
1115 506 1229 570 fuerat
1262 513 1334 570 tam
1365 507 1406 570 in
1442 503 1551 570 cultu

240 615 426 678 christiane
449 612 635 698 religionis,
659 635 762 698 quam
786 616 823 678 in
846 614 979 679 tributo
1007 611 1221 678 substantiae
1254 611 1429 691 secularis,
1462 613 1550 696 quia

239 722 363 786 exinde
388 725 537 804 primum
564 720 691 816 imbuti
715 728 749 786 et
781 744 823 786 ex
857 724 999 807 paganis
1032 721 1213 786 christiani
1246 728 1326 786 sunt
1359 719 1462 784 facti.
1500 719 1550 784 Et

220 829 363 894 1110110ο
387 831 597 914 pataviensis
620 831 797 912 episcopus
820 831 983 912 civitatis,
1008 831 1044 894 in
1068 831 1164 892 cuius
1188 827 1316 892 diocesi
1339 835 1423 892 sunt
1445 825 1550 890 illius

239 945 330 1002 terre
354 937 480 1020 populi,
503 935 548 1000 ab
571 937 711 1001 exordio
734 935 1000 1001 christianitatis
1024 959 1149 1018 eorum,
1183 935 1320 1020 quando
1352 935 1474 998 voluit
1513 945 1549 997 et

239 1043 369 1126 debuit,
402 1043 485 1108 illuc
517 1043 613 1108 111110
645 1043 804 1108 obstante
829 1046 999 1126 introivit,
1032 1053 1067 1107 et
1101 1043 1319 1108 sinodalem¹⁰
1351 1065 1435 1106 cum
1473 1045 1549 1105 suis

238 1259 372 1343 agenda
396 1265 478 1322 sunt
502 1265 660 1341 potenter
683 1259 764 1342 egit,
789 1266 822 1321 et
847 1257 962 1322 nullus
987 1262 1018 1324 ei
1042 1261 1078 1322 in
1113 1257 1237 1322 faciem
1269 1259 1411 1336 restitit,
1448 1255 1547 1342 quod

240 1369 345 1430 etiam
370 1373 404 1430 et
427 1367 538 1432 nostri
562 1367 702 1429 comites
726 1363 779 1428 1111
803 1373 892 1430 terre
917 1365 1074 1446 confines,
1104 1365 1229 1448 placita
1263 1363 1432 1428 secularia
1470 1364 1547 1428 illic

240 1475 539 1554 continuaverunt,
578 1479 612 1536 et
646 1493 731 1556 quae
771 1471 972 1556 corrigenda
1011 1480 1092 1536 sunt
1131 1478 1360 1553 correxerunt,
1401 1471 1547 1535 tributa

240 1581 405 1662 tulerunt,
429 1591 464 1643 et
487 1579 592 1643 nullis
616 1570 666 1642 eis
693 1583 904 1660 restiterunt,
937 1601 1046 1664 neque
1071 1579 1153 1643 dum
1186 1581 1397 1642 incrassante
1436 1580 1547 1643 corda

240 1711 357 1753 eorum
395 1687 532 1752 diabolo
571 1686 861 1752 christianitatem
898 1685 1081 1752 abhorrere
1120 1697 1154 1752 et
1193 1708 1327 1750 omnem
1360 1688 1546 1750 iusticiam

240 1796 469 1878 detrectare11,
486 1791 643 1878 belloque
659 1793 823 1858 lacessere
838 1801 874 1858 et
890 1791 1055 1858 obsistere
1069 1795 1245 1858 sevissime
1261 1806 1439 1876 ceperunt,
1456 1794 1547 1858 adeo

240 1911 279 1968 ut
303 1905 361 1966 via
384 1903 542 1984 episcopo
565 1907 600 1964 et
624 1899 917 1983 praedicatoribus
941 1921 980 1964 eo
1013 1921 1081 1965 non
1113 1909 1210 1982 esset,
1243 1901 1302 1964 sed
1336 1900 1446 1965 libitu
1482 1921 1545 1965 1110

240 2017 392 2096 egerunt,
417 2008 508 2093 quod
531 2006 725 2072 voluerimt.
749 2008 850 2072 Nunc
873 2029 964 2085 vero,
988 2009 1089 2092 quod¹
1103 2007 1202 2072 nobis
1221 2029 1326 2094 grave
1341 2009 1494 2073 videtur
1510 2023 1544 2072 et

239 2115 450 2198 incredibile,
473 2118 510 2180 in
526 2123 750 2200 augmentum
766 2117 891 2179 iniuria
907 2118 1068 2180 iactitant
1084 2139 1119 2180 se
1136 2115 1375 2202 magnitudine
1393 2121 1545 2199 pecunie

239 2225 275 2290 id
304 2227 421 2310 egisse,
454 2223 569 2308 qualia
601 2223 644 2287 de
682 2223 741 2288 illa
780 2223 967 2306 apostolica
1006 2225 1084 2288 sede
1123 2247 1299 2309 uunquam
1337 2225 1545 2289 audivimus

239 2337 357 2416 exisse,
390 2354 499 2416 neque
523 2353 691 2396 canonum
715 2331 852 2396 decreta
875 2333 1036 2415 sanxisse,
1069 2339 1108 2396 ut
1141 2341 1277 2397 tautum
1311 2335 1434 2396 scisma
1472 2355 1543 2397 una

242 2447 417 2522 pateretur
430 2438 580 2520 ecclesia,
605 2445 656 2502 est
673 2447 788 2503 autem
807 2461 895 2503 111111
911 2441 1126 2522 episcopatus
1142 2443 1179 2504 in
1195 2441 1344 2526 quinque
1362 2439 1543 2504 divisusu.

239 2547 415 2612 Intrantes
449 2550 540 2612 enim
574 2547 741 2630 praedicti
772 2549 922 2631 episcopi
954 2551 991 2612 in
1023 2551 1160 2613 nomine
1198 2556 1353 2632 vestro¹³,
1392 2559 1433 2613 ut
1473 2551 1543 2632 ipsi

241 2655 405 2719 dixerunt
451 2655 698 2720 ordinaverunt
744 2657 780 2718 in
826 2677 894 2719 uno
948 2656 1134 2741 eodemque
1181 2659 1379 2740 episcopatu
1427 2679 1539 2721 unum

240 2762 542 2847 archiepiscopum,
566 2767 595 2826 si
624 2765 770 2827 tamen¹⁴
786 2765 823 2826 in
840 2763 983 2828 alterius
1005 2767 1204 2848 episcopatu
1227 2765 1543 2848 archiepiscopium

240 2891 311 2934 esse
336 2877 458 2954 potest,
487 2879 521 2934 et
545 2877 616 2934 tres
640 2869 873 2955 suffraganeos
896 2874 968 2936 eius
993 2874 1205 2956 episeoposu,
1238 2872 1365 2958 absque
1390 2874 1540 2935 scientia

240 2979 487 3062 archiepiscopi
510 2985 545 3042 et
569 2999 734 3042 consensu
757 2981 907 3062 episcopi
931 2981 967 3042 in
991 2983 1087 3046 cuius
1112 2980 1253 3045 fuerunt
1278 2981 1412 3044 diocesi.
1449 2979 1541 3044 Cum

239 3089 277 3151 in
301 3086 445 3151 concilio
468 3086 641 3166 affricano,
666 3109 737 3169 cap.
761 3087 844 3150 XX.
868 3087 1043 3150 decretum
1068 3090 1122 3167 sit,
1147 3097 1185 3152 111
1221 3087 1343 3172 plebes.
1379 3111 1468 3173 quae
1506 3091 1542 3150 in

241 3173 434 3258 diocesibus
480 3194 524 3258 ab
570 3196 737 3276 episcopis
784 3196 986 3273 retinentur,
1033 3217 1099 3280 que
1145 3217 1321 3280 nunquam
1360 3197 1541 3278 episcopos

238 3302 446 3386 habuerunt,
469 3303 537 3366 1111
560 3323 630 3366 101
651 3303 731 3366 'cum
755 3301 935 3366 voluntate
960 3305 1033 3366 eius
1056 3306 1206 3386 episcopi
1229 3326 1249 3368 a
1273 3325 1340 3388 quo
1364 3311 1541 3368 tenentur.

242 3411 426 3492 proprios¹⁰
449 3411 619 3491 accipiant
643 3415 800 3490 rectores,
824 3409 859 3473 id
884 3419 936 3474 est
960 3413 1142 3494 episcopos.
1175 3411 1222 3474 Et
1247 3413 1331 3475 item
1355 3413 1392 3474 in
1416 3411 1540 3474 eodem

204 3497 207 3504 ’
241 3517 385 3582 00101110
396 3539 466 3599 cap.
477 3517 595 3598 LXV,
607 3525 645 3580 ut
659 3517 772 3599 plebes
782 3539 869 3602 quae
880 3540 1056 3602 nunquam
1065 3517 1262 3584 habuerunt
1280 3521 1434 3602 proprios
1451 3523 1542 3604 epis-

240 3646 349 3708 copos
365 3627 433 3688 nisi
449 3647 490 3688 ex
507 3625 648 3688 consilio
667 3624 818 3707 plenario
834 3629 935 3689 unius
952 3628 1115 3710 cuiusque
1133 3628 1307 3710 provincie
1323 3634 1358 3690 et
1369 3627 1540 3709 primatis.

241 3739 343 3815 atque
368 3753 533 3794 consensu
557 3735 637 3812 eius,
669 3733 712 3795 ad
737 3734 833 3795 cuius
857 3731 1019 3796 diocesim
1052 3732 1171 3796 eadem
1204 3731 1299 3816 plebs
1333 3733 1540 3816 pertinebat.

295 3988 304 4014 ⁸
325 3978 357 4030 1.
377 3978 423 4030 k.:
442 3977 527 4030 nohis
546 3994 669 4046 quoque.
940 3979 1107 4048 pataviensi
1131 3980 1300 4051 episcopatu
1329 3979 1404 4032 talia
1432 3979 1541 4050 egisse,

296 4077 305 4104 ⁹
327 4067 355 4118 11.
376 4067 422 4119 k.:
445 4067 559 4119 iccirco.
939 4065 1039 4135 qualia
1058 4073 1113 4121 etc.

290 4166 308 4192 ¹⁰
330 4157 360 4208 B.
382 4158 427 4208 k.:
447 4157 627 4225 synodalem.
997 4169 1015 4192 ¹·
1038 4159 1066 4209 13.
1087 4159 1133 4211 k.:
1161 4159 1315 4212 Intrantes
1333 4165 1435 4212 autem
1456 4175 1540 4228 prae-

289 4256 306 4280 ¹¹
331 4247 360 4298 B.
381 4247 426 4300 k.:
446 4248 622 4300 detractare.
939 4247 1011 4298 dicti
1033 4249 1063 4300 in
1084 4248 1203 4300 nornine
1225 4252 1324 4300 vestro
1342 4247 1481 4317 episcopi.

289 4343 308 4369 ¹²
332 4335 363 4387 B.
393 4336 438 4388 k.:
477 4335 686 4404 magnitudine
715 4336 838 4404 pecunie
996 4337 1066 4388 η11.
1089 4337 1134 4390 k.:
1155 4343 1255 4389 tamen
1276 4335 1429 4406 hitnyzik.

241 4427 346 4494 egisse,
367 4441 419 4478 vos
441 4426 557 4478 eosdem
586 4425 736 4494 praefatos
764 4426 838 4494 epis-
997 4435 1015 4462 ¹⁵
1037 4426 1068 4479 B.
1089 4425 1134 4478 k.:
1161 4428 1310 4496 episcopos
1338 4427 1404 4479 eius
1433 4423 1539 4479 suffra-

241 4531 326 4585 copos
346 4513 382 4566 ad
401 4531 431 4568 se
452 4514 613 4580 dir-attissa,
633 4523 663 4566 et
682 4515 713 4566 ni
737 4514 838 4566 eodem
938 4530 1055 4583 ganeos.

997 4615 1015 4640 ¹⁸
1037 4604 1067 4656 B.
1089 4603 1134 4656 k.:
1155 4605 1293 4674 proprios.
