3192 5214
1314 347 1378 410 139

754 550 913 625 suorum,
936 562 1039 630 quam
1067 545 1171 608 etiam
1196 541 1401 626 Archi-Epi-

754 651 1401 734 scoporum,Episcoporum,Beronum,

754 767 790 824 et
812 757 993 824 Nobilium
1016 740 1221 824 Nostrorum
1241 759 1421 835 1ηῑο]εω-,

754 865 838 932 bilia
871 866 1005 949 damna,
1038 873 1073 931 et
1107 869 1308 952 gravamina
1342 888 1402 949 per

754 981 868 1040 totum
890 975 1052 1060 Regnum
1074 975 1241 1040 Nostrum
1257 973 1331 1040 ficri
1350 975 1401 1038 vi-
1505 975 1508 986 '

755 1082 929 1165 debemur,
939 1083 1097 1148 districte
1113 1083 1297 1148 statuendo
1309 1104 1401 1165 prae-

755 1192 909 1273 cipimus,
941 1195 981 1253 ut
1013 1188 1101 1254 nibil
1140 1192 1327 1274 recipiatur
1358 1190 1401 1256 ad

754 1295 946 1382 coquinam
978 1295 1149 1379 Nostram,
1181 1296 1238 1361 vel
1261 1295 1410 1362 Nostr0·‘

755 1425 840 1487 rum,
863 1405 930 1468 nisi
950 1400 1046 1486 justo
1070 1404 1152 1468 dato
1176 1407 1295 1487 pretia.

800 1511 829 1575 9.
861 1510 928 1576 Pro
960 1511 1156 1579 Domestioo
1189 1519 1314 1594 autem,
1346 1516 1401 1578 cui
1455 1569 1459 1578 .

751 1614 892 1700 justicia
916 1617 1072 1684 exhibita
1096 1640 1165 1683 non
1193 1617 1309 1700 fuerit,
1332 1626 1401 1684 tres

754 1726 892 1791 Rustici
916 1725 959 1790 de
990 1725 1075 1790 villa
1103 1724 1221 1810 jurare
1244 1725 1402 1810 debeant,

755 1840 790 1896 et
813 1833 856 1897 ad
880 1854 997 1898 eorum
1019 1831 1256 1917 juramentum
1270 1832 1402 1917 hospes,

755 1945 950 2026 quicunque
974 1940 1090 2025 fuerit,
1113 1941 1309 2006 Domestica
1334 1940 1402 2026 ple-
1482 1945 1486 1952 '

755 2071 835 2112 nam
852 2045 959 2112 faeiat
978 2045 1154 2132 justitiam
1173 2071 1251 2113 oum
1269 2046 1402 2132 judicio

755 2155 890 2241 Regali,
913 2156 970 2220 vel
998 2156 1167 2220 Dominus
1199 2155 1304 2220 villae
1328 2159 1402 2241 qui-

756 2285 889 2348 cunque
931 2261 1046 2348 fuerit,
1088 2267 1161 2328 sive
1196 2263 1402 2346 Archi-Epi·
1524 2325 1526 2328 .

647 2439 648 2442 ,
755 2392 885 2454 scopus
908 2374 982 2436 sive
1005 2372 1204 2454 Episcopus,
1238 2374 1310 2436 sive
1334 2369 1402 2434 No-

25 3559 27 3622 }
102 3559 150 3622 16.
173 3559 337 3645 Integros
353 3559 548 3625 Comitatus
571 3559 627 3623 uel
652 3559 702 3624 di-

66 3667 205 3747 gnitates
245 3689 476 3752 quascumque
509 3669 544 3732 in
577 3667 703 3732 Predia

68 3791 114 3836 seu
135 3776 366 3857 possessiones
397 3795 466 3838 non
489 3771 702 3840 conferemus

66 3887 229 3964 perpetuo.

25 4037 27 4084 ,
105 3986 152 4050 17.
176 3987 456 4052 Possessionibus
479 3991 595 4072 eciam,
618 4011 703 4074 quas

66 4095 129 4173 quis
166 4097 265 4160 iusto
310 4096 455 4160 seruioio
500 4094 702 4179 obtinuerit,

25 4215 27 4280 ξ
67 4196 167 4284 aliquo
191 4207 348 4286 tempore
370 4223 440 4266 non
462 4204 625 4286 priuatur.

25 4315 27 4400 ᾖ
102 4309 149 4372 18.
173 4308 270 4374 Item
293 4311 490 4394 seruienteS,
506 4317 645 4394 accepta
663 4311 703 4375 li-

25 4401 27 4458 i
67 4418 168 4482 cancia
193 4439 215 4481 a
240 4415 349 4500 nobis,
373 4419 504 4500 possint
527 4417 634 4482 libera
653 4421 703 4483 ire

25 4525 26 4528 ’
67 4519 100 4584 ad
120 4521 236 4588 filium
259 4531 424 4608 nostrum,
456 4545 558 4589 seua
581 4527 703 4590 maiori

66 4626 101 4690 ad
121 4633 301 4716 minorem,
325 4653 387 4695 neo
419 4631 496 4696 ideo
525 4634 703 4715 possessio-

756 2477 836 2542 bilis
860 2478 918 2542 ille
943 2479 1167 2562 personaliter
1190 2477 1273 2542 haec
1297 2476 1403 2542 verba

755 2587 915 2649 veritatis
939 2586 1051 2651 dicere
1075 2594 1241 2650 teneatur.

799 2694 1145 2778 10.Quicunquevero
1154 2693 1294 2758 Nobiles
1301 2689 1402 2774 juxta

758 2799 904 2865 formam
928 2801 1061 2866 Statuti
1089 2801 1209 2866 Nostri
1228 2798 1402 2884 justitiam

758 2929 827 2972 non
850 2907 1004 2992 fecerint,
1036 2910 1123 2974 tales
1146 2909 1292 2993 quilibet
1321 2907 1403 2989 Epi·

757 3036 878 3099 scopus
901 3019 939 3080 in
961 3037 1022 3080 sua
1045 3016 1182 3081 Diocesi
1210 3001 1403 3080 excommu-

756 3127 849 3188 nicet
873 3130 916 3208 et,
940 3145 1002 3188 nos
1030 3145 1087 3188 eos
1120 3145 1179 3207 pro
1211 3144 1403 3188 excommu-

756 3235 881 3297 nicatis
913 3232 1047 3297 tamdiu
1069 3231 1272 3298 habebimus
1297 3230 1403 3294 donec

757 3336 920 3422 injuriam
954 3360 1050 3421 passo
1074 3337 1290 3403 satisfaciant
1314 3357 1403 3400 com-

758 3453 922 3528 patenter.

802 3553 854 3617 26.
877 3552 1036 3638 integros
1060 3552 1254 3618 Comitatus
1271 3552 1327 3616 vel
1343 3551 1402 3616 Di-

756 3662 909 3745 gnitates
941 3663 978 3724 in
1010 3659 1165 3742 Praedia,
1188 3659 1245 3725 vel
1269 3661 1403 3724 Posses-

757 3770 868 3831 siones
892 3788 960 3830 non
987 3765 1242 3832 transferemus.
