3144 5218
200 354 265 418 552

198 552 412 640 nominatis,
428 551 746 646 Evangelicorum
765 574 844 622 esse
863 551 1141 645 intelliguntur,
1161 573 1247 620 cum
1267 553 1305 620 et
1325 547 1496 642 alioquin

199 677 361 773 publicis
389 675 735 748 contributionibus
763 674 924 770 aliisque
951 675 1127 748 oneribus
1146 672 1310 745 ferendis
1330 671 1498 766 impares

198 826 268 898 pro
284 801 474 897 erigendis
489 824 673 872 novorum
691 799 942 895 Templorum,
961 800 1244 886 Perochiarum
1262 796 1498 884 Scholarum,

200 932 238 999 et
267 925 428 999 aliorum
456 925 765 997 Accessariorum
794 925 967 998 aedificia
998 950 1073 997 non
1112 925 1328 998 sufficimus.
1366 923 1418 995 Et
1454 923 1498 994 in

199 1051 424 1125 civitatibus
450 1051 687 1144 superiorum
715 1051 884 1146 partium
903 1051 1024 1124 veluti
1043 1051 1252 1140 Oassoviae,
1272 1049 1499 1145 Eperjesini‚

199 1177 404 1271 Bartphae,
437 1176 684 1266 Leuchoviae,
713 1175 851 1248 Cibinii
880 1183 919 1249 et
947 1176 1177 1268 Kesmarkii,
1205 1176 1365 1270 aliisque
1402 1175 1498 1248 locis

200 1302 486 1375 Articularibus
513 1302 616 1373 intra
644 1307 683 1374 et
710 1327 785 1375 non
814 1308 925 1374 extra
949 1303 1099 1375 easdem
1120 1302 1314 1390 Civitates,
1334 1301 1498 1396 Oppida,

199 1429 333 1522 Pagos,
360 1427 555 1500 Praesidia
584 1433 622 1499 et
651 1426 830 1516 Confinia,
859 1427 1097 1500 Exercitium
1116 1427 1368 1500 Ministeriale
1392 1425 1498 1498 haud

199 1552 425 1647 impeditum
462 1551 711 1646 relinquatur,
749 1575 819 1622 nec
856 1552 905 1622 ad
943 1551 1044 1624 Loca
1090 1553 1277 1642 indecora,
1323 1552 1499 1624 inconve-

199 1677 353 1767 nientia,
371 1682 519 1750 remota
547 1682 586 1749 et
613 1677 724 1748 devia
747 1653 948 1772 relegetur.
976 1678 1102 1750 Scato:
1130 1678 1325 1774 Siquidem
1355 1678 1499 1749 iterum

199 1804 334 1876 iisdem
344 1802 532 1876 Articulis
552 1801 864 1897 Soproniensibus
883 1803 1055 1876 sublatus
1075 1802 1337 1876 Reversalium
1357 1827 1438 1874 mos
1459 1807 1500 1876 01

201 1929 433 2002 consuetudo
460 1929 690 2000 invalescere
718 1929 853 2024 coepit,
880 1929 939 2000 uti
958 1929 1115 2024 quidam
1134 1929 1173 2000 in
1193 1928 1345 2024 Oppido
1365 1926 1500 2001 Coma-

201 2054 378 2127 romiensi
416 2059 454 2125 et
489 2053 573 2124 aliis
602 2053 833 2147 quibusdum
860 2053 962 2142 locis,
990 2058 1165 2126 extortae
1193 2058 1282 2127 sunt
1311 2053 1501 2146 ejusmodi

201 2180 454 2274 obligatorias
474 2180 523 2250 ab
535 2177 785 2273 Evangelicis,
804 2179 906 2272 quod
925 2178 1174 2272 imposterum
1194 2184 1328 2250 contra
1347 2201 1501 2272 expres·
1570 2273 1571 2278 ἵ

201 2331 281 2378 sam
320 2310 484 2377 mentem
523 2305 728 2376 eorundem
765 2303 1030 2376 Articulorum
1068 2302 1384 2397 Soproniensium,
1420 2327 1501 2376 non

202 2435 290 2502 sunt
329 2427 491 2524 amplius
527 2428 785 2500 introducturi
813 2452 902 2500 suae
930 2428 1141 2524 Religionis
1168 2427 1374 2517 Ministros,
1402 2453 1501 2523 quas

202 2555 343 2626 cassari
381 2559 566 2648 tanquam
603 2556 763 2627 abusum
800 2552 1012 2626 humillime
1041 2553 1306 2650 supplicamus,
1334 2559 1379 2626 ut
1407 2553 1501 2626 talis

202 2678 364 2773 illegalis
401 2703 483 2751 mos
519 2679 747 2751 inhibeatur.
791 2679 972 2774 Septimo:
1010 2678 1116 2769 Quae
1152 2681 1215 2752 hic
1252 2679 1501 2776 complanari,

203 2805 251 2877 ob
289 2803 518 2878 brevitatem
555 2805 715 2878 Diaetae
742 2830 817 2878 non
846 2809 1036 2901 poterunt,
1064 2804 1269 2878 instantiae
1297 2804 1501 2898 Evangeli-

203 2954 343 3018 corum,
372 2931 420 3003 ad
449 2932 627 3026 primitus
664 2930 835 3002 futuram
867 2929 1045 3003 Diaetam
1070 2929 1184 3022 juxta
1212 2930 1362 3002 eosdem
1390 2929 1501 3001 Arti-

203 3054 307 3126 culos
326 3054 553 3148 rejiciuntur
571 3055 877 3150 complanandae.
897 3053 1051 3128 Octavo:
1070 3053 1277 3148 Negotium
1288 3053 1500 3148 Religionis

203 3181 242 3251 in
271 3179 447 3252 clementi
475 3180 689 3276 Neo-Regis
718 3179 936 3273 Diplomate
964 3179 1206 3251 contineatur
1230 3184 1501 3254 assecuratum.

311 3305 343 3378 Ε
372 3306 501 3399 nyolcz
530 3307 704 3402 pontnak
732 3304 920 3398 ajanlasait
947 3305 1198 3377 hatra'lisnak
1227 3305 1419 3398 vehetjtk,
1447 3307 1500 3378 ha

204 3429 547 3526 visszagondolunk
575 3457 618 3504 az
642 3430 972 3525 zillhatatosseigra,
991 3431 1168 3524 melylyel
1187 3457 1209 3504 a
1228 3431 1499 3527 protestansok

205 3581 247 3626 aa
276 3555 399 3630 eliibbi
434 3557 801 3653 orszaiggyiile'seken
829 3583 872 3630 aa
905 3556 1089 3644 16081111,
1117 3580 1218 3651 vagy
1247 3583 1289 3628 az
1321 3556 1499 3628 1647-iki

204 3681 484 3774 torvenyekhez
521 3682 816 3778 ragaszkodtak,
853 3683 900 3754 de
937 3681 972 3754 el
1009 3680 1088 3753 kall
1125 3680 1357 3770 ismerniink,
1394 3681 1498 3774 hogy

205 3829 247 3878 az
286 3805 448 3900 ajanlott
485 3806 623 3879 medon
661 3831 683 3877 a
720 3804 1031 3900 leglenyegesebb
1068 3807 1284 3902 protestans
1313 3791 1500 3879 serelmek

204 3931 474 4006 orvosolhatok
494 3932 636 4018 voltak‚
656 3957 678 4003 a
696 3931 828 4003 nelkiil
856 3932 958 4026 hogy
987 3957 1009 4003 a
1037 3931 1336 4004 visszateresnek
1363 3931 1447 4025 iitja
1478 3957 1499 4003 a

205 4055 287 4150 regi
307 4056 587 4150 tiirvenyekhez
617 4057 651 4129 el
679 4057 750 4129 lett
770 4055 883 4128 volna
902 4057 1026 4128 sarva.
1045 4057 1103 4127 An
1123 4057 1246 4128 udvar
1265 4058 1435 4128 azonban
1455 4079 1498 4126 az

205 4181 368 4274 ajinlott
406 4183 594 4277 pontokat
631 4207 717 4254 nem
754 4189 860 4254 vette
897 4181 1120 4277 figyelembe
1149 4207 1165 4254 s
1195 4209 1216 4254 a
1245 4181 1372 4274 kiraly
1406 4179 1498 4252 csak

205 4307 365 4380 kiiliiniis
394 4308 658 4402 kegyelembiil
687 4310 840 4380 ismerte
870 4308 904 4380 el
933 4333 975 4379 aa
1008 4307 1184 4379 leel-ini
1212 4307 1377 4379 czikkek
1396 4303 1498 4377 erive-

204 4432 294 4526 nyet
315 4458 336 4504 a
356 4433 464 4506 XXI.
484 4434 681 4522 czikkben,
701 4433 839 4524 melyet
870 4431 1042 4527 egykorii
1071 4436 1306 4523 nyomtatott
1334 4428 1498 4525 peldany

205 4557 297 4629 utan
327 4537 513 4630 kiizliink:
