3182 5208
1301 398 1356 462 IX

177 595 267 668 Socii
298 596 438 668 laboris
467 598 548 686 mei,
580 600 787 670 Aleaaadce
825 599 931 670 Mira
971 605 1010 669 et
1050 599 1179 670 Dauid
1208 600 1356 691 Aappal

80 723 299 816 professores,
338 747 498 815 quorum
548 723 646 796 alter
692 725 815 796 fontes
862 730 900 796 et
946 729 1191 797 monumenta
1240 725 1288 795 ad
1326 748 1356 797 a.

84 853 351 934 issu-loos,
381 849 478 920 alter
506 851 553 920 ad
583 876 613 920 a.
645 853 919 922 1606-1711.
948 850 1178 944 pertinentia
1216 855 1356 922 tracta·

81 974 139 1044 rit.
163 975 300 1067 optime
330 975 375 1045 de
406 975 475 1046 hoc
506 975 715 1047 enchiridio
744 982 973 1047 meruerunt.

174 1117 252 1188 Hoc
293 1117 375 1188 loco
415 1125 542 1189 antem
591 1119 715 1190 facere
763 1144 838 1189 non
884 1143 1044 1214 possum,
1083 1119 1175 1212 quin
1211 1119 1356 1212 gratias

78 1268 178 1336 rigam
214 1267 329 1337 qnam
370 1245 552 1315 maximas
592 1244 712 1314 amico
751 1269 844 1315 meo.
882 1244 1059 1315 Lmla'slno
1094 1243 1357 1337 Fejeapatalcp,

78 1370 136 1462 qui
169 1370 431 1463 apographum
475 1369 692 1462 diplomatis
740 1371 788 1440 ad
835 1370 1030 1442 abbatiam
1069 1368 1356 1460 Tihanyiensem

78 1495 256 1566 coriditam
296 1496 523 1590 pertinentis
562 1495 718 1589 propria
756 1519 870 1566 manu
910 1495 1124 1567 confectum
1156 1495 1249 1566 mihi
1277 1517 1357 1589 per-

76 1622 184 1692 misit:
217 1621 383 1692 Artharo
413 1618 643 1712 Nepovetich,
673 1621 738 1712 qni
767 1620 968 1692 nonnullas
998 1621 1217 1716 diplomatis
1252 1620 1356 1691 urbis

77 1745 316 1817 Fluminensis
355 1743 485 1818 Sancti
523 1746 606 1818 Viti
641 1750 769 1840 partes
798 1746 983 1841 inspexit;
1022 1747 1218 1840 liudolpho
1254 1746 1357 1836 Vari,

75 1871 132 1963 qui
158 1873 352 1950 concessit,
381 1877 425 1942 ut
453 1871 600 1965 aliquot
630 1872 758 1966 capita
797 1871 1037 1943 Tacticorum
1078 1871 1213 1944 Leonis
1243 1871 1357 1965 impe·

74 1997 211 2084 nataris,
230 1998 421 2068 editorum
441 2023 462 2067 a
483 2021 521 2069 se
541 1998 579 2068 in
607 1996 885 2068 »Monumentis
917 1998 964 2068 ad
992 1997 1159 2090 patriam
1188 2005 1357 2068 nostram

74 2123 115 2191 ab
156 2121 350 2216 Hungaris
389 2127 614 2217 occupatam
653 2123 952 2217 pertinentibus«
1000 2116 1082 2216 (aa
1120 2122 1357 2216 honfoglalas

74 2246 244 2335 1111111111),
273 2247 312 2318 in
344 2271 450 2318 nsum
481 2271 606 2319 meum
636 2255 906 2320 converterem.
935 2249 991 2320 llx
1024 2249 1154 2320 eadem
1191 2248 1357 2320 editione

72 2375 113 2443 ab
152 2374 358 2444 Academia
399 2373 634 2444 Litterarum
673 2373 894 2467 Hungarica
934 2373 1077 2468 publici
1116 2373 1207 2444 iuris
1255 2373 1356 2444 facta

72 2500 204 2594 sumpsi
235 2499 361 2593 capita
393 2499 531 2572 selecta
560 2524 606 2570 ex
636 2499 734 2570 libro
768 2497 1008 2571 Constantini
1037 2499 1357 2594 Porphyrogeniti

85 2623 148 2695 *De
185 2625 488 2696 administrando
526 2625 705 2719 imperio<
752 2629 789 2696 et
827 2626 1091 2720 episcoporum
1121 2625 1356 2697 Bavarorum

69 2749 265 2843 epistulam
297 2775 327 2820 a.
359 2755 445 2822 000.
474 2751 656 2846 scriptam
687 2773 715 2822 c.
745 2749 793 2821 Π.
823 2756 861 2822 et
891 2749 959 2823 ΙΙΙ.
989 2750 1098 2822 huius
1128 2749 1216 2821 libri
1246 2752 1357 2838 edita,

71 2899 161 2968 quae
188 2875 242 2945 ibi
271 2875 350 2970 ipse
381 2876 581 2947 edideram.

170 3019 326 3091 Summo
338 3043 471 3091 verum
491 3019 834 3092 ecclesiasticarum
855 3027 893 3092 et
913 3019 1226 3092 scholasticarum
1247 3021 1356 3092 Prae-

68 3145 171 3233 fecto
200 3147 264 3238 qui
297 3147 368 3216 hoc
398 3145 551 3217 difficile
571 3170 707 3218 munus
728 3146 820 3217 mihi
840 3146 990 3236 detulit,
1011 3147 1214 3217 maximam
1239 3148 1357 3218 debeo

67 3273 227 3364 gratiam
275 3295 345 3365 pro
386 3272 563 3342 mandato
603 3271 991 3343 honorificentissime.
1030 3270 1144 3343 0111111
1192 3280 1356 3343 mentem

67 3397 377 3490 voluntatemque
407 3403 557 3468 secutus
595 3420 674 3468 esse
714 3397 807 3468 mihi
836 3398 967 3468 videor
996 3397 1034 3468 in
1063 3421 1114 3485 eo.
1145 3398 1244 3490 quod
1274 3422 1357 3485 non,

67 3523 152 3616 quid
191 3524 272 3617 ipse
311 3524 357 3594 de
403 3546 551 3615 quaque
590 3545 630 3593 re
669 3523 857 3610 sentirem,
895 3521 1100 3594 lectoribus
1140 3546 1357 3616 proponere,

67 3651 123 3720 sed
154 3649 258 3719 viam
289 3653 500 3720 monstrare
526 3649 803 3742 materiamque
824 3648 1115 3720 subministrare
1134 3648 1179 3718 iis
1200 3655 1357 3719 conatus

66 3800 150 3861 sum,
181 3775 248 3868 qui
288 3798 346 3845 res
386 3775 433 3844 ad
471 3773 669 3845 historiam
708 3773 968 3867 Hungaricam
1008 3773 1241 3867 pertinentes
1284 3773 1356 3867 ipsi

67 3899 297 3995 perscrutari
328 3898 496 3992 cupiunt.
515 3897 552 3968 N
555 3924 616 3969 am
636 3899 752 3970 etiam
783 3899 853 3970 hoc
882 3899 981 3971 libro
1001 3923 1132 3970 rerum
1162 3899 1356 3969 doctrinae

65 4028 230 4098 studium
260 4048 331 4119 pro
360 4023 461 4094 virili
490 4029 601 4118 parte
630 4026 837 4119 provehere
867 4025 977 4096 volui.

165 4169 265 4240 Cum
295 4167 417 4262 igitur
453 4168 491 4239 id
531 4169 624 4239 mihi
663 4169 827 4240 maxime
866 4169 1056 4262 agendum
1087 4191 1284 4239 censerem.
1314 4174 1357 4238 ut

65 4293 291 4390 principa-les
325 4292 504 4365 historiae
533 4301 686 4366 nostrae
715 4319 774 4364 res
804 4319 847 4364 er
879 4293 969 4386 ipsis
1008 4293 1175 4364 fontibus
1204 4298 1357 4387 possent

65 4421 247 4516 cognosci,
277 4419 415 4491 utebar
443 4419 511 4490 tali
540 4421 722 4492 methodo
752 4419 895 4512 talique
925 4418 1177 4513 dispositione,
1207 4417 1355 4510 qualem

64 4547 299 4642 propositum
326 4543 450 4639 ipsum
470 4545 664 4640 postulare
685 4545 895 4616 videbatur.
917 4545 1111 4633 Quantum
1132 4569 1169 4614 ea
1195 4543 1356 4630 valeant,

66 4671 295 4767 experientia
336 4694 437 4742 nunc
485 4673 652 4766 primum
689 4670 850 4741 docebit.
890 4670 1006 4765 Spero
1045 4677 1172 4741 tamen
1216 4669 1356 4740 librum
