3182 5208
28 341 31 416 ,

68 537 234 619 episcopos
257 536 397 598 minime
430 536 609 618 accipiant.
641 534 684 598 In
715 534 863 600 decretis
896 559 981 620 pape
1013 537 1138 602 Leonis
1169 560 1240 622 cap.
1274 538 1353 604 XV.

67 643 227 723 scriptum
250 647 319 704 est:
342 638 448 704 Nulla
472 641 560 703 ratio
584 643 677 723 sinit,
700 647 740 706 11
763 644 855 706 inter
878 644 1053 726 episcopos
1076 642 1277 728 habeantur,
1294 649 1353 730 qui

28 739 30 822 1
66 745 373 832 aprovincialibus
396 748 563 829 episcopis
588 769 665 812 cum
689 749 947 832 metropolitani
980 750 1109 814 iudicio
1141 773 1209 815 non
1239 773 1354 816 conse-

28 829 30 922 1
66 860 236 920 1111111ῑῖ.
250 854 342 918 Item
352 876 423 936 cap.
433 853 632 919 mun:
649 858 678 920 si
695 856 879 942 indignis¹⁸
896 857 1088 943 quibusque
1098 866 1133 922 et
1143 859 1244 944 longe
1254 866 1352 923 extra

28 957 30 968 ¹
65 963 267 1028 sacerdotale
290 964 454 1026 meritum
476 965 675 1028 constitutis
699 965 867 1047 pastorale
892 963 1072 1051 fastigium
1096 973 1131 1030 et
1146 965 1353 1052 gubernatio

64 1071 198 1136 ecclesie
220 1071 331 1150 detur,
353 1091 424 1134 non
445 1071 847 1156 111101111111110111111,
872 1073 932 1137 sed
947 1095 1077 1157 nocere,
1100 1097 1163 1139 nec
1180 1081 1352 1158 praestare

63 1183 219 1264 regimen,
241 1179 301 1243 sed
318 1200 443 1263 augere
459 1177 650 1243 discrimen.
674 1179 722 1244 Et
744 1183 782 1244 in
806 1181 924 1245 eodem
947 1182 1097 1266 capitula
1115 1189 1190 1265 post
1207 1189 1352 1266 pauoall.
1409 1173 1411 1180 ¹

28 1357 30 1362 .
63 1287 209 1352 Difficile
233 1293 294 1366 est,
319 1293 359 1349 ut
383 1284 470 1350 bono
496 1295 703 1370 peragantur
726 1290 831 1372 exitu,
860 1311 926 1374 que
956 1289 1046 1354 malo
1079 1297 1159 1354 sunt
1192 1290 1352 1354 inchoata

28 1437 30 1486 ζ
66 1398 233 1478 principie.
258 1394 307 1458 Et
339 1395 377 1457 in
409 1392 546 1457 decreto
579 1416 664 1476 pape
697 1394 853 1460 celestini
886 1399 1108 1462 antecessoris
1140 1400 1248 1462 111111Ι
1281 1421 1351 1480 1111.

28 1551 29 1592 3
63 1501 174 1568 XVII.
198 1503 404 1580 continetur,
427 1521 470 1564 ne
493 1499 598 1564 alicui
621 1499 715 1564 locus
738 1501 946 1566 concedatur
969 1503 1139 1568 sacerdoti
1154 1506 1192 1567 in
1209 1503 1352 1568 alterius

62 1613 227 1675 iniuriam.
283 1607 493 1672 Antecessor
546 1613 662 1672 vester
707 1609 938 1674 Zuentibaldo
995 1610 1080 1675 duce
1135 1613 1351 1694 impetrante.

28 1727 29 1740 ¹
63 1717 284 1802 Wichingum
330 1718 543 1780 consecravit
589 1718 793 1801 episcopum,
839 1725 874 1782 et
920 1741 1135 1803 nequaquam
1176 1721 1214 1782 in
1251 1718 1352 1783 illum

62 1828 238 1910 antiquum
278 1826 513 1907 pataviensem
559 1825 792 1906 episcopatum
838 1847 917 1889 eum
962 1827 1163 1909 transmisit,
1209 1827 1268 1890 sed
1314 1828 1352 1890 in

28 1917 31 2066 1
63 1934 228 2018 quandam
250 1933 451 2016 neophitam
474 1941 620 2018 gentem,
654 1955 757 2018 quam
779 1936 852 2016 ipse
885 1935 955 1998 dux
988 1935 1121 1998 domuit
1155 1935 1283 2016 bello²⁰,
1317 1948 1351 2000 11

28 2079 30 2112 ,
62 2065 97 2105 ex
114 2044 258 2128 paganis
283 2041 487 2106 chr'mtianos
511 2063 582 2104 esse
607 2043 767 2124 patravit.
801 2041 890 2108 Cum
917 2051 1033 2108 autem
1062 2044 1350 2108 1111111181111111

28 2113 31 2212 1
64 2149 148 2214 locus
181 2149 465 2214 familiaritatis²³²
496 2148 587 2231 apud
619 2149 752 2233 legatos
784 2159 917 2214 vestros
950 2151 1106 2234 dabatur,
1145 2151 1351 2216 accusabant

28 2221 30 2328 1
63 2279 116 2322 uos
137 2266 173 2323 at
192 2256 455 2323 (111111111111111
469 2277 531 2319 101
546 2259 583 2320 in
598 2256 727 2340 multis,
745 2265 780 2324 et
795 2259 911 2324 verbis
927 2259 1148 2324 mendacibus
1165 2259 1352 2340 instabant,

28 2329 32 2488 1
63 2370 134 2450 qnia
156 2388 260 2432 nemo
292 2368 341 2430 eis
372 2387 454 2429 vera
487 2364 723 2447 respondebat,
757 2364 918 2450 dicentes,
951 2388 1013 2431 nos
1045 2389 1123 2432 cum
1156 2365 1284 2432 francis
1316 2379 1352 2429 et

28 2491 30 2592 1
64 2473 244 2538 alamannis
283 2471 483 2538 scandalum
520 2469 690 2552 habuisse,
723 2495 802 2537 oum
833 2474 897 2538 hoc
931 2473 1057 2538 falsum
1096 2497 1167 2538 esse
1206 2497 1249 2538 ex
1286 2474 1352 2538 hoc

28 2647 30 2672 ,
64 2584 282 2662 convincitur,
305 2582 386 2665 quia
409 2580 608 2644 amicissimi
630 2581 741 2643 nostri
764 2589 845 2644 sunt
865 2590 899 2644 et
916 2584 1092 2645 caritativi
1108 2589 1351 2664 cooperatores,

28 2713 30 2758 3
65 2693 218 2753 11111111
242 2709 323 2752 cum
344 2688 428 2770 ipsis
453 2688 641 2768 impacatos
664 2709 736 2750 esse
760 2688 975 2754 accusabant.
1009 2689 1107 2766 Quod
1131 2711 1200 2752 non
1233 2697 1351 2752 nostra

28 2783 30 2850 1
66 2795 153 2879 culpa
176 2798 349 2880 exigente,
373 2793 432 2857 sed
456 2815 517 2857 sua
541 2796 714 2876 protervia
739 2793 896 2878 faciente,
921 2797 971 2859 ita
995 2795 1147 2860 fatemur
1169 2817 1249 2878 esse,
1269 2799 1349 2880 quia

28 2879 30 2898 .
66 2903 190 2986 quando
223 2902 459 2966 christianitas
497 2900 568 2984 illis
607 2903 697 2984 cepit
730 2901 902 2984 vilescere,
941 2910 976 2966 et
1014 2905 1154 2985 insuper
1193 2903 1350 2968 debitum

28 2999 30 3058 !
64 3009 227 3075 tributum
250 3007 442 3074 senioribus
465 3009 592 3072 nostris
615 3007 755 3092 regibus
778 3019 813 3074 et
838 3010 1050 3093 principibus
1074 3031 1190 3074 eorum
1219 3011 1350 3082 solvere

28 3113 31 3186 1
66 3125 269 3201 respuerimt,
285 3115 443 3201 belloque
460 3117 619 3180 resistere
636 3125 669 3180 et
686 3125 825 3200 gentem
840 3125 993 3181 nostram
1004 3125 1167 3200 ceperunt
1178 3118 1350 3190 lacessere,

28 3199 32 3340 1
65 3233 128 3289 orta
151 3235 206 3290 est
230 3224 356 3289 seditio
380 3226 471 3288 inter
494 3223 580 3287 illos
603 3223 651 3288 Et
675 3225 811 3308 quando
835 3228 938 3288 armis
955 3225 1021 3290 sibi
1038 3247 1093 3290 eos
1110 3225 1350 3306 defenderunt,

28 3341 31 3432 1
65 3336 139 3397 etin
155 3335 342 3398 servitium
357 3331 573 3415 redegenmt,
588 3330 746 3395 idcirco*⁴
762 3334 836 3396 iure
854 3335 989 3414 proprio
1007 3331 1209 3398 tributarios
1224 3331 1350 3397 habere

28 3433 33 3510 1
65 3438 249 3504 1111111111
271 3447 307 3504 11
340 3438 476 3521 debent,
508 3445 544 3501 et
576 3439 650 3502 sive
681 3438 802 3520 velint,
835 3443 907 3504 sive
941 3440 1061 3522 nolint,
1095 3462 1199 3526 regno
1233 3447 1350 3504 nostro

28 3541 31 3642 ,
65 3547 189 3612 subacti
221 3552 362 3612 erimus
395 3547 611 3629 Quapropter
642 3554 777 3629 oportet
816 3571 877 3612 vos
916 3548 960 3612 ab
999 3549 1070 3612 alto
1109 3548 1276 3632 speculari
1315 3555 1349 3610 et

28 3649 30 3742 1
67 3657 297 3721 moderaminis
336 3657 537 3738 temperiem
578 3677 656 3736 prae
696 3656 853 3720 omnibus
892 3667 1017 3738 tenere,
1057 3681 1099 3722 ne
1140 3660 1233 3739 peior
1274 3679 1349 3739 pars

66 3764 268 3828 confortetur
292 3771 326 3826 et
350 3762 470 3826 melior
492 3760 695 3840 infirmetur.
719 3763 960 3847 Progenitores
979 3787 1125 3849 namque
1142 3767 1349 3828 serenissimi

66 3873 194 3936 senioris
228 3873 340 3934 nostri
373 3869 591 3951 Ludowieiu,
630 3870 793 3933 videlicet
836 3873 1059 3954 imperatores
1098 3881 1132 3935 et
1172 3893 1267 3956 reges
1307 3893 1349 3934 ex

66 3976 340 4042 christianissima
379 3975 604 4041 francorum„
644 3984 747 4062 geute
796 3978 1004 4059 prodierunt,
1051 3981 1221 4042 moimarii
1266 3999 1349 4041 vero

1200 342 1351 405 ‘23

28 4075 30 4106 Ι

110 4197 128 4224 ¹²
147 4188 180 4240 B.
199 4188 248 4240 k.:
268 4193 488 4242 consecrantur.
808 4196 828 4224 ⁹³
847 4188 880 4240 B.
898 4189 946 4243 k.:
966 4189 1149 4242 accusabunt
1165 4195 1196 4241 et
1215 4187 1348 4240 (111111111-

109 4286 129 4314 ²¹
147 4277 180 4330 B.
198 4277 247 4332 k.:
266 4283 303 4330 ut
321 4277 347 4330 si
366 4276 507 4347 indignis·
751 4277 824 4329 bant
845 4294 906 4330 nos.

111 4375 130 4402 ¹·
147 4365 178 4418 R
197 4367 245 4422 k.:
265 4383 361 4436 pauca
379 4365 470 4418 utin:
490 4367 597 4435 inquit.
805 4373 827 4400 '⁴
846 4366 878 4418 B.
898 4366 943 4418 k.:
963 4367 1077 4418 iccirco.

110 4463 130 4490 ²·
148 4454 179 4507 B.
200 4455 247 4508 k.:
268 4453 331 4508 dux
351 4452 429 4508 bello
446 4451 569 4507 domuit.
807 4464 827 4490 ⁹⁵
847 4454 879 4506 B.
898 4455 945 4523 111
965 4455 1087 4508 fuerint.

111 4552 131 4580 ¹¹
148 4543 271 4598 Selivos.
807 4553 827 4580 ²⁸
846 4543 878 4596 B.
898 4545 944 4597 k.:
965 4543 1135 4597 Hludovici.

110 4639 130 4668 ¹¹
147 4632 357 4690 Familiaritis.
377 4632 410 4686 B.
429 4631 458 4685 k.
805 4641 825 4668 Η
845 4632 1035 4685 Francorum.

28 4915 30 4948 1
