3182 5208
209 348 252 412 70

207 545 354 629 homine,
376 552 475 611 tanto
499 549 707 629 prestantior
729 555 782 611 est
805 546 925 614 divina
948 569 1048 620 causa
1068 548 1266 620 mortalium
1283 554 1503 634 possessione.

207 653 360 730 Quarum
383 653 580 718 divinarum
599 675 713 718 rerum
737 653 896 721 defensor
919 655 1130 720 divinitate*
1152 663 1187 720 et
1211 661 1325 721 custos
1348 663 1503 724 statutus

208 757 370 845 diligenti
385 783 466 825 cura
482 782 551 825 non
567 759 678 826 solum
693 783 749 826 ees
763 783 908 846 servare,
931 759 991 828 sed
1015 767 1120 828 etiam
1143 763 1374 848 multiplicare
1397 764 1504 830 debet

208 871 385 954 magisque
401 867 461 935 illa
477 872 706 952 prestantiora
722 892 787 956 que
803 870 954 936 diximus
969 893 1073 956 quarn
1083 893 1143 936 sua
1155 867 1159 958 Ι
1171 871 1355 960 defendere
1365 861 1503 958 oportet

208 981 243 1038 et
266 963 497 1061 augmentare.
522 976 559 1041 Si
582 979 659 1062 quis
681 979 791 1063 igitur
814 981 954 1044 insanus
980 969 1263 1063 inoportunitate
1280 979 1503 1063 inprobitatis

207 1103 267 1147 sue
290 1105 406 1168 regem
438 1106 458 1147 a
492 1089 586 1148 recto
619 1087 792 1168 proposito
826 1089 1044 1170 pervertere¹⁵
1073 1089 1306 1171 temptaverit,
1329 1087 1502 1173 nullisque

208 1189 367 1256 remediis
390 1191 545 1276 mitigari
569 1211 665 1274 posse
689 1194 785 1256 visus
817 1188 934 1275 fuen't5
963 1192 1159 1278 1111111111ὃ
1182 1191 1356 1280 aliquibus
1378 1195 1503 1258 transi-

208 1301 306 1362 toriis
330 1300 376 1362 sit
401 1299 619 1382 necessarius⁷
651 1298 925 1364 abscindendus⁷
949 1298 994 1364 ab
1021 1321 1060 1366 eo
1084 1299 1416 1386 prescindendusque
1440 1309 1502 1384 est,

208 1410 305 1472 iuxta
328 1407 414 1472 illud
439 1408 694 1493 evangelicum:
719 1411 748 1472 si
772 1431 839 1492 pes,
854 1431 976 1474 manus
990 1409 1048 1474 vel
1063 1409 1182 1500 oculus
1194 1417 1276 1474 tuus
1291 1408 1502 1474 scandalizat

207 1521 251 1596 te,
274 1523 414 1598 amputa
437 1517 540 1596 eum⁸,
563 1522 598 1580 et
622 1517 748 1598 proiice
771 1515 832 1580 abs
855 1521 914 1580 111.

315 1621 360 1686 Π.
398 1617 450 1686 De
484 1621 660 1708 potestate
699 1617 946 1708 episcoporum
986 1639 1094 1708 super
1131 1640 1187 1687 res
1233 1619 1502 1704 ecclesiasticas,

208 1745 401 1815 eorumque
446 1725 691 1794 conuenientia
734 1747 816 1794 cam
864 1726 1006 1795 laicis10.
1053 1730 1232 1810 Volumus¹
1267 1739 1306 1796 ut
1352 1733 1502 1816 episcopi

207 1833 357 1900 habeant
380 1841 595 1919 potestatem,
620 1858 673 1900 res
696 1837 942 1902 ecclesiasticas
967 1838 1154 1921 providere,
1179 1858 1296 1922 regere
1319 1845 1354 1902 et
1378 1838 1502 1924 guber-

208 1965 298 2026 nare,
321 1951 424 2028 atque
448 1931 643 2026 dispensare
667 1944 855 2008 secundum
886 1947 1083 2010 canonicam
1114 1947 1364 2011 auctoritatem.
1397 1945 1502 2012 Velu-

208 2071 284 2114 mus
300 2057 340 2114 ut
355 2057 390 2116 et
405 2051 485 2116 laici
501 2053 538 2115 in
554 2071 670 2116 eorum
686 2053 877 2116 ministerio
893 2050 1056 2118 obediant
1079 2053 1245 2135 episcopis
1268 2053 1312 2116 ad
1335 2052 1502 2138 regendas

208 2157 376 2241 ecclesias,
399 2159 522 2223 viduas
546 2166 581 2224 et
604 2157 772 2242 orphanos
796 2157 1061 2242 defensandos¹¹‚
1084 2167 1120 2224 et
1142 2157 1341 2224 obedientes
1364 2163 1434 2224 sint
1457 2159 1501 2224 ad

208 2287 325 2330 eorum
356 2266 645 2330 christianitatem
672 2265 883 2330 servandam.
915 2267 1243 2352 Consentientesque
1267 2269 1337 2332 sint
1352 2251 1503 2332 comites

208 2381 243 2438 et
266 2373 397 2438 iudices
421 2373 612 2458 presulibus
637 2359 711 2438 suis
735 2373 778 2436 ad
812 2376 963 2438 iustitias
995 2373 1179 2458 faciendas,
1211 2377 1309 2440 iuxta
1342 2383 1502 2460 precepta

153 2465 155 2468 ¹
208 2481 294 2568 legis
317 2480 443 2546 divine.
467 2482 514 2555 Eu
538 2480 734 2546 nullatenus
758 2503 818 2564 per
840 2465 1033 2567 aliquorum
1056 2482 1272 2548 mendacium
1294 2482 1352 2546 vel
1376 2481 1501 2546 falsum

208 2591 444 2654 testimonium
466 2611 576 2674 neque
595 2590 788 2672 periurium
811 2597 872 2652 aut
895 2612 955 2672 per
972 2591 1140 2672 premium
1156 2589 1211 2654 lex
1227 2592 1318 2654 iusta
1334 2592 1371 2654 in
1387 2590 1502 2676 aliquo

209 2697 454 2780 depravetur¹¹.
495 2755 496 2758 ,

315 2803 379 2868 ΠΙ.
406 2799 536 2886 Quales
560 2799 686 2868 debent
719 2819 793 2866 esse
825 2803 927 2866 testes
961 2805 994 2866 ct
1026 2805 1253 2869 accusatores
1278 2802 1502 2870 clericorum.

209 2913 327 2978 Testes
351 2913 442 2976 enim
466 2919 501 2976 et
524 2917 737 2976 accusatores
764 2909 965 2974 clericorum
997 2913 1070 2976 sine
1103 2911 1218 2997 aliqua
1246 2913 1316 2976 sint
1349 2911 1502 2993 infamia,

209 3041 330 3085 uxores
354 3027 389 3083 et
412 3018 501 3082 filios
523 3017 697 3098 habentes,
721 3024 756 3081 et
779 3019 917 3082 omnino
941 3018 1119 3082 Christum
1142 3019 1367 3102 predicantes.

315 3125 376 3192 IV.
401 3121 487 3190 Item
513 3121 556 3189 de
579 3121 713 3190 eodem.
748 3123 1000 3189 Testimonium
1033 3124 1112 3188 laici
1144 3125 1308 3190 adversus
1340 3126 1502 3191 clericum

208 3257 308 3300 nemo
331 3236 483 3318 recipiet.
506 3233 616 3298 Nemo
638 3233 730 3296 enim
754 3231 916 3296 clericum
941 3231 1131 3316 quemlibet
1154 3235 1191 3296 in
1215 3232 1357 3316 publico
1376 3236 1502 3298 exami-

208 3365 290 3407 nare
314 3348 496 3425 presumat,
519 3341 587 3404 nisi
609 3339 646 3403 in
669 3339 848 3403 1111111118.
1476 3396 1479 3401 .

316 3449 357 3513 V.
380 3444 433 3512 De
458 3443 581 3512 labore
603 3441 842 3510 sacerdotum.
863 3446 993 3511 Scitote
1012 3446 1136 3511 iratres
1153 3450 1277 3528 cuncti,
1293 3447 1384 3532 quod
1401 3469 1503 3530 super

209 3579 325 3624 omnes
356 3577 418 3620 vos
448 3554 582 3618 laborat
615 3553 778 3616 sacerdos.
812 3553 909 3618 Unus
941 3556 1085 3638 quisque
1109 3557 1200 3620 enim
1223 3563 1378 3620 vestrum
1402 3577 1502 3620 suurn

109 3745 110 3750 γ
209 3665 278 3730 fert
301 3663 452 3730 laborem
476 3663 660 3746 proprium,
684 3659 742 3724 ille
766 3681 848 3724 vero
871 3667 906 3726 et
930 3682 1029 3726 suum
1049 3668 1085 3726 et
1108 3663 1331 3748 singulorum.
1355 3663 1402 3728 Et
1426 3662 1503 3727 ideo

209 3775 298 3837 sicut
322 3769 380 3834 ille
405 3790 464 3853 pro
488 3767 655 3852 omnibus,
678 3771 728 3832 ita
751 3776 787 3833 et
810 3789 871 3832 vos
895 3789 1011 3832 omnes
1036 3790 1095 3852 per
1127 3791 1165 3832 eo
1199 3791 1331 3836 summo
1364 3778 1504 3854 opere1⁴

208 3878 363 3944 laborare
379 3877 521 3960 debetis,
544 3878 581 3940 in
604 3883 741 3940 tantum
764 3881 806 3939 ut
829 3879 858 3942 si
881 3879 1065 3941 necessitas
1089 3875 1349 3942 fueritanimas
1371 3885 1504 3944 vestras

208 4008 270 4072 pro
293 4007 332 4051 eo
355 3977 498 4069 ponatis.
830 3993 833 4004 ·
877 3991 879 3996 ’

160 4251 167 4262 ,
263 4209 275 4236 ⁴
293 4199 449 4251 divinitus
967 4203 988 4233 ¹⁰
1007 4191 1093 4248 Cone.
1113 4193 1190 4265 Meg.
1210 4195 1262 4249 27..
1273 4199 1353 4265 pont.

263 4293 419 4342 Ι1111111.
968 4293 986 4320 ¹¹
1006 4283 1212 4338 defendendos.

263 4388 274 4418 ⁸
293 4379 365 4432 licet
382 4376 538 4445 obsequiis.
966 4380 987 4409 ¹⁸
1006 4373 1041 4426 V.
1060 4379 1086 4428 ὃ.
1104 4373 1236 4428 Kalman
1255 4373 1278 4428 L
1298 4375 1341 4429 65.

264 4475 274 4504 s
293 4464 486 4519 abiiciendus.
966 4475 987 4502 ¹⁸
1006 4463 1115 4519 Concil.
1135 4465 1269 4536 Megunt.
1287 4465 1349 4520 888.
1369 4465 1410 4518 12.
1424 4471 1505 4536 pont.

263 4560 414 4625 Β1111111
432 4553 495 4607 illa.
966 4564 986 4592 ²⁴
1004 4571 1126 4609 suorum
1144 4571 1266 4626 operum
1284 4573 1303 4608 a.
1321 4549 1506 4608 kduiratbsn.

264 4642 375 4698 'Mtte
394 4660 500 4714 evang.
520 4643 555 4696 V.
574 4645 617 4698 29.
