3160 5212
1276 371 1341 435 373

57 571 308 636 tumultuariam
331 591 448 634 eorum
466 570 630 634 adversus
654 571 850 634 universam
874 567 1093 634 nobilitatem
1116 569 1180 634 sub
1205 571 1341 633 nomine

56 680 236 744 cruciatae.
263 678 371 742 ductu
399 676 576 741 cuiusdam
605 675 841 740 coloratissimi
864 676 1007 740 latronis
1030 675 1172 761 Georgii
1196 676 1343 761 Szekely

58 785 218 870 appellati,
241 787 533 867 insurrectionem,
557 806 599 849 ex
627 805 735 869 eoque
767 791 885 848 notam
917 792 1101 868 perpetuae
1124 782 1342 848 infidelitatis

57 914 163 956 eorum
188 893 425 972 incursionem,
449 893 587 974 penitus
609 893 807 955 amiserunt.
831 889 1055 976 Dominisque
1088 912 1205 955 eorum
1238 899 1343 956 terre-

57 998 177 1064 stribus
199 1021 293 1064 mera
317 1005 352 1062 et
375 1005 540 1082 perpetua
560 996 634 1082 jam
658 999 854 1062 rusticitate
877 995 1025 1081 subjecti
1049 1005 1138 1062 sunt.

154 1107 221 1184 Qui
244 1105 428 1170 secundam
451 1103 562 1189 legem
586 1112 621 1168 et
645 1105 927 1169 consuetudinem
955 1105 1057 1170 huius
1088 1109 1187 1192 regni
1211 1107 1341 1171 dudum

56 1214 278 1298 approbatam,
311 1214 443 1277 ratione
481 1232 761 1296 quorumcunque
800 1214 1017 1295 negotiorum
1042 1213 1207 1296 (exceptis
1239 1211 1342 1278 rebus

58 1321 160 1386 forum
185 1321 452 1386 ecclesiasticum
485 1317 666 1382 manifeste
691 1317 988 1398 concernentibus)
1021 1341 1083 1384 nec
1116 1321 1153 1382 in
1186 1341 1342 1403 praesen-

56 1433 131 1494 tiam
164 1429 317 1493 iudicum
356 1426 606 1490 ordinariorum
639 1428 746 1510 regni,
779 1447 841 1489 nec
873 1427 1080 1490 vicariorum
1113 1427 1342 1509 ecclesiarum,

18 1525 19 1528 ยน
56 1536 103 1600 vel
126 1536 272 1600 aliorum
296 1533 449 1597 iudicum
477 1531 719 1615 spiritualium,
752 1532 810 1596 sed
836 1553 945 1616 neque
979 1535 1144 1597 comitum
1169 1533 1343 1616 parochia-

18 1857 20 1912 l

18 1919 20 1982 l

18 1985 20 1996 1

18 2019 20 2034 l

18 2149 20 2162 l

18 2165 20 2190 l

57 1643 131 1708 lium
155 1644 349 1728 aliquorum
373 1643 576 1735 comitatum
600 1639 803 1724 simpliciter
835 1649 870 1704 et
895 1639 1024 1703 directe
1048 1642 1148 1704 citari
1183 1650 1342 1724 possunt,

57 1751 108 1815 sed
131 1772 249 1816 eorum
281 1771 323 1814 ex
357 1757 454 1832 parte
480 1747 623 1812 cuilibet
647 1747 844 1833 querulanti
876 1755 980 1831 atque
1013 1751 1177 1830 causanti,
1210 1748 1342 1812 domini

57 1862 199 1942 ipsorum
242 1866 421 1923 terrestres
453 1865 556 1940 atque
591 1855 804 1938 temporales,
837 1857 910 1918 sive
943 1857 1014 1918 sint
1046 1855 1235 1919 saeculares
1268 1857 1340 1920 sive

56 1967 251 2049 spirituales,
280 1963 451 2050 judicium
484 1972 519 2028 et
552 1965 723 2028 iustitiam
756 1965 904 2046 primum
937 1962 1133 2045 impendere
1171 1969 1341 2031 tenentur.

152 2075 202 2139 Et
235 2073 374 2137 tandem
407 2093 509 2153 super
541 2070 737 2134 huiusmodi
766 2068 906 2154 judicic,
939 2073 968 2134 si
1002 2073 1152 2154 partium
1190 2074 1342 2155 ipsarum

56 2182 154 2246 altera
179 2181 372 2244 contentari
396 2178 564 2258 noluerit,
594 2199 731 2242 causam
756 2180 864 2261 ipsam
898 2180 935 2240 in
967 2180 1195 2260 praesentiam
1219 2177 1342 2242 iudicis

56 2292 101 2354 sui
123 2289 318 2372 superioris,
342 2285 385 2350 ad
409 2306 511 2370 quem
544 2284 674 2348 scilicet
707 2286 859 2368 cognitio
884 2285 1036 2348 eiusdem
1060 2307 1180 2349 causae
1213 2293 1342 2369 specta-

58 2393 108 2464 bit.
132 2396 358 2460 evidentioris
391 2400 425 2455 et
458 2393 656 2455 maturioris
689 2391 909 2456 discussionis
942 2401 976 2454 et
1009 2394 1189 2456 revisionis
1221 2396 1342 2476 gratia,

56 2503 213 2567 deducere
232 2505 366 2585 poterit.
390 2501 445 2565 Ita
469 2500 641 2578 videlicet,
664 2500 755 2584 quod
780 2502 809 2562 si
833 2521 933 2564 causa
957 2523 998 2564 ex
1023 2504 1095 2564 eius
1119 2503 1205 2565 serie
1228 2501 1341 2565 forum

56 2612 314 2676 ecclesiasticum
352 2629 554 2673 concerpere
591 2607 766 2687 videlitur,
798 2609 836 2670 in
867 2608 1033 2672 ordinarii
1065 2611 1118 2672 sui
1151 2609 1341 2672 dioecesani

57 2720 186 2804 eiusque
210 2719 340 2796 vicarii,
363 2719 392 2781 si
416 2725 531 2780 autern
555 2715 598 2779 ad
622 2714 772 2779 seculare
796 2716 962 2780 iudicium
995 2719 1141 2780 attinere
1166 2717 1342 2800 dignosce-

56 2835 121 2888 tur:
162 2828 200 2889 in
242 2827 377 2888 comitis
412 2822 615 2907 parochialis
649 2831 683 2886 et
714 2819 871 2904 judicum
909 2821 1077 2888 nobilium
1112 2827 1340 2907 praesentiam

18 3003 20 3012 ,
56 2931 312 2997 transmittenda
336 2935 410 2996 erit.

18 4279 21 4408 l

152 3039 223 3104 Tit.
247 3039 367 3104 XXX.
402 3034 564 3120 Qualiter
597 3034 690 3101 boun
724 3035 850 3102 rustici
883 3035 1051 3116 intestati,
1086 3035 1121 3101 in
1153 3034 1339 3101 dominum

56 3146 249 3212 lerresirem
274 3143 521 3212 devolvuntur.
556 3143 645 3209 Item
669 3148 817 3209 rusticus
843 3168 910 3210 una
934 3155 968 3210 et
993 3145 1176 3230 singularis
1200 3167 1340 3227 persona

56 3257 207 3336 existens
231 3253 432 3339 nullumque
456 3259 533 3336 post
557 3273 592 3316 se
616 3251 796 3317 haeredem
829 3261 864 3316 et
888 3274 1113 3316 successorem
1147 3251 1340 3336 legitimum

56 3361 252 3448 relinquens,
276 3383 377 3445 super
399 3359 500 3427 rebus
523 3362 594 3424 suis
618 3358 802 3424 mobilibus
827 3361 932 3424 libere
957 3362 1077 3424 testari
1102 3366 1222 3442 potest.
1251 3360 1341 3423 Hae-

56 3469 213 3534 reditates
236 3477 361 3551 tamen,
385 3471 414 3532 si
430 3472 544 3533 avitae
563 3467 703 3550 fuerint,
727 3469 865 3533 omnino
882 3470 919 3532 in
943 3468 1119 3532 dominum
1144 3475 1339 3532 terrestrem

55 3575 288 3642 devolvuntur.
323 3577 360 3642 Si
384 3599 465 3641 vero
490 3599 549 3659 per
577 3577 798 3658 semetipsum
823 3574 953 3639 fuerint
978 3577 1173 3659 acquisitae,
1198 3577 1234 3637 in
1257 3575 1341 3638 duas

55 3680 252 3749 dividantur
275 3693 397 3768 partes
421 3705 565 3768 quarum
589 3704 657 3746 una
681 3683 818 3747 domino
842 3685 916 3766 ipso
936 3683 1099 3762 terrestri,
1123 3681 1231 3745 altera
1252 3703 1341 3749 veru.

55 3792 102 3853 cui
126 3792 417 3856 testamentaliter
439 3791 618 3876 legaverit,
642 3789 801 3854 effective
825 3790 931 3854 cedet.

154 3899 193 3962 Si
215 3905 332 3962 autem
355 3901 540 3963 intestatus
564 3898 755 3980 decesserit,
779 3901 893 3962 omnia
921 3901 993 3961 eius
1019 3897 1114 3974 bona,
1138 3905 1210 3962 tam
1234 3896 1341 3961 mobi-

56 3999 103 4085 lia,
125 4027 230 4090 quam
253 4009 357 4070 etiam
381 4005 571 4070 immobilia
600 4006 642 4068 ad
677 4005 854 4068 dominum
879 4012 1075 4069 terrestrem
1100 4006 1340 4070 devolvuntur.

54 4105 114 4184 Qui
135 4121 217 4176 ante
240 4116 354 4178 omnia
378 4113 420 4177 de
444 4115 571 4178 eisdem
596 4113 694 4178 bonis
728 4135 787 4195 pro
813 4115 965 4197 exequiis
989 4120 1024 4177 et
1048 4113 1223 4196 sepultura
1248 4113 1341 4176 illius

58 4219 237 4300 providere,
261 4227 401 4285 cunctos
425 4220 548 4285 deinde
582 4220 767 4284 creditores
801 4241 877 4282 suos
911 4227 1088 4283 contentos
1127 4219 1267 4283 reddere
1306 4228 1340 4282 et

56 4321 164 4389 debita
203 4349 264 4391 sua
298 4329 488 4412 persolvere
522 4337 668 4394 tenetur.
710 4328 757 4393 Et
791 4328 965 4394 residuum
1004 4327 1170 4390 bonorum
1207 4347 1266 4408 pro
1306 4349 1339 4389 se

57 4432 186 4497 tandem
209 4435 330 4500 tollere
351 4445 471 4520 potest.

154 4539 225 4606 Ubi
249 4549 364 4607 tamen
388 4547 536 4609 rusticus
560 4543 741 4608 haeredem
767 4551 843 4626 post
867 4566 901 4606 se
926 4543 1104 4626 reliquerit
1137 4541 1339 4625 legitimum.

57 4651 86 4705 et
116 4645 233 4711 haeres
258 4649 421 4732 parvulus
454 4647 568 4731 fuerit,
602 4670 641 4711 ao
674 4656 822 4712 aetatem
856 4648 1035 4712 duodecim
1068 4667 1234 4711 annorum
1274 4667 1341 4711 uon
