3142 5214
201 369 266 432 582

201 566 277 630 culo
296 569 400 631 tertio
416 570 527 653 magis
543 574 683 632 cautum
698 590 770 632 esse
786 567 990 654 efflagitent,
1006 591 1024 634 e
1040 591 1076 634 re
1093 573 1315 653 ipsorummet
1332 569 1505 634 Statuam

201 673 372 756 duximus,
397 679 438 736 ut
462 671 688 737 difficultates
711 676 803 738 inter
834 673 920 759 illos,
952 677 1042 738 circa
1074 676 1184 739 dictos
1215 683 1286 740 tres
1318 674 1508 741 Articulos

201 786 385 864 vertentes,
408 779 583 845 amicabili
605 783 850 864 compositione
882 787 918 844 et
950 783 1138 866 concordia,
1170 782 1233 847 sub
1266 783 1507 849 ratificatione

201 895 319 951 nostra
343 886 509 953 Caesarea
532 889 653 974 Regia,
676 887 890 971 complanare
914 889 1094 972 studeant3
1117 889 1181 954 hac
1196 912 1278 955 vero
1294 913 1366 956 non
1384 915 1508 956 succe-

202 1077 337 1132 Statibus
356 1085 387 1132 et
406 1080 568 1135 Ordinibus
586 1081 683 1149 inita余
703 1080 935 1135 clementissime
954 1083 1131 1136 annuimus:
1150 1083 1254 1154 primo,
1267 1083 1394 1138 Judices
1410 1082 1509 1154 Regii

202 1172 234 1224 in
253 1187 380 1240 persona
399 1169 504 1225 Castra
522 1171 606 1242 sequi
624 1188 685 1225 non
704 1175 850 1242 cogantur
867 1173 919 1226 sed
939 1177 1000 1226 tres
1018 1173 1176 1244 primarios
1196 1175 1285 1240 cives,
1304 1179 1336 1226 st
1354 1173 1393 1227 de
1415 1173 1510 1228 bonis

202 1265 317 1330 septem
335 1259 479 1315 Judioum
498 1261 546 1332 (ut
564 1259 657 1331 vulgo
675 1260 798 1330 vocant)
817 1265 848 1314 et
865 1260 902 1314 de
921 1260 1007 1316 bonis
1025 1261 1254 1330 Cibiniensibus,
1286 1263 1407 1334 equites
1429 1261 1511 1316 bene

202 1353 334 1403 armatos
353 1350 388 1404 36
406 1367 475 1404 cum
494 1354 639 1420 apparatu
659 1349 804 1404 hactenus
822 1349 920 1420 solito,
941 1348 1121 1405 Coronenses
1140 1356 1240 1405 autem
1260 1353 1379 1423 equites
1411 1353 1449 1406 12
1469 1351 1508 1405 ad

202 1442 302 1492 castra
320 1439 463 1508 mittant余
484 1441 598 1511 pedites
617 1457 697 1508 vero,
715 1440 880 1496 secundum
899 1457 1001 1495 eorum
1020 1441 1222 1512 privilegium,
1241 1443 1274 1494 in
1292 1440 1508 1495 defensionem

203 1528 319 1598 patriae
338 1529 392 1582 500
418 1545 474 1583 nec
501 1529 602 1600 plures
633 1531 740 1583 sistere
771 1534 939 1584 teneantur.
970 1531 1013 1583 At
1043 1531 1070 1584 si
1100 1530 1212 1584 militia
1243 1530 1511 1602 Transsylvanica

204 1633 241 1670 ex
259 1616 329 1672 aliis
346 1618 528 1688 nationibus,
557 1635 663 1689 nempe
682 1618 838 1690 Hungaris
857 1624 888 1673 et
906 1619 1015 1674 Siculis
1034 1624 1182 1688 constans,
1201 1619 1276 1674 fines
1298 1620 1420 1690 patriae
1443 1635 1509 1671 non

204 1707 329 1776 excedit,
349 1724 444 1780 neque
462 1709 595 1778 ipsorum
614 1708 729 1778 pedites
747 1724 797 1762 eos
816 1708 958 1762 excedere
976 1707 1156 1779 obligentur.
1169 1708 1310 1776 Secundo,
1324 1725 1394 1762 cum
1408 1707 1511 1760 iidem

202 1797 357 1851 occasione
375 1797 497 1852 articuli
516 1798 558 1851 6.i
578 1797 636 1850 Tit.
655 1799 715 1852 eei
734 1797 767 1851 P.
786 1798 811 1852 3.
831 1797 959 1868 Approb.
989 1798 1029 1866 (A
1057 1797 1109 1850 VI.
1138 1797 1343 1852 Articulusbdl
1373 1795 1510 1850 idezzitk

203 1885 324 1941 ezeket:
343 1889 371 1940 A
390 1887 594 1960 Sztszstgnak
612 1888 775 1959 vtrmegye
794 1887 945 1943 fimdustn
973 1887 1041 1942 leve
1065 1887 1238 1960 jdsztgiban
1266 1886 1513 1959 megfogatando

203 1975 358 2048 aktrmely
377 1977 518 2042 latrokat,
538 1996 555 2032 a
575 1978 744 2050 Vtrinegye
763 1978 875 2032 Tisatei
893 1975 1022 2032 kereben
1042 1977 1073 2033 ds
1086 1994 1154 2032 nem
1167 1977 1291 2032 mtsuvt
1304 1976 1511 2031 tartozzanalr

203 2067 299 2134 vinni,
318 2065 408 2136 juxta
421 2067 520 2138 Regni
534 2069 747 2122 constationes.
761 2067 872 2139 llgyan
886 2084 959 2121 azon
972 2066 1173 2138 Sztsastgnak
1184 2066 1350 2138 specifictlt
1363 2065 1512 2137 stzdgi-

203 2153 271 2223 ban,
291 2153 331 2208 ha
348 2155 396 2208 kit
415 2173 433 2208 a
451 2156 562 2227 magok
582 2156 604 2212 J
605 2155 705 2226 daztgi
717 2156 805 2210 kdzill
818 2156 851 2210 ki
863 2172 932 2209 nem
945 2155 1083 2209 adntnak
1097 2154 1276 2224 Circtltson,
1290 2155 1322 2210 es
1334 2173 1352 2209 a
1365 2154 1514 2210 Circlala'as

203 2243 278 2298 utan
297 2244 409 2298 valami
428 2245 595 2300 criminalis
614 2244 761 2300 vetekben
781 2245 944 2312 taliltntilr,
967 2245 1092 2298 haltllal
1106 2243 1368 2298 bdntettethessek
1380 2263 1399 2298 a
1413 2245 1512 2300 Sat-az

204 2333 325 2387 Tisztek
352 2335 387 2396 is,
408 2351 472 2406 ugy
490 2335 724 2390 mindazonlaltal
743 2335 824 2406 hogy
843 2352 861 2389 a
880 2335 1049 2406 Vtrmegye
1068 2335 1142 2388 Vice
1161 2333 1336 2406 Isptnnytt,
1355 2351 1443 2404 vagy
1463 2335 1516 2390 Fe

204 2422 236 2478 ds
255 2423 329 2477 Vice
347 2421 453 2493 Saolga
471 2423 589 2494 Birajtt
606 2423 663 2478 oda
681 2424 811 2492 hivatni,
830 2441 848 2477 a
870 2422 1008 2494 Terveny
1036 2422 1175 2492 te'telkor,
1203 2439 1272 2476 nem
1299 2423 1516 2494 bizonysdgra

203 2529 314 2582 ugyan,
333 2527 396 2566 sem
415 2511 604 2580 Executiora,
624 2511 734 2566 hanam
752 2518 872 2583 propter
891 2513 1069 2566 relationem
1088 2511 1260 2565 adhibetlni
1283 2511 1515 2582 tartozzanak.)

204 2600 242 2656 ab
255 2599 441 2658 Officialibus
455 2603 660 2660 Comitatuum
679 2603 820 2658 Albensis
839 2610 871 2657 et
889 2604 925 2657 de
945 2603 1088 2670 Kdlrfllld,
1105 2603 1347 2672 jurisdictionem
1366 2603 1514 2672 ipsorum

205 2691 238 2743 in
256 2690 352 2760 bonis,
371 2697 406 2746 ut
425 2698 544 2760 vocant,
563 2697 679 2763 septem
697 2691 719 2747 J
720 2692 841 2747 udicum
854 2693 1025 2764 privilegiis
1037 2692 1194 2746 fundatam
1207 2691 1368 2763 aliquando
1382 2690 1515 2746 turbari

206 2781 304 2850 questi
322 2781 404 2850 sint余
423 2781 563 2837 volumus
582 2787 617 2836 ut
636 2782 708 2836 talis
726 2783 759 2835 in
787 2781 844 2835 boc
871 2781 996 2852 posthac
1022 2781 1095 2835 ordo
1122 2781 1314 2836 observetur:
1342 2779 1517 2836 Generalis

206 2869 436 2924 malefactorum
449 2872 656 2942 inquisitionis
669 2876 801 2941 tempore
814 2875 928 2942 septem
940 2871 961 2925 J
962 2871 1064 2924 udices
1076 2875 1219 2941 tanquam
1231 2869 1346 2924 domini
1359 2873 1519 2928 terestres

204 2959 435 3030 inquisitionem
455 2965 610 3031 peragant,
631 2961 664 3012 in
683 2975 742 3030 qua
754 2959 950 3029 inquisitione
968 2975 1021 3030 pro
1034 2959 1206 3013 testimonio
1224 2958 1403 3012 adhibeatur
1423 2977 1518 3015 unus

206 3046 241 3100 V.
261 3047 361 3102 Judex
381 3047 544 3116 Nobilium,
563 3049 751 3119 tempestive,
770 3049 803 3100 in
822 3047 902 3101 hunc
926 3047 1035 3102 finem:
1065 3050 1110 3101 1-o
1138 3046 1183 3102 Ut
1210 3047 1348 3102 sitalem
1376 3049 1410 3101 in
1440 3049 1517 3106 illis

205 3137 290 3208 pagis
303 3135 528 3192 malefactorem
540 3137 693 3192 extradari
707 3138 904 3208 contingeret,
916 3138 967 3208 qui
980 3138 1012 3190 in
1025 3136 1101 3191 alios
1112 3135 1192 3191 forte
1204 3153 1304 3208 pagos,
1315 3136 1514 3194 Officialium

206 3225 375 3281 Comitatus
390 3225 597 3295 jurisdictioni
615 3227 775 3297 subjectos,
795 3225 1016 3298 transfugisset,
1035 3241 1088 3297 per
1106 3227 1307 3298 praesentiam
1326 3227 1361 3281 V.
1381 3227 1517 3283 Judicis

206 3316 360 3370 Nobilium
387 3315 444 3370 hoc
472 3317 650 3385 innotescat,
679 3321 710 3369 et
737 3316 905 3386 impunitus
923 3332 984 3368 non
1011 3321 1140 3370 maneat.
1168 3315 1235 3370 2-do
1263 3321 1422 3386 prepterea
1452 3318 1516 3372 ille

209 3405 242 3459 V.
261 3404 362 3459 Judex
380 3403 536 3458 Nobilium
555 3404 742 3474 adhibeatur,
761 3409 796 3457 ut
814 3405 840 3458 si
869 3401 1020 3458 Officiales
1048 3408 1162 3474 septem
1189 3403 1333 3458 Judicum
1360 3405 1515 3461 malefac-

206 3500 302 3548 torem
320 3494 512 3548 extradatum
532 3511 584 3565 pro
602 3495 710 3548 merito
729 3511 789 3548 non
818 3493 967 3563 punirent,
996 3493 1028 3546 in
1056 3509 1091 3546 eo
1119 3509 1189 3548 casu
1217 3510 1269 3564 per
1298 3494 1332 3548 V.
1360 3494 1514 3551 Judicem

206 3585 361 3639 Nobilium
378 3583 460 3638 facta
482 3584 518 3642 ad
548 3583 715 3639 Comitatus
742 3582 895 3638 Officiales
921 3581 1076 3651 relatione,
1104 3582 1321 3638 admoneantur
1349 3583 1516 3641 Officiales

205 3681 320 3745 septem
339 3674 482 3729 Judioum
507 3679 542 3726 ut
569 3673 792 3728 malefactorem
822 3671 1014 3727 extradatum
1031 3673 1176 3741 puniant余
1204 3673 1256 3742 qui
1284 3673 1311 3727 si
1330 3671 1388 3727 hoc
1408 3675 1515 3730 etiam

206 3764 405 3834 neglexerint,
431 3761 599 3817 Comitatus
621 3762 773 3818 Officiales
791 3779 942 3816 summum
961 3761 1175 3831 Magistratum
1194 3761 1244 3815 vel
1262 3760 1513 3819 Gubernatorem

206 3853 306 3924 Regni
325 3869 413 3923 super
442 3869 476 3906 eo
495 3851 667 3921 informent,
697 3869 748 3923 per
767 3867 855 3923 quem
874 3849 1026 3906 Officiales
1051 3855 1166 3921 septem
1191 3850 1336 3906 Judioum
1354 3852 1392 3905 ad
1411 3853 1516 3908 male-

205 3943 336 3997 factores
355 3941 520 4012 puniendos
538 3940 594 3994 sub
613 3958 708 4012 poena
726 3941 860 4011 homagii
880 3936 1050 4010 adiganturss
1077 3939 1142 3993 Imo
1161 3940 1254 3993 etiam
1275 3947 1394 4012 praeter
1413 3960 1515 4013 gene-

205 4032 300 4088 ralem
319 4028 547 4086 malefactorum
566 4031 802 4101 inquisitionem,
821 4030 849 4084 si
868 4046 906 4082 ex
924 4029 1010 4099 pagis
1030 4027 1197 4084 Comitatus
1210 4027 1395 4084 Officialium
1411 4031 1515 4101 juris-

205 4126 332 4180 dictioni
351 4123 494 4193 subjectis
513 4123 623 4194 aliquis
644 4123 820 4178 malefactor
838 4138 870 4176 se
889 4124 922 4176 in
941 4137 1033 4192 pagos
1051 4121 1100 4176 vel
1119 4121 1197 4176 bona
1217 4127 1333 4193 septem
1358 4120 1513 4178 Judioum

204 4216 360 4285 reciperet,
379 4213 472 4268 talem
491 4214 583 4266 etiam
611 4217 772 4267 teneantur
800 4212 836 4266 ad
867 4213 1095 4283 requisitionem
1122 4210 1289 4267 Comitatus
1318 4210 1513 4266 Officialium

206 4305 331 4376 punire余
351 4301 562 4373 quodquidam
580 4303 607 4356 si
620 4302 850 4372 posthabuerint
862 4302 910 4356 vel
924 4302 1123 4372 neglexerint,
1146 4301 1231 4355 modo
1251 4302 1387 4372 proxime
1405 4300 1513 4354 decla-

206 4401 272 4448 rato
292 4409 363 4463 erga
385 4393 464 4462 ipsos
483 4391 669 4462 procedatur.
697 4391 844 4444 Similiter
870 4391 897 4444 si
926 4407 963 4444 ex
982 4389 1068 4443 bonis
1090 4395 1204 4460 septem
1222 4389 1366 4445 Judioum
1391 4389 1513 4461 aliquis

205 4482 382 4538 malefactor
400 4482 432 4535 in
451 4497 544 4552 pagos
563 4479 730 4535 Comitatus
750 4479 934 4534 Officialium
956 4479 1160 4549 jurisdictioni
1179 4479 1330 4549 subjectos
1348 4480 1512 4548 transiret,

205 4573 362 4628 informati
393 4588 411 4624 a
441 4574 555 4640 septem
587 4567 747 4623 Judicibus
775 4568 824 4622 vel
856 4584 957 4622 eorum
986 4566 1125 4635 Officiali,
1155 4566 1322 4622 Comitatus
1350 4566 1513 4623 Officieles

206 4667 367 4717 teneantur
395 4660 473 4714 tales
495 4658 704 4712 malefactores
731 4657 839 4728 punire
866 4657 952 4712 modo
981 4657 1025 4709 uti
1055 4673 1144 4726 supra
1166 4657 1289 4711 dictum.
1317 4655 1511 4712 Ulteriorern
