3124 5216
57 613 130 671 tate
171 605 320 672 Casuum
361 612 396 670 et
432 606 788 689 Circumstantiarum,
821 609 1058 691 praetermissa
1091 609 1196 671 etiam
1235 629 1351 691 seque-

55 715 231 796 stratione,
253 711 452 778 hominibus
474 713 633 796 Captivis
654 713 928 778 administranda
951 713 1211 779 ordinabuntur.

165 816 192 904 ξ.
216 823 247 885 4.
269 819 399 886 Causae
422 842 503 885 vero
528 822 679 904 cognitio
698 827 733 885 et
749 822 874 886 revisio
891 843 933 886 ex
949 811 1016 906 quo
1032 822 1161 886 directe
1181 822 1225 885 ad
1244 821 1350 886 solam

55 927 203 1013 Regiam
221 926 439 1012 Majestatem
463 931 668 1012 pertineret;
692 926 845 993 manebit
862 951 964 1014 penes
980 927 1146 1013 Ejusdem
1163 928 1350 1013 benignum

54 1034 247 1120 arbitrium,
271 1038 344 1102 sive
368 1038 459 1101 intra
483 1039 556 1101 sive
580 1042 677 1100 extra
692 1036 854 1120 Regnum
872 1034 1070 1120 hujusmodi
1086 1044 1185 1101 atrox
1201 1035 1350 1118 Crimen,

55 1142 125 1208 Sua
163 1143 434 1229 Caesare-Regia
466 1139 629 1227 Majestas
661 1147 698 1208 in
721 1145 880 1227 Persona,
913 1166 991 1210 cum
1023 1144 1237 1210 Consiliariis
1271 1144 1349 1209 Suis

54 1249 247 1336 Ungaricis,
279 1252 467 1316 secundum
498 1253 608 1336 Leges
640 1253 776 1316 Patriae
808 1252 1035 1318 revidendum
1067 1261 1102 1318 et
1121 1250 1349 1336 judicandum

54 1361 226 1442 suscipere
249 1359 344 1424 velit.
561 1351 564 1356 ¹
1158 1341 1161 1352 ¹

165 1462 192 1549 ξ.
217 1465 246 1529 5.
271 1465 307 1530 Si
331 1465 555 1530 nihilominus
588 1462 777 1548 praelibata
810 1464 878 1529 Sua
911 1463 1075 1549 Majestas
1107 1467 1228 1550 Regia,
1262 1461 1350 1550 ejus-

55 1573 148 1637 modi
180 1571 384 1638 Judicatum
417 1571 553 1656 propria
586 1571 654 1636 Sua
686 1574 724 1636 in
755 1572 904 1636 Persona
937 1594 1092 1636 exercere
1116 1571 1241 1652 nollet;
1265 1581 1348 1636 tunc

53 1679 206 1764 Judices,
237 1679 312 1746 loco
344 1683 405 1764 sni,
438 1678 604 1764 Ungaros,
637 1701 697 1764 pro
730 1679 873 1746 arbitrio
906 1680 1017 1765 Regio
1051 1664 1267 1764 delegandos,
1305 1678 1349 1741 ad

52 1787 244 1852 Causamm
267 1786 435 1872 ejusmodi
459 1790 699 1872 cognitionem,
722 1789 860 1852 omnino
884 1791 985 1870 intra,
1008 1795 1043 1852 et
1067 1809 1137 1852 non
1161 1793 1258 1852 extra
1282 1786 1350 1850 Re-

52 1916 163 1980 gnum
184 1895 376 1960 ordinabit:
407 1895 475 1973 Qui
497 1895 541 1959 ad
577 1903 727 1960 mentem
761 1903 1038 1979 praenotatarum
1070 1895 1185 1979 Regni
1208 1894 1349 1977 Legum,

54 2000 223 2086 ejusmodi
246 1999 393 2068 Causam
416 2001 641 2084 revidebunt;
665 2025 704 2066 ac
728 2003 868 2066 tandem
892 2003 1093 2066 Processum
1116 2001 1239 2066 exinde
1272 1999 1349 2064 sub

53 2110 275 2195 sequendum,
299 2133 376 2174 cum
400 2117 473 2176 tota
497 2131 557 2174 sua
581 2112 676 2192 serie,
700 2109 825 2174 Eidem
848 2110 993 2194 Regiae,
1011 2107 1189 2194 Majestati
1221 2107 1348 2173 referre

53 2215 239 2281 debebunt.

162 2321 191 2407 ξ.
215 2323 244 2388 6.
269 2320 504 2407 Fidejussione
529 2322 629 2407 (quae
653 2325 689 2389 in
712 2323 790 2387 aliis
813 2326 920 2388 etiam
944 2322 1158 2408 simplicibus
1183 2321 1348 2406 Capitali-

54 2431 117 2495 bus
142 2430 356 2497 Criminibus
379 2430 492 2495 locum
515 2451 584 2494 non
607 2429 724 2510 habet)
750 2433 786 2494 in
804 2429 1002 2514 hujusmodi
1018 2415 1179 2495 atrociori
1195 2410 1347 2494 Crimine

53 2538 314 2621 Perduellionis,
337 2537 401 2603 sub
425 2538 570 2602 decursu
593 2539 826 2604 instituendae
849 2539 1055 2620 Revisionis,
1079 2559 1139 2601 seu
1157 2537 1348 2616 Processus,

51 2646 152 2710 velut
191 2667 251 2730 pro
289 2649 473 2712 securitate
510 2645 653 2729 Capitis,
691 2643 933 2727 insufficiente,
972 2651 1007 2708 et
1045 2650 1185 2727 propter
1216 2649 1347 2706 metum

52 2752 215 2838 profugii,
247 2761 319 2818 tam
351 2755 458 2837 ipsius
490 2753 566 2836 Rei,
598 2775 701 2839 quam
739 2755 845 2817 etiam
883 2749 1111 2835 Fidejussoris
1151 2749 1348 2834 periculosa,

49 2863 255 2946 neutiquam
267 2860 434 2924 admissa.

161 2963 189 3051 ξ.
215 2969 243 3032 7.
266 2965 457 3050 Praeterea,
480 2990 524 3032 an
548 2966 745 3050 Accusator,
769 2988 829 3030 seu
852 2967 1012 3048 Delator;
1036 2967 1079 3032 ad
1111 2954 1347 3032 testimonium

50 3079 88 3140 in
112 3075 267 3140 Crimine
290 3075 363 3159 hoc,
386 3075 483 3140 velut
507 3082 658 3158 excepte,
681 3075 831 3158 admitti,
855 3074 911 3139 vel
935 3077 1103 3139 removeri
1138 3073 1278 3155 debeat,
1310 3074 1347 3138 id

49 3179 173 3267 ipsum
190 3179 322 3248 Judicii
344 3182 490 3247 arbitrio
514 3182 729 3266 relinquitur.

162 3285 190 3373 ξ.
214 3289 243 3353 8.
268 3289 305 3354 Si
328 3297 446 3360 tamen
478 3312 538 3373 per
569 3289 795 3371 Calumniam,
827 3296 888 3352 aut
921 3289 1052 3372 dolose;
1084 3269 1146 3354 aut
1177 3289 1346 3354 malitiose

47 3399 248 3482 quempiam
271 3399 423 3480 incuset;
455 3405 517 3462 aut
540 3419 582 3461 ex
605 3417 753 3478 rancore,
778 3402 813 3459 et
836 3397 982 3461 nocendi
1005 3397 1129 3480 studio,
1156 3395 1261 3460 dubia
1288 3419 1347 3479 pro

48 3503 153 3568 Veris
176 3501 344 3586 affirmet,
367 3503 537 3586 Incusato,
560 3504 740 3566 innocente
772 3509 954 3586 comperte,
985 3501 1177 3585 arbitraria,
1209 3505 1347 3567 omnino

48 3613 215 3677 severiori
239 3634 355 3696 poena,
383 3612 440 3676 vel
463 3612 650 3676 secundum
673 3613 957 3694 circumstantias,
981 3611 1142 3693 Talionis,
1166 3632 1226 3693 per
1255 3611 1346 3674 idern

47 3720 75 3786 J
76 3721 232 3784 udicium
255 3719 366 3800 (velut
389 3743 431 3783 ex
462 3722 670 3784 connexione
703 3718 843 3800 Causae,
875 3721 979 3784 etiam
1012 3725 1168 3802 respectu
1200 3717 1347 3782 Accusa-

48 3829 138 3891 toris
161 3827 369 3910 competens)
393 3825 486 3891 affici
511 3828 646 3912 poterit.

161 3929 189 4016 ξ.
214 3932 242 3997 9.
266 3933 304 3998 Si
327 3955 408 4028 vero
431 3935 610 4018 quispiam,
634 3955 675 3996 ex
700 3954 785 4016 pura
808 3953 889 4019 erga
912 3933 1108 4015 Principem
1132 3933 1248 3998 debita
1265 3931 1347 3996 fide-

48 4041 169 4122 litate;
205 4047 240 4104 at
271 4041 314 4105 ad
333 4022 612 4125 impediendum,
645 4039 716 4105 fors
754 4027 834 4104 inde
866 4040 1089 4104 metuendum
1128 4039 1265 4119 malum,
1304 4041 1345 4104 de

47 4148 177 4233 aliqu0,
201 4149 329 4212 sinistri
356 4129 439 4233 quid
464 4169 498 4210 se
521 4147 713 4228 audivisse;
737 4145 793 4211 vel
815 4149 1041 4230 aggravantis
1059 4147 1100 4210 de
1116 4146 1202 4211 Jure
1218 4147 1346 4211 indicia

47 4255 243 4319 advertisse
267 4255 371 4339 (quod
395 4253 534 4318 aliunde
557 4277 599 4317 ex
621 4253 809 4338 homagiali
832 4254 1059 4338 obligatione;
1083 4255 1126 4318 ad
1147 4255 1345 4320 evitandam

49 4364 169 4444 etiam,
202 4363 231 4424 si
263 4361 347 4445 quid
380 4364 411 4425 ei
444 4369 584 4425 eatenus
616 4363 819 4444 constitisse,
851 4364 889 4426 in
911 4361 1069 4426 futurum
1092 4364 1345 4445 comperiretur,
1385 4425 1387 4429 .

48 4471 105 4532 sui
130 4469 365 4551 punitionem;
389 4467 500 4532 facere
525 4468 675 4548 tenetur)
699 4468 902 4552 simpliciter
924 4468 1099 4548 retulerit,
1123 4468 1195 4532 Nec
1214 4467 1345 4532 factum

48 4575 290 4658 affirmaverit,
306 4583 366 4640 aut
383 4576 524 4659 probam
540 4578 578 4640 in
593 4598 627 4640 se
643 4578 882 4659 assumpserit;
898 4576 985 4640 nulli
1003 4597 1128 4659 poenae
1145 4572 1344 4660 subjacebit.
