3144 5218
209 317 275 382 466
325 285 327 292 ⁴

211 537 322 597 mann,
346 515 469 579 Petrus
493 513 927 599 Horvath-Mladosovitth,
952 511 1109 578 Andreas
1132 514 1334 598 Osztrosith,
1359 515 1509 580 Thomas

211 621 427 706 Vizkelethy‚
460 623 588 686 Paulus
611 621 761 706 Appony
784 645 825 686 ex
860 631 956 706 parte
989 624 1121 687 domini
1151 621 1318 714 Stephani
1342 625 1509 708 principis

212 737 246 792 et
270 729 516 812 Hungarorum
548 729 614 793 sibi
642 730 903 794 adhaerentium
936 729 1003 794 huc
1027 731 1197 795 Viennam
1230 733 1326 794 missi
1358 739 1393 794 et
1416 730 1510 795 able-

211 839 294 920 gati,
318 839 500 900 memoriae
524 837 800 901 commendamus
817 887 823 900 .
841 888 871 901 ..
895 837 985 922 quod
1010 859 1088 900 cum
1120 839 1162 901 ad
1189 837 1369 922 sopiendos
1394 848 1509 902 motus

213 947 395 1008 intestinos
426 944 658 1028 superioribus
696 945 907 1028 temporibus
946 948 983 1008 in
1021 945 1202 1029 Hungaria
1241 953 1377 1010 exortos
1418 949 1511 1010 inter

213 1049 351 1115 Sacram
391 1051 591 1116 Caesaream
628 1054 841 1138 Regiamque
880 1050 1099 1136 Majestatem
1138 1054 1315 1118 dominum
1352 1061 1509 1118 nostrum

214 1158 527 1224 Clementissimurn
551 1184 592 1224 ex
608 1183 676 1225 una
700 1169 734 1224 et
758 1161 945 1226 Dominum
961 1161 1174 1246 Stephanum
1190 1163 1386 1245 Principem
1411 1165 1510 1246 eique

213 1267 437 1332 adhaerentes
460 1269 644 1354 Hungaros
668 1291 709 1332 ex
732 1269 840 1334 altera
865 1269 1020 1352 partibus
1045 1291 1104 1352 per
1127 1268 1389 1334 Serenissimum
1413 1271 1511 1333 Prin-

214 1375 323 1456 cipem
356 1397 395 1438 ac
424 1375 609 1439 Dominum
640 1375 827 1440 Dominum
858 1376 1044 1442 Matthiam
1075 1374 1306 1440 Archiducem
1337 1374 1511 1459 Austriae,

215 1479 400 1546 Dominum
437 1483 558 1546 itidem
597 1492 752 1547 nostrum
794 1484 1097 1548 clementissimum
1136 1485 1179 1548 ad
1218 1484 1511 1568 Plenipotentiam

215 1587 281 1651 sibi
305 1587 349 1652 ab
381 1589 499 1654 eadem
532 1613 592 1654 sua
625 1588 807 1672 Majestate
840 1611 1041 1673 concessam,
1075 1613 1128 1654 res
1152 1599 1280 1654 certam
1309 1594 1345 1656 in
1370 1593 1512 1656 tandem

216 1695 502 1761 reconciliationis
526 1698 671 1762 formam
697 1699 837 1762 reducta
867 1705 937 1762 est:
970 1721 1056 1782 quae
1084 1699 1223 1783 quidem
1256 1697 1319 1762 sub
1352 1699 1437 1763 dato
1462 1701 1512 1763 23.

215 1807 341 1867 mensis
355 1804 379 1869 J
381 1807 462 1886 unii,
484 1806 637 1888 proxime
655 1804 769 1888 elapsi,
786 1811 858 1868 tam
875 1827 893 1868 a
910 1826 971 1868 sua
988 1803 1179 1869 Serenitate
1195 1813 1239 1869 et.
1255 1805 1328 1869 DD.
1346 1804 1513 1870 Commis-

216 1915 322 1994 661116,
345 1913 388 1976 ad
412 1912 498 1975 illud
523 1915 697 1996 utrimque
722 1912 905 1994 deputatis²
932 1911 1124 1994 subscripta
1149 1921 1183 1975 et
1208 1913 1332 1996 sigillis
1355 1913 1513 1977 corrobo-

217 2029 299 2104 rata,
324 2041 427 2104 quam
451 2043 470 2082 a
495 2041 555 2083 sua
571 2017 751 2102 majestate
776 2019 840 2084 sub
864 2020 991 2084 (16106.
1016 2020 1072 2083 die
1091 2023 1217 2084 mensis
1232 2019 1386 2104 Augusti
1409 2021 1514 2106 hujus

217 2129 298 2190 611111
321 2125 521 2190 confirmata
539 2126 616 2190 11111.
640 2127 710 2190 Nos
734 2129 850 2210 itaque
874 2148 976 2209 supra
1000 2129 1129 2209 scripti,
1154 2147 1244 2189 nunc
1260 2129 1411 2191 invicem
1436 2150 1512 2192 con-

217 2235 350 2298 cordati
368 2237 505 2298 nomine
529 2238 682 2298 omnium
706 2241 861 2298 statuum
885 2243 919 2298 et
943 2233 1103 2297 ordinum
1118 2233 1248 2318 inclyti
1264 2235 1380 2317 Regni
1396 2235 1514 2320 Hung.

218 2350 252 2404 61
277 2343 428 2422 partium
461 2340 528 2404 sibi
559 2363 768 2405 annexarum
793 2340 900 2405 libere
927 2348 961 2404 et
986 2350 1179 2424 spontanee,
1212 2343 1394 2424 animoque
1429 2341 1515 2407 bene

218 2446 415 2531 deliberate,
439 2449 651 2532 spondemus²
677 2453 918 2533 promittimus
944 2456 977 2512 et
995 2451 1185 2533 recipimus
1209 2449 1300 2534 quod
1317 2449 1515 2513 reconcilia-

218 2557 348 2618 tionem
371 2555 467 2639 hanc,
491 2579 569 2620 oum
593 2579 652 2620 sua
676 2555 857 2640 majestate
889 2565 924 2620 et
954 2558 1079 2620 vicinis
1112 2559 1226 2639 regnis
1259 2563 1293 2619 et
1327 2559 1515 2640 provinciis

219 2661 356 2745 16016111,
385 2683 447 2725 nos
471 2671 506 2726 et
531 2665 697 2745 praedicti
730 2667 883 2728 universi
916 2671 1026 2727 status
1059 2671 1094 2727 et
1126 2664 1261 2727 ordines
1294 2667 1392 2748 regni
1416 2665 1516 2728 Hun-

219 2773 334 2853 gariae
367 2775 402 2833 61
435 2777 548 2852 partes
582 2770 648 2834 sibi
681 2772 840 2855 adnexae,
875 2793 1058 2854 eorumque
1092 2792 1299 2834 successores
1327 2779 1361 2834 et
1386 2775 1516 2854 posteri

221 2875 468 2940 inviolabiliter
490 2879 527 2941 in
551 2881 644 2940 omni
670 2885 765 2961 parte
789 2877 1055 2942 observabimus
1088 2877 1180 2954 Quin
1204 2879 1272 2941 imo
1300 2873 1402 2960 juxta
1427 2881 1516 2942 ant-i-

220 3006 286 3068 qua
311 2991 410 3066 pacta
442 2991 477 3047 et
505 2982 651 3066 10611616,
685 3006 772 3068 quae
797 2983 1033 3067 praesentibus
1056 2983 1149 3046 hisce
1174 3005 1386 3068 renovamus,
1419 2993 1455 3048 et
1479 2987 1517 3048 in

220 3094 402 3174 integrum,
435 3113 474 3154 60
508 3093 537 3154 61
569 3113 744 3176 nunquam
777 3093 906 3156 violata
940 3091 1094 3174 fuissent,
1134 3094 1356 3174 restituimus,
1391 3089 1518 3156 bonam

219 3201 437 3263 vicinitatem
470 3206 505 3262 et
537 3207 695 3262 mutuum
724 3221 873 3262 amorem
901 3201 938 3262 in
962 3207 1164 3282 perpetuum
1188 3200 1331 3261 011111116
1356 3198 1517 3282 colemus,

221 3315 255 3370 et
272 3306 363 3369 ultro
380 3309 533 3391 citroque
550 3308 791 3370 commercium
810 3306 1085 3370 Christianorum
1101 3304 1259 3368 omnibus
1275 3304 1517 3389 relinquemus

221 3435 289 3477 non
313 3435 409 3477 secus
436 3417 530 3478 acsi
561 3417 628 3477 1616
662 3417 775 3478 omnia
809 3417 845 3477 in
869 3413 1005 3498 publica
1039 3416 1137 3496 regni
1169 3413 1370 3496 Hungariae
1402 3415 1517 3477 diaeta

221 3527 378 3603 tractata,
411 3529 445 3585 et
468 3522 626 3586 0011011166
651 3521 805 3586 1111666111.
837 3521 880 3585 In
908 3543 1052 3606 quorum
1076 3519 1179 3584 fidem
1213 3530 1248 3583 et
1279 3522 1517 3584 testimonium

221 3628 321 3692 hasce
352 3629 469 3692 literas
492 3635 625 3692 nostras
649 3627 807 3692 manibus
830 3629 956 3692 nostris
981 3626 1189 3710 subscriptas
1214 3635 1248 3691 61
1271 3626 1396 3710 sigillis
1420 3625 1519 3690 robe

222 3742 314 3798 ratas
333 3734 489 3798 Statibus
506 3743 540 3798 et
556 3735 734 3800 ordinibus
752 3736 876 3819 inclyti
892 3733 1146 3798 Archidnc-atus
1165 3731 1327 3797 Austriae
1343 3733 1518 3797 inferioris

196 3866 198 3870 ·
224 3864 284 3926 pro
317 3841 436 3906 11111116
469 3845 620 3925 ipsorum
644 3843 777 3906 cautela
811 3849 845 3905 61
869 3845 1119 3905 assecuratione
1144 3841 1273 3905 dandas
1296 3841 1459 3904 duximus
1483 3853 1517 3904 et

223 3950 464 4014 concedendas.
491 3949 621 4012 Datum
645 3949 799 4012 Viennae
821 3951 989 4032 vigesima
1012 3949 1116 4011 tertia
1136 3948 1191 4011 die
1214 3950 1339 4012 mensis
1364 3946 1518 4031 Septem-

223 4057 302 4138 bris,
326 4055 427 4121 Anno
451 4057 592 4120 Domini
615 4056 798 4121 Millesimo
824 4055 1076 4120 sexcentesimo
1101 4061 1207 4118 sexto,

332 4327 526 4424 Ugyanily
547 4329 718 4402 okiratot
745 4329 850 4402 irtak
879 4327 940 4402 ala
969 4353 991 4400 a
1020 4351 1179 4422 magyar
1206 4327 1352 4399 rendek
1380 4351 1403 4398 a
1431 4327 1518 4400 06611

225 4452 429 4550 1111111666,
457 4455 766 4529 16166-1111661116
792 4455 939 4549 rendjei
967 4453 1005 4527 116
1033 4478 1056 4526 6
1085 4451 1419 4548 Staijerorszaighoz
1444 4459 1518 4526 tar·

224 4577 310 4652 tozd
338 4581 483 4652 rendeh
512 4580 689 4653 szamara.
