3182 5210
166 358 175 440 j
227 357 291 420 raa

269 555 271 574 ²
302 582 305 591 =
335 555 385 617 ll.
408 553 481 617 Nec
503 553 569 617 hoc
592 553 887 635 pretermittimus,
910 552 1002 637 quod
1026 552 1132 616 iidem
1151 551 1283 615 domini
1298 546 1341 614 de
1357 549 1523 614 Comanis

225 671 261 726 et
272 671 273 676 ’
283 660 416 725 nobiles
438 667 475 724 et
498 659 705 724 universitas
721 659 958 739 Gomancrum,
975 659 1103 723 iudicio
1118 656 1272 721 Palatini
1286 649 1386 743 regni
1400 659 1520 725 nostri
1567 638 1570 642 Δ

225 772 285 854 qui
308 767 415 833 fuerit
448 789 508 851 pro
542 775 694 850 tempore
727 769 945 849 constitutus,
978 765 1212 848 subiacebunt,
1246 769 1335 829 sicut
1355 773 1522 848 tempere

226 876 318 958 Bela
341 877 400 938 avi
423 876 534 938 nostri
556 872 670 938 fuerat
693 875 902 956 institutum,
925 875 986 958 qui
1004 871 1176 958 quoslibet
1192 869 1270 936 cum
1285 872 1406 937 incelis
1421 877 1524 958 regni

228 985 338 1047 nostri
361 985 398 1048 in
421 981 580 1046 omnibus
602 981 758 1045 articulis
781 973 959 1062 iudicabit,
982 981 1153 1045 assidente
1177 983 1209 1044 ei
1223 971 1413 1045 iudice'seu
1429 982 1524 1063 prin-

226 1093 310 1174 cipe,
334 1092 395 1174 qui
417 1091 454 1152 in
477 1091 700 1174 generacione
724 1087 880 1173 qualibet
904 1085 1011 1152 fuerit
1033 1089 1225 1170 institutus,
1250 1095 1352 1170 prout
1384 1111 1403 1150 a
1435 1096 1526 1150 tem-

228 1221 307 1282 pore
331 1200 389 1262 avi
412 1199 522 1262 nostri
545 1199 727 1261 exstiterat
750 1196 979 1278 observatum,
994 1196 1060 1261 hoo
1076 1197 1247 1261 duntaxat
1262 1205 1413 1279 except0,
1427 1195 1521 1280 quod

134 1373 138 1383 ,
228 1309 256 1370 si
279 1307 323 1370 lis
345 1308 438 1370 inter
460 1307 546 1370 duos
568 1304 700 1368 nobiles
723 1303 892 1368 Comanos
915 1325 1016 1386 super
1048 1303 1214 1368 effusione
1247 1305 1432 1388 sanguinis,
1464 1301 1525 1366 vel

227 1412 343 1497 aliquo
359 1435 438 1476 casu
455 1413 626 1492 iudicarit,
642 1419 768 1476 extunc
785 1411 932 1476 eundem
948 1411 1038 1476 solus
1055 1411 1159 1475 iudex
1174 1409 1269 1476 illius
1278 1411 1524 1496 generacioniS,

228 1523 289 1604 qui
309 1521 351 1584 de
376 1529 471 1603 parte
495 1522 545 1584 rei
568 1520 750 1601 exstiterit,
774 1517 951 1600 iudicabit,
974 1517 1131 1603 nihilque
1154 1521 1191 1582 in
1215 1519 1412 1582 eorumdem
1440 1517 1527 1579 duo-

229 1649 306 1692 rum
329 1626 499 1692 nobilium
521 1627 751 1692 Comanorum
774 1625 896 1691 litibus
919 1629 1092 1710 precipere
1116 1629 1244 1709 poterit
1267 1625 1454 1706 Palatinus,
1479 1635 1526 1706 et,

229 1736 258 1797 si
280 1733 369 1797 alter
392 1734 590 1798 huiusmodi
613 1733 759 1798 duorum
782 1733 874 1797 inter
896 1755 931 1797 se
954 1733 1172 1819 litigancium
1197 1735 1406 1796 sentenciam
1434 1732 1528 1822 iudi-

229 1843 277 1905 cis
301 1863 360 1904 sue
383 1841 616 1925 generationis
639 1839 817 1922 refutaret,
840 1839 883 1904 ad
912 1848 1066 1904 nostram
1098 1841 1308 1922 presenciam
1340 1837 1527 1906 evocando.

229 1954 356 2012 extunc
395 1947 531 2012 eosdem
570 1948 654 2011 duos
687 1968 748 2010 nos
781 1946 1006 2030 personaliter
1037 1945 1208 2010 assidente
1232 1943 1331 2008 nobis
1364 1943 1531 2008 similiter

229 2057 343 2120 iudice
360 2057 594 2140 generacionis
610 2077 669 2120 sue
686 2055 915 2119 iudicabimus
930 2055 1068 2118 iusticia
1083 2055 1275 2118 mediante:
1290 2055 1354 2118 hoc
1370 2053 1530 2136 speciali-

230 2177 283 2230 ter
306 2165 487 2246 declarato,
511 2165 601 2248 quod
625 2165 714 2242 siin
737 2163 885 2228 alterum
909 2163 1031 2228 talium
1055 2163 1201 2227 duorum
1220 2162 1389 2226 nobilium
1404 2161 1532 2226 Coma·

230 2293 352 2337 norum
375 2271 496 2336 effusio
520 2272 698 2355 sanguinis
721 2272 925 2351 immineret,
948 2278 983 2333 et
1006 2271 1099 2333 idem
1120 2271 1293 2352 pertinens
1309 2269 1353 2332 ad
1369 2276 1529 2339 mortem,

230 2381 273 2445 ad
298 2398 359 2444 nos
384 2377 568 2464 confugere
592 2388 705 2460 posset
729 2379 929 2458 incidenter,
953 2401 995 2441 ex
1011 2385 1094 2441 tunc
1110 2376 1308 2441 huiusmodi
1323 2374 1529 2439 effusionem

232 2489 418 2572 sanguinis
443 2509 485 2549 ex
508 2484 581 2567 hoc,
605 2485 695 2568 quod
719 2485 763 2548 ad
786 2505 848 2549 nos
871 2487 1038 2568 pervenit,
1061 2485 1194 2566 evadet,
1218 2485 1277 2548 sed
1301 2481 1532 2547 nihilominus

232 2592 374 2658 debebit
407 2592 565 2673 exsulari,
598 2601 634 2655 et
666 2594 715 2655 sic
748 2592 916 2657 manendo
949 2599 1047 2656 extra
1080 2613 1234 2676 regnum,
1257 2599 1422 2674 tanquam
1444 2589 1532 2652 exul

231 2703 383 2786 requiret
415 2701 566 2785 graciam
598 2699 765 2763 redeundi
797 2698 841 2762 ab
880 2701 931 2780 iis,
970 2721 1054 2783 quos
1094 2705 1292 2776 excesserat,
1330 2699 1361 2760 si
1400 2698 1532 2779 poterit

231 2807 395 2890 obtinere,
428 2805 486 2870 sed
519 2807 659 2869 interim
693 2807 800 2870 donec
832 2804 1012 2884 obtinebit,
1045 2827 1115 2869 non
1147 2807 1183 2868 in
1216 2825 1321 2889 regno
1345 2805 1403 2868 sed
1427 2813 1532 2866 extra

232 2936 377 3000 regnum
402 2910 624 2994 permanebit,
648 2913 677 2974 si
701 2933 783 2975 vero
809 2932 950 2994 persona
975 2911 1171 2976 excedentis
1204 2909 1284 2974 talis
1317 2908 1432 2989 fuerit,
1466 2931 1534 2992 pro

232 3043 299 3108 qua
331 3023 571 3084 intercessores
604 3019 646 3082 de
680 3017 828 3082 dominis
861 3027 896 3081 et
928 3017 1104 3082 nobilibus
1136 3017 1364 3082 Comancrum
1398 3020 1534 3100 statim,

232 3151 310 3192 cum
348 3128 391 3192 ad
430 3147 491 3190 nos
530 3124 734 3210 confugerit,
773 3127 976 3190 accesserint
1014 3128 1150 3190 veniam
1189 3147 1291 3206 super
1328 3124 1533 3188 exulacione

232 3236 429 3300 excedentis
455 3231 675 3316 postulantes,
699 3241 826 3296 extunc
850 3231 929 3296 talis
953 3232 1119 3296 excedens
1143 3230 1186 3295 ab
1210 3231 1408 3296 huiusmodi
1423 3230 1536 3294 exilio

233 3347 300 3408 erit
322 3343 508 3413 absolutus,
533 3342 591 3405 sed
617 3339 783 3404 derebus
807 3349 842 3404 et
866 3339 964 3404 bonis
988 3343 1066 3418 suis,
1100 3350 1135 3402 et
1167 3342 1204 3402 in
1236 3361 1339 3424 quem
1372 3341 1536 3418 excessit,

232 3463 272 3517 ut
296 3453 519 3534 premisimus
542 3449 740 3514 satisfaciat.

262 3615 264 3618 .
342 3560 391 3622 12.
426 3558 531 3622 Porro
564 3559 785 3620 assumsimus
817 3565 852 3619 et
884 3557 1132 3636 assummimus,
1164 3556 1255 3639 quod
1290 3557 1459 3619 nemiuem
1486 3555 1535 3618 de

234 3669 341 3730 servis
365 3665 561 3729 eorumdem
585 3664 801 3728 dominorum
825 3671 860 3726 et
884 3661 1052 3727 nobilium
1077 3663 1118 3726 de
1142 3662 1313 3744 Comanis,
1337 3665 1367 3725 si
1389 3661 1432 3724 ad
1466 3679 1539 3725 nos

234 3776 368 3838 venerit
392 3774 602 3855 recipiemus,
626 3794 687 3834 nec
711 3770 862 3851 barones,
887 3793 948 3833 nec
972 3769 1104 3834 nobiles
1127 3773 1226 3855 regni
1249 3772 1358 3834 nostri
1391 3769 1536 3834 eosdem

234 3883 383 3964 recipere
406 3887 569 3964 poterunt
591 3877 648 3941 vel
672 3887 796 3960 tenere,
821 3880 925 3941 immo
949 3877 1085 3940 eosdem
1118 3899 1233 3941 servos
1256 3899 1335 3941 cum
1359 3879 1539 3940 universis

234 3987 336 4052 rebus
352 3989 430 4065 suis,
453 3987 544 4070 apud
568 4007 786 4070 quoscunque
803 3987 938 4048 inventi
958 3984 1096 4066 fuerint,
1112 3986 1293 4048 restituere
1310 3981 1537 4066 tenebuntur,

235 4095 336 4158 villas
369 4096 485 4176 eciam,
517 4115 601 4178 quas
634 4115 654 4155 a
685 4090 891 4176 quibusdam
915 4115 956 4155 ex
981 4094 1032 4173 iis,
1056 4114 1122 4176 que
1145 4099 1260 4155 nostre
1285 4091 1463 4154 collacioni
1488 4091 1537 4154 de

235 4205 308 4266 iure
333 4209 497 4282 spectant,
521 4199 781 4280 abstuleramus,
806 4200 934 4262 eisdem
957 4221 976 4261 a
1001 4197 1126 4283 quibus
1154 4198 1360 4263 abstulimus
1392 4199 1539 4261 restitui

238 4311 411 4374 iaciemus.

246 4463 261 4477 ,.
346 4417 397 4480 13.
421 4417 583 4480 Ceterum
607 4417 767 4500 quoniam
793 4415 939 4496 predicti
963 4415 1093 4478 domini
1118 4415 1160 4478 de
1183 4416 1344 4479 Comanis
1367 4423 1403 4477 et
1435 4411 1541 4476 nobi-

236 4525 285 4588 les
304 4525 533 4590 Comanorum
557 4546 625 4588 una
649 4545 687 4586 ac
711 4523 829 4586 eadem
863 4543 940 4585 oum
972 4524 1071 4606 regni
1103 4521 1277 4586 nobilibus
1311 4519 1542 4605 perfruantur

237 4631 407 4714 libertate,
431 4632 623 4710 statuimus,
648 4639 687 4693 ut
711 4631 800 4692 sicut
823 4651 843 4691 a
859 4637 1011 4710 tempore
1028 4636 1223 4692 sanctorum
1239 4649 1359 4712 regum
1375 4630 1542 4710 progeni·
