3142 5216
1292 402 1360 466 '823

63 591 165 660 1802.
193 593 373 662 Articulus
399 595 428 660 1.
462 594 515 662 De
543 595 803 684 suppletuiione
834 595 1031 684 Lepionum
1064 595 1358 684 Hunporicurum

497 701 546 769 ad
573 702 781 771 Triennium
806 702 940 772 obluta.

175 829 268 914 Erga
301 829 493 916 Benignam
527 831 614 896 Suae
638 833 682 896 M.
708 832 740 897 S.
763 855 841 896 cum
867 835 1107 916 provocatione
1131 829 1282 895 Articuli
1307 831 1357 894 66.

64 935 164 1000 1791.
189 936 469 1020 Propositionem,
502 937 560 1002 SS.
584 944 619 1002 et
652 937 719 1003 00.
754 937 785 1002 S.
811 939 856 1004 M.
881 937 912 1002 S.
947 960 1007 1021 pro
1040 938 1213 1002 modernis
1245 961 1358 1002 rerum

63 1046 336 1107 circumstantiis
359 1042 527 1109 offerunt:

176 1151 204 1228 ἕ.
230 1151 257 1213 1.
281 1150 471 1215 Duodecim
503 1152 696 1238 Legionum
728 1151 953 1237 Pedestrium,
977 1153 1103 1217 Decem
1127 1153 1359 1239 Equestrium,

64 1259 102 1320 in
127 1255 267 1321 Summa
292 1257 412 1340 64,000
434 1259 617 1324 Exercitus
640 1260 845 1345 Hungarici,
873 1260 940 1324 huc
966 1281 1034 1324 non
1059 1261 1245 1325 intellectis
1273 1259 1360 1325 Ocn-

63 1363 221 1446 110101110,
254 1387 433 1430 numerum
457 1369 494 1430 in
518 1389 675 1450 praesens
708 1367 868 1452 defixum,
896 1365 998 1451 juxta
1022 1368 1140 1432 Ideam
1164 1367 1360 1432 diaetaliter

65 1470 286 1556 elaboratam,
310 1479 345 1536 et
368 1472 516 1560 benigne
545 1481 759 1558 acceptatam
791 1497 860 1539 non
892 1483 1008 1540 tamen
1040 1475 1133 1539 ultra
1167 1476 1361 1558 proximum

66 1579 270 1643 Triennium
302 1602 344 1644 ex
377 1589 473 1664 parte
511 1581 627 1666 Regni
665 1584 702 1646 in
740 1589 834 1646 statu
873 1582 1041 1665 completo
1080 1581 1359 1645 conservandum.

65 1686 230 1751 06161010
253 1685 387 1770 objecto
411 1687 559 1753 Militiae
583 1690 803 1774 Hungaricae
827 1690 924 1770 (dum
942 1689 1173 1772 Completatio
1196 1712 1239 1753 ex
1263 1695 1359 1771 parte

66 1793 183 1880 Regni
214 1795 411 1876 intercedit)
450 1803 521 1861 tam
554 1798 666 1882 quoad
698 1779 888 1882 numerum,
926 1819 1030 1883 quam
1068 1797 1180 1882 quoad
1219 1795 1360 1859 modum

67 1902 331 1986 suppletationis
367 1924 500 1986 semper
537 1903 580 1968 ad
619 1905 928 1968 Pertractationem
959 1904 1115 1968 Diaetale
1158 1905 1360 1986 pertinente,

70 2029 128 2090 pro
153 2031 214 2073 sua
237 2031 318 2094 erga
341 2007 536 2096 Augustam
559 2011 708 2075 Domum
736 2018 771 2075 61
800 2013 955 2076 Patriam
974 2010 1215 2092 teneritudine,
1232 2009 1359 2094 nequid

68 2119 249 2181 securitati
273 2117 371 2201 desit,
396 2117 437 2182 de
462 2118 587 2182 Mediis
611 2117 890 2182 conservationis
906 2115 1059 2202 ejusdem
1077 2118 1252 2202 regulatae
1269 2115 1360 2180 Mili·

68 2226 114 2286 tis
146 2221 319 2306 adjunctis
352 2232 545 2307 temporum
578 2225 862 2290 convenientibus
890 2233 925 2289 et
956 2223 1090 2289 viribus
1122 2223 1360 2320 Populationis

68 2333 359 2414 commensuratis
374 2355 413 2396 ac
430 2332 618 2416 Systemati
634 2334 776 2420 Legum,
792 2332 968 2417 indolique
987 2332 1103 2397 Plebis
1119 2331 1359 2412 conformibus,

67 2443 104 2504 in
127 2440 288 2506 Comitiis
312 2443 402 2504 intra
426 2443 615 2506 triennium
643 2441 864 2525 celebrandis,
897 2448 998 2525 prout
1022 2447 1230 2505 conventum
1254 2438 1359 2503 fuerit

66 2550 103 2610 in
127 2547 290 2611 effectum
314 2548 530 2632 (1610000110,
554 2549 649 2614 salva
673 2547 825 2614 Articuli
849 2549 901 2614 63.
926 2549 1021 2613 1741.
1038 2551 1065 2627 ξ.
1091 2548 1359 2630 2Dispositione

66 2662 100 2718 et
126 2655 221 2720 salvo
245 2653 288 2716 ad
314 2657 552 2739 praevigentes
586 2678 645 2739 per
677 2655 908 2722 Collectaoula
936 2655 1100 2720 militaria
1124 2654 1360 2719 conductionis

64 2783 233 2846 regressu,
257 2762 447 2826 consulturi
471 2770 560 2826 sunt.

67 2937 167 3005 1807.
193 2935 375 3003 Articuius
400 2937 430 3002 1.
459 2935 512 3003 De
537 2936 704 3004 Subsidio
727 2937 880 3005 Militari
904 2938 940 3006 in
966 2937 1087 3023 12000
1111 2935 1286 3006 tironibus
1311 2909 1360 3004 ud

423 3043 593 3132 Legiones
618 3043 848 3133 Hunpuricus
872 3045 1005 3113 001010.
1261 3045 1263 3048 ’

177 3174 286 3237 -ad
319 3172 489 3258 Legiones
521 3174 739 3258 Hungaricas
773 3175 892 3256 12‚000
923 3177 1077 3238 tironum
1111 3195 1171 3257 pro
1205 3173 1292 3236 Fide
1325 3179 1360 3234 et

65 3278 194 3344 Amore
228 3283 265 3344 10
296 3280 443 3366 Regiam
466 3279 685 3364 Majestatem
708 3288 743 3345 et
767 3282 930 3364 Patriam,
960 3281 1016 3346 SS.
1041 3289 1075 3346 et
1100 3280 1167 3346 00.
1191 3279 1359 3344 offerunt:

177 3389 204 3466 ἕ.
231 3391 258 3453 1.
283 3388 332 3454 Ut
356 3409 425 3453 non
448 3391 648 3471 successive,
673 3389 833 3473 seduno,
866 3389 1061 3475 eodemque,
1094 3397 1262 3474 quantum
1285 3386 1360 3451 fieri

66 3503 190 3579 potest,
214 3495 424 3578 brevissimo
449 3497 552 3580 idque
568 3498 702 3580 hyemis
723 3503 875 3580 tempore
899 3503 1106 3581 statuantur,
1123 3495 1219 3562 acad
1237 3495 1360 3558 horum

65 3626 248 3668 numerum
272 3604 398 3668 Judaei
422 3607 527 3667 etiam
551 3603 745 3668 referantur
768 3612 803 3668 et
818 3611 1055 3694 ,acceptentur

177 3712 205 3789 ἕ.
230 3711 260 3775 2.
283 3711 325 3774 In
345 3712 559 3793 susceptione
575 3713 728 3774 tironum
751 3731 820 3774 non
844 3710 982 3794 formae,
1005 3719 1066 3776 aut
1090 3732 1276 3790 mensurae,
1300 3709 1358 3773 sed

65 3820 218 3900 corporis
241 3825 434 3881 structurae
458 3819 546 3880 ratio
568 3816 744 3899 habeatur,
768 3820 827 3900 110,
860 3826 899 3882 01
932 3820 1082 3904 quinque
1106 3821 1211 3882 etiam
1235 3817 1359 3901 pedum

65 3923 265 3988 altitudinis
288 3928 364 4006 1110,
389 3945 484 3987 060110
508 3945 645 4006 corpore
670 3945 771 3986 00000
804 3931 839 4008 61
871 3923 1042 4008 robustus,
1073 3947 1112 3989 ac
1144 3924 1188 3987 ad
1221 3944 1360 4007 suppor-

67 4031 174 4102 tanda
187 4051 289 4094 onera
305 4031 470 4095 militaria
486 4031 628 4098 idoneus
644 4037 850 4114 acceptetur,
863 4033 931 4095 nisi
946 4053 1075 4098 annum
1091 4033 1214 4094 aetatis
1231 4030 1275 4093 24
1286 4026 1360 4114 jam

62 4139 251 4227 attigisset,
274 4137 425 4222 adeoque
444 4137 575 4202 nullam
591 4137 764 4200 ulterioris
779 4141 1046 4201 succrescentiae
1063 4159 1156 4220 spem
1173 4136 1360 4221 praeberet.

132 4229 133 4232 ¹
178 4248 206 4326 ξ.
232 4231 269 4311 7ζ
284 4248 453 4324 Quoniam
477 4254 608 4311 certum
636 4253 733 4330 esset,
766 4243 939 4332 majorem,
971 4269 1058 4331 quae
1090 4247 1252 4310 militiam
1286 4265 1360 4327 pro-

67 4353 209 4418 fessuris
233 4354 345 4417 calcar
367 4354 480 4436 addet,
500 4354 912 4436 010011016100001101010,6
931 4352 1204 4419 Conductionem
1222 4353 1359 4436 egregie

66 4460 327 4543 facilitaturam,
352 4459 408 4524 SS.
433 4467 468 4523 et
493 4459 560 4524 00.
584 4459 912 4544 00011020000011.
936 4481 975 4523 ea
999 4481 1155 4542 expresse
1180 4459 1255 4544 lege
1279 4458 1360 4522 offe-

178 4687 374 4758 ⁸Handgeld
394 4685 528 4758 Foglald,
549 4687 692 4757 melylyel
712 4705 729 4740 a
748 4686 928 4758 legdnyeket
947 4704 965 4740 0
984 4685 1081 4742 00011ό
1100 4686 1148 4740 alt
1167 4685 1357 4741 cstbltotttk.
