3182 5210
182 335 248 402 188

179 542 272 598 stum
296 535 409 598 sancti
432 535 522 618 regIs
546 531 714 614 Stephani
737 554 828 595 6660
851 537 1046 610 venturum,
1065 529 1157 612 apud
1182 527 1326 610 eosdem,
1348 526 1478 612 quibus

180 649 262 706 sunt
285 641 416 724 0011616,
441 638 606 704 faciemus
629 642 832 715 conservari,
857 639 1009 720 exceptis
1028 635 1161 701 iuribus
1185 633 1359 720 regalibus
1380 635 1479 700 vide-

181 749 262 814 licet
294 751 423 830 castris,
465 749 600 831 prediis,
633 746 844 828 ciritatibus‚
875 744 1070 828 hospitibus
1105 751 1139 808 61
1172 743 1380 824 uduornicis²
1410 763 1479 828 que

180 855 279 920 nobis
303 878 419 920 omnes
441 863 477 920 et
500 855 638 940 singuli,
662 833 775 940 siqui
797 853 936 936 habent,
968 853 1025 917 vel
1050 858 1244 916 1666616111.
1276 849 1418 913 reddere
1441 856 1479 912 et

181 965 362 1029 restituere
387 965 616 1045 promiserunt
645 971 680 1026 et
703 962 706 1042 Ι
726 964 834 1026 601616
857 967 1099 1024 assumserunt.

289 1071 318 1135 9.
341 1071 432 1135 Item
450 1069 657 1151 Palatinum,
674 1072 878 1154 magistrum
895 1069 1164 1132 'Pavernioorum
1179 1072 1384 1145 nostrorum,
1400 1067 1478 1128 vice

181 1178 430 1259 cancellarium,
454 1177 604 1240 iudicem
629 1177 721 1240 curie
745 1199 788 1240 ex
811 1175 953 1240 oonsilio
981 1173 1149 1238 nobilium
1173 1175 1271 1258 regni
1294 1174 1411 1252 nostri,
1435 1193 1478 1236 ex

180 1289 323 1371 antiqua
347 1285 594 1349 consuetudine
627 1286 725 1368 regni
764 1286 873 1348 nostri
912 1283 1085 1348 faciemus.
1119 1281 1222 1346 Salvo
1256 1287 1371 1344 tamen
1403 1281 1478 1342 iure

181 1391 344 1458 Albensis
367 1392 508 1457 ecclesie
532 1401 567 1456 61
593 1391 784 1477 privilegio,
808 1392 897 1476 quod
932 1389 1095 1455 Albensis
1126 1389 1267 1452 60016616
1300 1394 1417 1451 606116
1441 1388 1479 1448 in

163 1503 256 1584 ¹ipsa
280 1501 356 1564 vioe
380 1497 583 1562 cancellaria
607 1496 714 1561 habet
737 1505 773 1562 61
795 1496 920 1562 habere
945 1497 1161 1582 dignoscitur
1183 1493 1227 1558 ab
1250 1495 1402 1580 antiquo.

291 1609 342 1672 10.
365 1607 456 1672 Item
479 1607 510 1670 si
533 1605 648 1690 aliqua
683 1607 839 1686 potencia
877 1607 1069 1670 extrinseca
1093 1604 1137 1668 ad
1162 1601 1396 1666 invadendum
1427 1623 1481 1663 re-

180 1737 288 1798 gnum
302 1707 458 1780 nostrum
474 1715 618 1796 venerit,
634 1721 695 1777 aut
711 1712 826 1798 aliqua
844 1735 920 1796 pars
936 1713 994 1777 vel
1019 1713 1196 1796 provincia
1219 1710 1318 1794 regni
1340 1707 1384 1772 ab
1400 1706 1481 1772 obe-

182 1821 316 1886 diencia
340 1824 430 1906 regis
453 1820 511 1886 vel
535 1823 690 1904 potencia
725 1830 761 1884 61
792 1823 891 1906 regni
923 1843 957 1884 se
991 1818 1217 1898 611611616111,Ι
1240 1825 1302 1881 aut
1329 1815 1480 1880 alienare

182 1929 298 2016 aliquo
314 1931 414 1994 modo
429 1929 589 2007 voluerit,
604 1927 736 1992 nobiles
754 1931 856 2014 regni
870 1930 988 2010 nostri,
1005 1935 1040 1991 et
1064 1927 1214 1991 Saxones
1238 1923 1481 2008 Transylvann

100 2099 103 2102 .
183 2040 301 2122 predia
324 2043 490 2116 tenentes,
513 2047 549 2100 et
572 2058 665 2100 more
689 2036 858 2100 nobilium
892 2057 927 2098 se
950 2057 1055 2120 geren
1075 2035 1079 2115 1
1101 2041 1161 2111 tes,
1185 2032 1285 2096 nobis
1308 2039 1419 2096 astare
1443 2039 1480 2095 et

133 2151 134 2154 ’
183 2149 347 2212 adiuvare
371 2167 432 2209 nos
456 2143 676 2208 tenebuntur.
701 2144 767 2207 Sed
792 2146 821 2206 si
844 2143 887 2206 ad
913 2142 1149 2224 occupandum
1181 2161 1326 2225 regnum
1349 2141 1481 2202 extrin-

183 2276 297 2318 secum
314 2253 494 2338 procedere
510 2252 686 2332 vellemus,
702 2273 772 2316 non
791 2253 859 2316 nisi
884 2253 1026 2333 peermia
1043 2271 1062 2311 6
1077 2251 1258 2312 maiestate
1274 2255 1391 2311 nostra
1407 2267 1481 2310 ero-

182 2369 264 2446 gato
289 2361 468 2443 procedere
491 2367 683 2428 teneantur,
709 2359 771 2422 hoc
796 2361 904 2422 eciam
928 2378 1095 2441 expresse,
1119 2357 1210 2441 quod
1232 2355 1363 2419 nobiles
1380 2355 1481 2438 regni

182 2472 292 2534 nostri
307 2476 343 2532 et
360 2469 506 2551 predicti
522 2467 672 2532 Saxones
690 2469 788 2551 regni
804 2465 1064 2549 Transylvanie,
1088 2485 1166 2528 cum
1190 2463 1284 2526 nullo
1304 2463 1481 2525 Beronum

183 2583 377 2640 nostrorum
399 2577 510 2638 eoacti
533 2575 591 2639 vel
610 2575 614 2654 1
636 2576 749 2641 inviti.
773 2595 875 2656 super
899 2573 1000 2636 factis
1024 2581 1059 2636 et
1082 2573 1235 2656 negociis
1254 2571 1353 2655 regni
1369 2569 1481 2634 nostri

183 2685 378 2748 intrinsecis
400 2683 457 2747 vel
480 2684 681 2746 extrinsecis
705 2681 832 2766 absque
851 2679 951 2744 nobis
971 2682 1044 2744 sine
1060 2681 1205 2762 pecunia
1220 2681 1269 2742 ire
1285 2683 1480 2741 teneantur.

293 2793 342 2855 11.
366 2790 456 2854 Item
479 2789 611 2852 nullam
635 2789 811 2852 collectam
835 2786 892 2850 vel
919 2808 1040 2850 aeones
1063 2793 1124 2850 aut
1157 2786 1338 2850 descensus
1377 2805 1482 2866 super

184 2901 274 2980 ipsos
297 2898 429 2963 nobiles
453 2905 488 2960 et
513 2897 665 2960 Saxones
690 2903 886 2978 prenotatos
919 2916 958 2957 60
991 2893 1131 2978 populos
1164 2891 1349 2957 eorrmdem
1373 2893 1481 2973 recipi

184 3005 357 3088 faciemus,
381 3027 443 3068 660
466 3006 575 3068 601661
598 3005 773 3067 000661066
797 3002 884 3065 16011
900 3023 1032 3065 0616616
1048 3011 1173 3083 606116,
1191 3000 1254 3065 'vel
1277 2999 1391 3084 aliqua
1412 2997 1480 3063 alia

184 3115 318 3177 racione
341 3115 435 3197 exigi
455 3111 459 3192 Ι
480 3111 639 3175 volamus
663 3111 706 3174 ab
730 3111 866 3174 eisdem.

293 3222 343 3284 12.
367 3221 415 3284 Et
439 3221 468 3283 si
492 3225 664 3283 monetam
688 3223 839 3282 nostram
864 3219 900 3280 in
929 3238 1033 3302 regno
1059 3225 1175 3280 nostro
1208 3237 1342 3280 currere
1368 3213 1480 3276 facere

184 3328 402 3407 voluerimus
427 3327 468 3390 de
492 3323 648 3411 qualibet
672 3326 846 3406 provincia
871 3330 1018 3408 quatuor
1041 3322 1123 3387 boni
1146 3323 1300 3387 homines
1324 3343 1403 3386 oum
1425 3341 1481 3385 oo-

185 3438 268 3500 mite
280 3433 474 3516 parochiali,
484 3425 594 3516 ipsam
610 3439 783 3496 monetam
798 3439 951 3496 nostram
961 3453 1095 3496 currere
1112 3429 1243 3496 faciant
1259 3437 1294 3493 61
1309 3427 1480 3514 quanbiri

294 3541 546 3606 16111111...
571 3543 637 3623 ipsi
667 3549 803 3603 monete
834 3548 949 3603 nostre
975 3541 1011 3602 in
1037 3561 1140 3623 regno
1163 3547 1281 3603 nostro
1305 3535 1379 3600 fieri
1405 3557 1481 3619 pro-

184 3653 370 3714 mittemus.

294 3759 344 3820 14.
368 3757 459 3822 Item
482 3758 512 3819 si
535 3755 738 3835 Palatinus!
761 3758 797 3818 16
820 3776 925 3839 regno
950 3763 1066 3819 nostro
1099 3755 1140 3819 ed
1172 3753 1367 3818 faciendum
1391 3750 1481 3814 iudi-

185 3867 275 3928 cium
301 3861 509 3947 processerit,
533 3866 569 3926 in
593 3862 746 3948 qualibet
782 3865 955 3944 provincia
989 3871 1151 3948 quatuor
1169 3862 1298 3926 iudices
1321 3860 1481 3942 deputati

185 3995 260 4035 cum
287 3974 410 4036 comite
435 3969 623 4054 parochiali
646 3973 694 4034 ire
719 3977 754 4033 et
782 3967 938 4053 judicare
972 3969 1128 4050 (16116661,
1161 3978 1196 4034 61
1224 3972 1286 4050 166,
1310 3968 1481 4052 116011οο-

186 4081 304 4142 mitem
330 4077 557 4160 parochialem
581 4077 982 4162 16161110116006116811,
1007 4079 1072 4160 ipsi
1096 4079 1214 4142 comiti
1237 4073 1362 4140 debeat
1381 4074 1480 4158 plene

185 4209 293 4248 60...
319 4195 353 4247 61
378 4184 534 4268 persolvi.
559 4186 587 4246 si
610 4205 692 4246 vero
716 4183 895 4248 Palatinus
920 4186 1057 4248 sinistre
1079 4184 1259 4267 procedere
1275 4179 1480 4256 intenderet,

185 4293 291 4356 iidem
314 4301 461 4377 quatuor
484 4291 663 4371 1101616661
686 4314 762 4354 cum
786 4294 910 4355 comite
935 4294 1086 4373 ipsorum
1121 4289 1298 4374 prohibere
1322 4295 1356 4352 et
1380 4285 1481 4350 nobis

185 4402 344 4464 intimare
364 4407 553 4464 teneantur.

295 4509 345 4570 111.
368 4508 457 4572 Item
480 4510 674 4588 statuimus
698 4507 788 4591 quod
815 4507 946 4590 populis
962 4507 1315 4589 Archiepisooporum,
1339 4506 1480 4587 Episco-

187 4638 303 4698 porum
329 4615 606 4678 6160016616111111
633 4613 914 4698 privilegitarum‚
939 4616 974 4676 in
999 4617 1109 4677 causis
1134 4611 1378 4696 temporalibus
1403 4611 1479 4674 nul-
