3182 5210
1290 349 1353 414 181

2 555 3 558 ’
61 549 201 614 minoris
225 548 392 614 utilitatis
414 551 575 629 existant,
598 550 736 614 easdem
759 548 846 612 tales
869 556 978 612 terras
1002 549 1068 630 ipsi
1093 548 1233 632 quidem
1260 545 1357 612 nobi-

62 657 107 720 les
127 664 165 721 et
188 654 413 742 iobbagiones
436 658 548 739 castri,
572 677 718 742 quorum
743 655 882 737 fuerint,
905 655 1012 720 libere
1036 662 1071 720 et
1103 652 1242 737 pacifice
1265 657 1356 720 inter

60 763 194 828 eosdem
218 762 389 827 Comanos
412 760 643 846 possidebunt,
667 762 758 847 quod
775 771 810 828 et
827 762 974 844 predicti
989 762 1120 826 domiui
1136 761 1179 825 de
1195 761 1356 826 Comanis

60 881 92 936 at
123 869 336 956 generaliter
367 891 483 934 omncs
516 869 647 936 nobiles
680 869 909 962 Comanorum
942 879 1195 952 consenserunt,
1234 880 1274 935 ut
1312 871 1356 934 ad

62 1001 197 1062 presens
229 980 323 1042 inter
353 981 445 1062 ipsos
476 985 512 1042 et
544 979 680 1044 eosdem
713 977 845 1044 nobiles
877 985 997 1042 mutua
1031 980 1298 1062 compaternitas
1321 985 1356 1042 et
1435 1015 1437 1019 ·

59 1085 279 1170 wgnacionis
306 1081 460 1148 affinitas
483 1084 715 1168 contrahatur,
738 1090 773 1150 et
797 1087 906 1149 maior
928 1086 1021 1148 inter
1043 1086 1134 1167 ipsos
1157 1083 1298 1148 dilectio
1321 1091 1357 1148 et

59 1193 216 1258 amicicia
240 1199 456 1275 propagetur,
474 1213 594 1256 verum
617 1193 724 1256 iidem
747 1190 879 1256 nobiles
903 1198 938 1254 et
953 1190 1098 1256 Comani
1114 1190 1230 1276 equali
1244 1213 1357 1274 prero-

59 1302 178 1386 gativa
202 1296 376 1362 libertatis
397 1299 625 1383 gratulentur.

166 1407 198 1470 8.
222 1406 360 1472 Preciae
383 1409 619 1490 expressimus,
643 1408 735 1492 quod
759 1407 890 1471 domini
913 1415 948 1470 et
972 1405 1103 1470 nobiles
1127 1406 1357 1472 Cumanorum

61 1517 217 1580 universi
240 1520 277 1577 et
299 1512 429 1598 singuli
452 1513 496 1577 ad
519 1522 676 1578 nostrum
699 1517 898 1596 exercitum,
922 1516 965 1580 ad
989 1537 1091 1600 quem
1114 1536 1176 1578 nos
1200 1537 1356 1598 persona-

62 1623 140 1686 liter
163 1623 416 1702 accesserimus,
439 1623 558 1686 venire
582 1629 774 1702 teneantur,
797 1624 887 1686 sicut
921 1625 1027 1686 ceteri
1058 1620 1191 1686 nobiles
1224 1620 1379 1706 regales.

60 1732 258 1809 servientes,
291 1733 327 1791 et
359 1730 389 1792 si
420 1729 481 1812 qui
503 1751 546 1792 ex
569 1730 692 1794 iisdem
724 1729 940 1816 negligentes
972 1731 1180 1811 exstiterint,
1214 1729 1357 1794 eandem

60 1823 240 1917 ulcionem,
268 1838 427 1920 idemque
451 1837 618 1901 iudicium
643 1841 829 1920 pacientur,
852 1859 956 1924 quam
980 1837 1036 1900 vel
1059 1837 1151 1922 quod
1179 1839 1356 1902 incurrent

60 1945 116 2008 alii
140 1943 277 2008 nobiles
299 1945 399 2028 regni
422 1947 538 2018 nostri,
563 1948 623 2030 qui
646 1968 715 2010 non
731 1945 901 2010 veniendo
917 1947 1116 2010 exstiterint
1131 1944 1356 2030 negligentes.

166 2051 196 2114 9.
231 2050 402 2124 Ceterum,
435 2073 513 2115 cunr
552 2074 652 2136 super
689 2052 835 2117 articulo
875 2053 1108 2116 restituciouis
1140 2054 1357 2134 captivorum
1478 2073 1481 2085 ·

61 2158 346 2239 Christianorum,
378 2179 480 2241 quem
512 2159 671 2224 dominus
703 2159 838 2246 legatus
871 2161 1072 2243 precipuum
1105 2169 1140 2222 et
1167 2161 1356 2224 maximum

62 2289 117 2348 pro
140 2267 268 2330 ceteris
292 2272 406 2330 mente
431 2264 622 2350 reputabat,
645 2267 688 2332 ad
712 2273 922 2332 nostramet
945 2265 1195 2330 venerabilium
1219 2273 1356 2349 patrum

2 2387 4 2400 ¹
61 2376 296 2456 episcoporum
334 2381 370 2434 et
407 2379 598 2437 ceterorum
638 2373 846 2456 prelatorum
884 2395 923 2437 ac
961 2372 1129 2438 baronum
1160 2381 1356 2438 nostrorum

2 2461 3 2480 1
61 2483 275 2562 instanciam,
299 2480 392 2544 idem
415 2480 573 2544 dominus
597 2482 732 2567 legatus
761 2482 985 2566 paternaliter
1017 2481 1259 2546 condescendit
1292 2483 1355 2546 hoc

2 2631 5 2694 ,
61 2589 177 2653 modo:
200 2589 294 2672 quod
314 2589 478 2670 captivos,
500 2609 586 2672 quos
609 2592 646 2652 in
669 2611 775 2676 regno
798 2597 833 2653 et
857 2591 958 2653 terris
982 2591 1108 2654 nostris
1141 2588 1356 2654 Christianos

2 2695 3 2760 l
61 2717 194 2780 quoquo
220 2694 321 2758 modo
344 2692 548 2774 retinebant,
574 2698 701 2778 precise
725 2704 761 2761 et
784 2695 939 2761 absolute
963 2697 1113 2778 reddere,
1129 2719 1192 2760 nec
1208 2697 1355 2762 retinere

2 2868 3 2890 ,
61 2801 280 2878 tenebuntur,
304 2799 389 2864 alios
412 2823 493 2864 vero
517 2805 672 2886 ‹aptivos
688 2826 774 2885 suos.
791 2807 827 2867 in
843 2807 1014 2868 extraneis
1031 2806 1356 2888 regniscaptivatos
1456 2789 1459 2802 ¹

2 2899 3 2964 l
59 2907 268 2972 retinebunt.

170 3017 222 3080 10.
246 3013 304 3079 Ad
328 3016 408 3080 hec:
431 3019 511 3104 quia
538 3018 689 3099 predicte
714 3029 844 3102 septem
866 3021 1107 3104 generaciones
1126 3018 1355 3082 Cumanorum

2 3145 3 3204 1
59 3126 92 3186 in
107 3124 260 3186 diversis
284 3121 375 3203 locis,
398 3130 434 3186 et
457 3125 494 3188 in
519 3123 673 3206 pluribus
697 3125 918 3208 processibus,
942 3133 1063 3208 utpote
1088 3125 1220 3188 domini
1245 3124 1356 3188 archi-

2 3239 4 3292 }
57 3232 208 3313 episcopi
243 3228 447 3310 0010066616,
479 3237 514 3294 et
547 3230 796 3296 venerabilium
830 3241 967 3316 patrum
1001 3233 1217 3296 dominorum
1250 3233 1355 3296 Vara-

1 3301 7 3381 1
57 3339 194 3408 diensis,
229 3337 419 3421 Agr-lensia,
451 3337 699 3402 Chanadiensis
732 3348 767 3404 et
800 3341 977 3404 Vaciensis
1005 3341 1241 3423 episcoporum
1275 3342 1355 3404 resi-

2 3433 3 3490 Ῐ
58 3445 190 3510 debunt
214 3455 251 3510 et
276 3445 492 3526 descendent,
516 3445 674 3510 uolumus
703 3449 822 3512 eodem
855 3449 994 3512 domino
1026 3447 1141 3532 legato
1174 3456 1355 3528 annuente,

1 3557 5 3578 ‘
58 3565 94 3618 ut
132 3576 227 3618 unus
265 3555 409 3638 quisque
448 3555 646 3620 eorumdem
684 3554 935 3618 venerabilium
968 3561 1107 3638 patrum
1139 3556 1278 3619 accedat
1311 3557 1355 3620 ad

2 3749 3 3754 γ
56 3663 320 3746 generacionem
344 3662 381 3725 in
404 3683 464 3725 sua
488 3662 615 3726 diocesi
631 3663 901 3742 descendentem,
918 3683 997 3726 cum
1012 3683 1080 3726 uno
1096 3660 1223 3726 barone
1239 3669 1354 3726 nostro

2 3779 3 3804 ¹
57 3782 89 3831 et
120 3767 262 3833 duobus
293 3767 523 3832 servientibus
556 3769 598 3832 de
631 3772 729 3855 regni
763 3768 936 3833 nobilibus
967 3769 1034 3833 fide
1058 3770 1182 3854 dignis,
1205 3777 1239 3832 et
1264 3769 1355 3833 idem

2 3896 3 3904 ¹
57 3877 212 3942 nondum
245 3873 431 3958 baptizatis
462 3877 549 3940 sacri
583 3875 801 3959 baptismatis
834 3879 987 3960 imponat
1021 3884 1280 3942 sacramentum.
1320 3887 1354 3940 et

56 3997 128 4047 tum
154 4004 262 4067 super
284 3983 440 4066 captivis,
464 3985 524 4067 qui
548 3985 585 4047 in
608 4006 713 4068 regno
737 3993 772 4047 et
796 3987 897 4048 terris
926 3986 1052 4048 nostris
1086 3983 1216 4048 fuerint
1249 3987 1355 4068 capti-

2 4135 3 4138 *
57 4092 128 4154 vati
152 4089 386 4173 remittendis,
409 4111 512 4174 quam
536 4093 643 4155 eciam
668 4093 910 4175 supervacuis
936 4093 1036 4156 terris
1059 4091 1228 4155 nobilium
1245 4101 1355 4176 preta-

2 4275 3 4282 ,
56 4199 155 4280 xatis,
194 4217 282 4280 quas
321 4195 422 4260 modo
461 4198 624 4280 premisso
662 4198 859 4262 eorumdem
901 4198 1133 4262 Cumanorum
1175 4199 1354 4264 descensus

55 4303 247 4385 incluserit,
269 4303 413 4367 videant
436 4309 472 4366 st
494 4305 672 4388 inquirant
696 4304 926 4368 omnimodam
949 4307 1142 4386 veritatem,
1166 4313 1201 4367 et
1217 4305 1355 4370 demum

2 4397 3 4456 Ῐ
55 4408 154 4474 nobis
179 4407 333 4474 fideliter
355 4407 504 4474 debeant
527 4410 735 4490 remandare,
760 4417 799 4474 ut
822 4432 883 4474 nos
907 4412 1035 4475 eisdem
1059 4410 1233 4476 nobilibus
1256 4416 1355 4497 regni

2 4577 3 4614 ,
56 4519 177 4601 nostri,
198 4537 348 4602 quorum
371 4525 461 4582 terre
485 4515 624 4596 fuerint,
648 4519 794 4580 sciamus
819 4521 855 4581 in
880 4521 991 4600 precio
1016 4519 1071 4582 vel
1096 4521 1133 4582 in
1157 4518 1354 4582 concambio

2 4649 4 4726 p
56 4625 274 4709 respondere.
