3142 5214
223 345 289 408 624

222 542 424 628 Huugariae
449 543 776 629 Transilvaniaeque
804 547 921 630 quiete
946 551 982 610 11
1007 544 1261 628 tranquillitate
1287 565 1365 608 cum
1389 542 1521 607 illustri

222 648 414 734 Francisco,
430 650 572 714 alterius
597 651 740 716 condam
763 651 941 716 Francisci
963 649 1127 736 Rtkdczy
1152 653 1316 734 principis
1332 648 1415 732 fili0,
1431 645 1521 731 ejus-

223 757 368 841 demque
391 757 556 822 hactenus
587 757 724 822 asseclis
757 761 936 842 universis,
969 765 1004 822 et
1036 757 1217 842 quibusvis
1249 757 1451 842 Hungariae
1486 765 1521 818 et

223 864 485 929 Transilvaniae
503 863 704 952 Ragnicolis
728 865 964 948 conveniendi,
989 871 1023 928 11
1047 863 1278 929 omnimodam
1302 862 1521 948 transigendi

223 972 382 1056 dedisset,
415 971 667 1057 clementerque
700 975 896 1056 impertitus
930 973 1053 1037 fuisset
1092 973 1273 1056 potestatis
1305 970 1520 1052 facultatem,

223 1077 362 1161 speciali
388 1087 528 1142 eatenus
553 1087 719 1160 emanat0,
744 1079 933 1164 iisdemque
966 1082 1002 1143 in
1033 1078 1194 1164 originali
1217 1085 1458 1162 remonstrato,
1483 1084 1520 1142 et

223 1188 259 1248 in
282 1187 442 1270 genuinis
475 1185 622 1250 Paribus
656 1186 916 1252 Communicato
949 1186 1099 1272 benigno
1132 1186 1294 1250 mandato
1327 1185 1521 1266 firmatam

223 1292 343 1375 vigore
367 1287 464 1374 cujus
492 1299 699 1359 memoratus
733 1293 854 1358 Comes
887 1293 1037 1360 Joannes
1071 1292 1195 1377 Ptlffy,
1229 1291 1442 1376 praehabitis
1477 1293 1520 1358 ad

223 1400 372 1462 invicem
411 1398 565 1484 diversis
604 1403 800 1485 mutuisque
840 1401 1018 1487 colloquiis
1051 1407 1087 1466 et
1119 1400 1338 1466 Tractatibus
1378 1401 1521 1466 tandem

223 1505 265 1568 ad
291 1511 384 1570 certa
409 1506 656 1571 Conventionis
688 1509 821 1573 Puncta
854 1508 898 1573 ab
931 1513 1092 1595 utrinque
1125 1509 1448 1574 condescendissent
1466 1559 1474 1573 .
1491 1561 1520 1573 ..

330 1613 378 1677 Et
401 1613 483 1678 licet
506 1615 618 1680 medio
642 1623 803 1700 tempore,
828 1617 911 1680 dum
933 1617 1017 1681 haec
1041 1623 1233 1703 agerentur,
1264 1616 1520 1680 altetitulatum

223 1718 499 1786 Sacratissimum
532 1722 614 1786 olim
647 1723 843 1806 Principem
868 1723 1055 1788 Dominum
1079 1724 1259 1808 ιῙο1111111111
1282 1725 1520 1789 Romanorum

223 1827 469 1910 Imperatorem
493 1835 528 1892 et
550 1829 827 1895 Germaniae...
851 1830 980 1895 dehac
1004 1832 1143 1896 mortali
1165 1835 1239 1896 vita
1263 1832 1306 1895 ad
1330 1831 1463 1914 beatae,
1488 1837 1523 1894 11

222 1937 450 2017 sempiternae
474 1936 747 2001 immortalitatis
770 1958 925 2002 securam
948 1941 1100 2022 quietem
1123 1942 1269 2003 transire
1299 1941 1523 2025 contigisset3

222 2045 304 2126 quia
327 2049 444 2106 tamen
466 2042 596 2118 Divina
619 2045 854 2128 Providentia,
878 2045 1140 2110 serenissimum
1172 2053 1207 2111 et
1235 2047 1523 2112 Potentissimum

222 2151 420 2233 Principem
441 2150 629 2216 Dominum
656 2151 808 2220 0111111111
833 2153 999 2236 Tertium,
1015 2153 1273 2239 Hyspaniarum
1288 2161 1323 2218 11
1338 2154 1524 2218 Indiarum

223 2259 364 2343 Regem,
404 2257 585 2340 praelibati
623 2258 764 2324 Domini
800 2260 945 2325 condam
977 2260 1114 2344 Josepai
1131 2311 1137 2325 .
1154 2311 1184 2326 ..
1218 2261 1378 2328 Fratrem
1410 2267 1522 2325 et...

223 2365 389 2448 Leopcldi
413 2363 589 2430 Consortis
612 2367 802 2433 Nostri...
834 2368 965 2432 Filium
988 2368 1200 2434 Nostrum..
1218 2421 1224 2434 .
1248 2368 1523 2434 haereditarium

222 2472 386 2536 videlicet
402 2479 437 2536 et
453 2473 679 2538 inmediatum
696 2474 818 2539 Sacrae
841 2477 957 2562 Regni
980 2476 1181 2562 Hungariae
1199 2477 1359 2558 Coronae,
1380 2477 1524 2561 Regno-

223 2601 367 2663 rumque
391 2580 503 2644 eidem
526 2578 759 2665 subjectorum
781 2605 1008 2647 successorem
1032 2584 1294 2650 clementissime
1318 2585 1525 2648 reservavit

224 2684 332 2770 Cujus
356 2687 518 2751 moderna
542 2691 578 2753 in
602 2687 767 2772 absentia,
791 2691 982 2773 usquedum
1005 2689 1077 2755 Deo
1111 2693 1268 2774 propiti0,
1298 2693 1436 2773 propria
1462 2711 1524 2754 sua

224 2798 260 2858 in
298 2795 447 2858 Persona
480 2794 596 2858 adesse
614 2845 620 2860 .
637 2846 668 2859 ..
702 2796 972 2879 praedeclaratas
1007 2796 1173 2883 benignas
1206 2796 1525 2883 Caesareo-Regias

224 2907 410 2965 memorato
435 2900 563 2966 Comiti
586 2902 716 2968 Joanni
739 2903 855 2989 Ptlffy
880 2907 1104 2986 praemissum
1126 2907 1163 2968 in
1186 2905 1290 2969 finem
1313 2904 1524 2969 Clementis-

223 3011 307 3071 sime
332 3008 494 3093 elargitus
518 3009 824 3092 Plenipotentiales
842 3061 849 3073 .
867 3061 897 3074 ..
930 3009 1268 3093 approbavimus...
1300 3012 1393 3076 Hinc
1425 3033 1525 3094 prae-

223 3115 316 3179 fatus
355 3114 474 3179 Comes
514 3117 665 3181 Joannes
703 3117 827 3202 Ptlffy,
867 3124 1078 3201 praeattacta
1118 3121 1254 3201 praevie
1283 3117 1356 3202 jam
1389 3119 1524 3185 Divino

224 3222 363 3287 favente
387 3222 537 3287 Numine
570 3225 686 3306 initae,
720 3231 755 3288 et
787 3224 850 3288 sub
884 3225 964 3288 dato
998 3224 1228 3289 Szathmarini
1261 3227 1317 3289 die
1349 3229 1524 3311 vigesima

223 3352 311 3394 nona
336 3335 490 3393 recenter
513 3330 619 3412 elapsi
644 3334 768 3395 mensis
799 3329 931 3414 Aprilis
964 3335 1046 3396 anni
1078 3333 1178 3398 modo
1210 3335 1379 3398 currentis
1412 3333 1523 3398 infra-

223 3440 344 3520 scripti
368 3437 546 3501 conclusae
571 3441 807 3503 conventionis
842 3447 978 3523 puncta,
1012 3439 1110 3504 nobis
1145 3461 1205 3522 pro
1238 3440 1387 3526 benigna
1421 3442 1522 3506 Rati-

223 3545 382 3609 ficatione
413 3546 518 3608 etiam
550 3553 666 3609 nostra
699 3546 893 3610 humillime
926 3547 1095 3612 submisit.
1128 3548 1222 3625 Quae
1247 3569 1308 3612 nos
1332 3548 1522 3612 elementer

225 3653 483 3736 perpendentes
516 3659 552 3716 et
583 3653 700 3718 altiori
738 3662 853 3719 mente
886 3657 1181 3737 suscipientes..
1221 3655 1412 3720 emanando
1448 3678 1519 3720 esse

224 3759 455 3822 duximus...
478 3760 671 3844 usquedum
695 3783 754 3844 111
779 3759 1032 3826 Summefatum
1055 3761 1086 3826 S.
1111 3763 1167 3826 Pr.
1191 3763 1231 3826 D.
1259 3762 1411 3830 Curetum
1439 3763 1519 3826 Ter·

225 3869 383 3930 tium...
409 3867 451 3929 de
476 3867 690 3949 plenitudine
714 3869 844 3954 Regiae
869 3890 948 3932 suae
971 3867 1204 3934 Authoritatis
1221 3921 1228 3934 .
1245 3921 1276 3934 ..
1301 3869 1518 3935 ratihabean·

223 3981 281 4037 tur
297 4025 304 4037 .
321 4021 351 4037 ..
375 3974 558 4056 superinde
582 3977 759 4039 universos
783 3985 818 4040 et
842 3976 1005 4061 singulos⁷
1029 3999 1112 4061 quos
1136 3999 1238 4060 supra
1261 3977 1408 4042 firmiter
1431 3999 1517 4041 asse-

223 4087 391 4164 curantes,
415 4103 453 4146 ac
477 4081 513 4144 id
540 4085 652 4165 ipsum
676 4083 746 4146 Nos
772 4086 910 4146 omnino
934 4083 1186 4167 effectuaturaS,
1211 4089 1248 4150 in
1270 4085 1376 4152 verbo
1401 4093 1516 4150 nostro

223 4189 386 4274 Reginali
409 4195 444 4252 et
467 4188 534 4252 fide
560 4189 696 4272 publica
720 4190 926 4273 spondentes
951 4198 986 4255 et
1013 4195 1259 4274 promittentes
1291 4191 1345 4258 Ac
1373 4193 1515 4277 proinde

223 4298 349 4361 Primo,
360 4297 550 4360 Memorato
561 4297 689 4362 illustri
700 4297 1058 4383 FranciscoRetkbczy
1073 4302 1193 4384 vigore
1213 4304 1418 4383 praemissae
1435 4325 1516 4367 caea

223 4405 405 4488 regiaeque
429 4402 711 4486 Plenipotentiae,
738 4425 798 4486 per
828 4425 889 4467 nos
922 4426 1065 4489 quoque,
1099 4413 1138 4468 ut
1172 4411 1425 4488 praeattactum
1459 4417 1515 4489 est,

224 4508 370 4594 benigne
401 4508 592 4574 ratificatae
616 4518 651 4573 et
675 4510 904 4594 confirmatae,
927 4516 1077 4597 gratiam
1101 4516 1195 4577 vitae
1219 4521 1254 4577 11
1278 4517 1514 4579 universorum

224 4613 390 4686 bonorum
415 4616 596 4681 mobilium
619 4625 654 4680 et
678 4617 916 4701 immobilium,
941 4621 1093 4701 exceptis
1113 4623 1164 4696 iis,
1183 4643 1270 4704 quae
1286 4622 1328 4686 ad
1346 4622 1515 4704 praesidia
