3192 5214
834 1113 899 1180 XI.

221 1304 574 1407 soMOGthRI
593 1325 887 1408 MONOSTOR
906 1304 1139 1407 ALAPITO
1159 1323 1378 1406 LEVELE.
1399 1325 1515 1407 1091.

327 1565 365 1640 A
393 1565 635 1662 somogyvari
671 1566 860 1646 kiastrom
898 1565 1042 1663 alapito
1078 1566 1197 1642 levele
1232 1565 1393 1662 mintaja
1421 1591 1517 1640 azon

219 1689 556 1786 kivziltsagoknak,
584 1691 776 1784 melyaket
799 1713 822 1763 a
846 1689 1031 1785 ›kiralyi‹
1056 1689 1298 1764 klastromok
1326 1687 1517 1764 e'lveznek.

219 1817 251 1890 E
270 1815 519 1912 kivaltsagok
537 1815 687 1888 mollett
707 1817 876 1890 azonban
894 1841 1046 1912 nagyon
1066 1815 1233 1890 elitarba
1251 1813 1314 1910 le'p
1334 1839 1356 1887 a
1374 1815 1520 1910 kirtly·

219 1945 299 2017 nak
326 1937 567 2036 kizartlagos
594 1940 758 2016 vedelmi
787 1941 825 2016 e's
853 1940 1111 2016 rendelkezeei
1135 1941 1229 2036 joga
1256 1939 1298 2014 is.
1334 1915 1439 2036 I'ipen
1474 1967 1517 2015 ez

220 2066 444 2142 oklevelben
481 2066 595 2140 annal
632 2066 832 2141 feltfintbb
860 2091 882 2140 a
910 2068 1053 2162 kirtlyi
1077 2067 1199 2164 jogok
1230 2066 1518 2162 hangoztatasa‚

220 2199 320 2266 mort
358 2217 404 2292 aa
439 2191 602 2288 alapitae
639 2217 662 2264 a
699 2191 814 2288 papai
857 2193 1061 2282 kivetnek
1107 2193 1230 2266 Teuzo
1276 2192 1519 2282 biborosnak,

217 2317 470 2413 jelenle'teben
498 2317 680 2391 torte'nik.

328 2443 431 2517 Ezen
459 2443 497 2538 fij
527 2443 716 2517 klastrom
744 2467 766 2516 a
793 2443 1059 2540 legszorosabb
1087 2445 1291 2538 vitzonyba
1317 2442 1381 2540 lep
1400 2467 1423 2516 a
1440 2443 1519 2519 deli

222 2567 539 2663 francziaorszagi
559 2566 777 2643 St-Grillesi
796 2594 899 2665 nagy
927 2570 1195 2644 klastromhoz.
1225 2569 1362 2665 Tagjai
1379 2593 1467 2642 nam
1485 2570 1520 2643 is

221 2693 412 2784 lehetnek‚
440 2695 533 2766 csak
570 2692 776 2784 franoziak,
813 2693 887 2788 irja
925 2693 1128 2769 Aiben'ous
1167 2695 1300 2768 Trium
1336 2693 1520 2769 Fontium

223 2845 245 2892 a
264 2818 373 2893 XIII.
393 2817 525 2891 azazad
545 2819 723 2914 k'ozepe'n.
750 2819 868 2915 Maga
897 2843 939 2892 az
969 2820 1118 2894 oklevel
1137 2821 1169 2892 is
1187 2819 1522 2917 Franoziaorszag-
1591 2799 1592 2808 ἶ

223 2947 298 3018 ban
336 2945 487 3017 maradt
524 2969 620 3040 meg.
648 2944 794 3018 Kiadta
827 2945 997 3036 Meum-d,
1025 2947 1196 3020 Histoire
1225 2945 1336 3020 civile
1363 2951 1402 3020 et
1431 2948 1522 3021 eccl.

224 3071 271 3144 de
308 3070 449 3160 Nimaa
486 3069 606 3142 utana
643 3071 794 3144 ktztlte
831 3071 941 3166 Feje'r
978 3073 1019 3146 ie.
1057 3071 1095 3145 Ο.
1133 3071 1178 3146 D.
1214 3071 1242 3144 I.
1275 3076 1364 3145 468.
1391 3072 1521 3146 Waitz

225 3195 393 3290 Gyiirgy‚
430 3219 452 3267 a
489 3193 591 3268 hirea
628 3193 751 3287 tudoa
789 3197 906 3269 azives
939 3196 1020 3269 volt
1049 3196 1170 3270 velem
1200 3222 1222 3269 a
1249 3193 1398 3270 kezirat
1425 3197 1523 3269 tiibb

224 3321 437 3396 valtozatat
465 3320 626 3412 kiizolni
654 3345 727 3417 egy
764 3321 874 3395 XIII.
912 3323 1059 3394 azazadi
1095 3321 1199 3416 lyoni
1236 3321 1384 3395 kezirat
1416 3321 1524 3396 utan.

333 3551 547 3619 Universalis
571 3559 606 3616 et
625 3551 794 3621 catholiea
810 3561 928 3618 saneta
944 3559 1055 3618 mater
1070 3553 1211 3618 ecclesia
1234 3575 1252 3618 e
1276 3553 1422 3618 diversi·
1446 3573 1524 3636 par-

225 3663 319 3726 tibus
343 3661 515 3746 unigeniti
548 3657 612 3723 filii
646 3659 711 3723 Dei
745 3661 910 3745 sanguine
943 3661 1050 3744 unita,
1083 3662 1267 3725 caritativa
1290 3661 1524 3743 compassione

227 3792 286 3852 per
309 3788 425 3832 omnes
457 3765 550 3830 orbis
582 3763 667 3830 fines
701 3765 896 3831 diffundere
928 3765 1056 3850 volent,
1091 3766 1247 3832 notificat
1270 3775 1342 3831 tam
1367 3787 1528 3849 praesen-

226 3875 319 3941 tibus
343 3895 446 3959 quam
471 3871 607 3955 futuris,
647 3893 682 3937 se
705 3894 778 3937 esse
810 3879 947 3937 auctam
980 3875 1017 3936 in
1049 3873 1246 3938 Pannoniae
1275 3872 1430 3956 partibus
1453 3895 1527 3942 una

226 3981 351 4068 regalis
374 3979 514 4045 abbatia
537 3979 669 4044 MXOI.
702 4001 791 4044 anno
823 3980 1014 4045 dominicae
1047 3983 1301 4064 incamationis‚
1333 3981 1527 4048 indictione

227 4089 323 4153 VIII.
356 4093 522 4174 regnante
547 4086 754 4172 Logesoelao
786 4085 1031 4172 gloriosissimo
1065 4089 1218 4153 eiusdem
1250 4089 1400 4174 regionis
1432 4079 1528 4177 rege.

227 4199 338 4263 Loous
361 4203 477 4260 autem
500 4194 569 4277 ille,
593 4196 641 4258 im
665 4215 732 4278 quo
765 4193 858 4258 Deus
898 4194 1064 4280 preelegit
1097 4195 1164 4259 sibi
1196 4203 1350 4260 sanctam
1383 4194 1531 4266 fundari

227 4303 413 4387 ecelesiam,
435 4323 505 4366 non
528 4301 713 4366 habentem
746 4299 915 4365 maculam
948 4323 1011 4366 neo
1042 4323 1173 4388 rugam,
1205 4309 1350 4368 vocatur
1372 4303 1532 4392 Sumieh,

227 4411 440 4477 nobilissima
463 4408 601 4474 urbium
635 4416 764 4490 terrae;
803 4430 906 4493 quam
935 4431 1013 4473 oum
1046 4413 1222 4475 territo1io
1255 4431 1316 4477 suo
1348 4411 1534 4494 prediatus

228 4542 297 4603 rex,
329 4518 472 4582 audiens
506 4518 701 4600 opinionem
740 4518 942 4581 moritorum
974 4516 1068 4580 beati
1100 4517 1221 4604 Egidii
1253 4515 1455 4582 confessoris
1479 4521 1532 4586 ad

227 4626 391 4691 honoram
415 4633 531 4688 sancte
555 4632 590 4687 et
614 4623 793 4688 individue
818 4622 1001 4688 Trinitatis
1026 4631 1061 4688 et
1089 4624 1269 4690 beatorum
1292 4623 1533 4710 apostolorum
