3138 5212
1291 347 1357 412 395

70 547 166 610 Serv
198 545 294 630 Rege
327 546 470 628 Joanne,
502 545 615 610 medio
648 545 733 610 dicti
766 545 807 610 D.
839 545 1099 629 Archiepiscopi
1131 545 1357 610 Lundensis.1

70 653 211 716 oratoris
234 659 269 715 et
302 656 526 734 commissarii
564 655 600 717 in
638 654 703 718 hac
736 661 833 736 parte
867 662 939 718 tam
971 653 1155 718 Caesareae
1189 660 1223 716 et
1258 653 1357 717 Oath.

69 754 183 822 Mat¹⁸2
207 781 310 843 quam
338 762 448 824 nostri
471 763 590 845 vigore
615 761 706 844 pleni
735 761 890 824 mandati
922 759 989 824 sibi
1020 758 1065 824 ab
1088 762 1267 844 utriusque
1299 782 1358 824 no-

68 875 176 930 strum
202 867 332 947 traditi,
357 891 483 950 pacem,
507 871 704 949 amicitiam,
739 867 994 934 fraternitatem
1027 875 1061 931 et
1088 866 1358 932 confoederatio-

68 997 142 1038 nem
167 975 302 1039 tamdiu
334 983 521 1058 exoptatae
561 975 714 1058 fecimus
753 975 966 1040 firmavimus
998 982 1033 1038 et
1065 975 1296 1040 stabilivimus
1320 978 1358 1038 in

66 1083 156 1146 hunc
180 1083 241 1166 qui
264 1085 420 1167 sequitur
442 1083 614 1162 modum]

175 1191 203 1253 1.
227 1188 399 1272 Inprimis,
426 1212 531 1275 quum
570 1189 734 1254 Caesarea
768 1196 803 1252 et
835 1189 934 1253 Oath.
967 1189 1052 1273 Reg.
1081 1185 1178 1252 Maras
1204 1185 1357 1269 praefata

65 1319 124 1361 sua
149 1303 270 1380 sponte
296 1319 338 1361 ex
362 1297 528 1381 singulari
553 1296 792 1360 benevolentia
816 1306 850 1359 et
875 1295 1043 1360 charitate
1068 1295 1196 1359 Sermum
1225 1294 1357 1379 Regem

65 1404 235 1470 Joannem
259 1405 296 1468 in
320 1402 463 1468 fratrem
479 1406 682 1488 adoptivum
698 1405 848 1486 accepit;
873 1404 950 1467 ideo
970 1424 1030 1468 nos
1054 1425 1187 1489 quoque
1212 1404 1357 1468 eundem

66 1515 100 1576 in
125 1510 270 1576 fratrem
294 1512 496 1595 adoptivum
529 1521 564 1576 et
597 1511 876 1576 confoederatum
910 1517 1065 1574 nostrum
1088 1513 1284 1593 accipimus,
1309 1513 1357 1574 ita

66 1633 102 1683 ut
137 1622 230 1683 inter
262 1639 323 1682 nos
351 1627 385 1682 et
410 1619 542 1682 dictum
567 1619 692 1684 Sermum
723 1618 856 1702 Regem
889 1618 1059 1683 Joannem
1081 1620 1127 1682 sit
1150 1617 1257 1699 firma,
1291 1627 1358 1682 sta·

65 1727 145 1790 bilis
169 1733 204 1791 et
229 1734 392 1810 perpetua
412 1727 563 1806 (domino
580 1726 643 1790 deo
666 1725 819 1805 favente)
837 1748 912 1808 pax,
928 1723 1181 1790 confoederatio
1204 1726 1357 1788 amicitia

64 1843 97 1897 et
122 1857 205 1898 vera
229 1856 268 1898 ac
293 1857 435 1918 syncera
459 1833 668 1916 fraternitas,
701 1855 760 1917 pro
794 1835 1050 1898 conservatione
1084 1853 1275 1916 regnorum,
1300 1831 1359 1894 do-

65 1943 318 2026 miniorumque
342 1949 376 2004 et
402 1943 655 2024 provinciarum
689 1943 929 2023 communium,
959 1961 1019 2024 pro
1043 1940 1153 2004 salute
1177 1945 1212 2004 et
1236 1938 1358 2002 libera-

65 2051 159 2112 tione
183 2050 284 2112 istius
307 2047 430 2112 afflicti
454 2051 552 2133 regni
584 2051 694 2114 nostri
727 2049 928 2133 Hungariae
951 2056 986 2112 et
1009 2049 1117 2111 totius
1150 2045 1357 2128 reipublicae

65 2157 282 2236 christianae,
306 2163 425 2220 contra
450 2156 621 2241 quoslibet
653 2157 769 2221 hostes
802 2165 837 2218 et
870 2158 1026 2222 inimicos
1059 2176 1262 2236 communes
1288 2161 1358 2217 tam

65 2271 234 2344 externos
257 2285 360 2348 quam
390 2266 580 2328 intestinos.

174 2372 204 2434 2.
227 2370 326 2452 Item,
350 2372 441 2456 quod
465 2371 629 2436 Caesarea
663 2369 761 2436 Maus
785 2370 888 2435 simul
921 2382 955 2434 et
985 2392 1055 2452 nos,
1089 2371 1200 2434 literis
1233 2373 1358 2434 utrius·

64 2501 129 2562 que
155 2487 311 2544 nostrum
327 2479 559 2544 mediantibus
582 2487 617 2542 et
640 2480 717 2544 aliis
734 2480 853 2561 modis,
872 2479 997 2564 quibus
1021 2482 1208 2562 poterimus
1232 2478 1358 2543 firmio-

64 2585 161 2650 ribus
191 2585 298 2649 Sr¹¹¹¹¹¹¹¹
338 2586 471 2670 Regem
503 2585 672 2650 Joannem
706 2594 740 2649 et
773 2586 935 2670 Regnum
962 2586 1056 2650 istud
1082 2593 1238 2650 nostrum
1262 2585 1358 2648 Hun-

64 2696 181 2776 gariae
206 2713 445 2774 assecuremus,
469 2714 585 2756 curam
602 2701 635 2756 et
653 2693 871 2777 diligentiam
894 2701 1023 2776 quanto
1047 2696 1210 2758 maiorem
1235 2693 1358 2776 poteri-

65 2821 141 2863 mus
173 2821 291 2884 gerere
324 2805 359 2863 et
391 2799 563 2881 adhibere,
596 2801 638 2864 de
671 2802 768 2884 regni
792 2802 893 2863 istius
917 2801 1027 2863 nostri
1052 2801 1260 2885 Hungaria'e,
1286 2821 1359 2880 par-

65 2909 222 2992 tiumque
247 2909 278 2971 ei
302 2905 534 2990 subjectarum
559 2907 668 2970 tutela
692 2915 727 2971 et
751 2906 967 2988 defensione;
991 2914 1026 2970 et
1055 2909 1146 2972 inter
1170 2907 1236 2970 alia
1261 2906 1359 2969 Maias

65 3037 124 3078 sua
160 3013 325 3078 Caesarea
354 3011 456 3097 juxta
495 3019 591 3078 sua'm
630 3014 848 3093 oblationem,
881 3015 1074 3078 oratoribus
1116 3017 1223 3098 ipsius
1263 3011 1357 3078 Sermi
1460 3017 1462 3022 ’

64 3121 174 3206 Regis
198 3121 342 3186 Joannis
367 3124 519 3204 proxime
544 3123 697 3206 Neapoli,
730 3130 769 3187 ut
802 3122 922 3204 fertur,
955 3121 1093 3204 factam,
1117 3123 1158 3185 de
1184 3145 1359 3205 recupera-

65 3231 159 3292 tione
184 3229 348 3313 Belgradi
371 3251 449 3293 cum
471 3231 601 3294 auxilio
625 3231 679 3294 dei
704 3231 912 3315 singularem
936 3251 1052 3293 curam
1077 3238 1182 3314 geret.

175 3337 204 3400 3.
227 3336 326 3419 Item,
349 3337 439 3423 quod
463 3359 538 3402 eam
561 3337 605 3401 ob
638 3360 774 3402 causam
806 3339 921 3402 Ser¹¹¹¹¹⁸
944 3337 1021 3401 Rex
1054 3338 1204 3402 Joannes
1237 3359 1359 3401 renun-

64 3445 174 3507 ciavit
207 3466 248 3507 ex
281 3466 372 3508 nunc
410 3445 568 3508 omnibus
603 3445 959 3510 confoederationibus
996 3453 1030 3509 et
1070 3446 1232 3508 amicitiis
1275 3467 1358 3529 quas

64 3572 144 3614 cum
168 3550 348 3634 quibusvis
372 3551 510 3635 regibus
543 3559 577 3614 et
610 3551 846 3634 principibus³
879 3559 914 3616 et
938 3553 1024 3634 aliis,
1048 3573 1192 3636 quorum
1221 3554 1358 3616 nomina

65 3659 121 3722 hic
163 3679 222 3740 pro
261 3661 429 3742 expressis
463 3658 588 3723 habere
630 3659 751 3740 voluit,
786 3667 904 3722 contra
944 3659 1052 3724 Μειῑ8111
1089 3661 1291 3724 Caesaream
1324 3669 1359 3723 et

64 3789 136 3830 uos
160 3767 207 3830 Et
231 3765 294 3831 hoc
318 3767 408 3832 idem
433 3765 596 3830 faciemus
630 3767 793 3830 Caesarea
826 3766 923 3830 Maus
955 3777 990 3831 et
1023 3789 1084 3830 uos
1117 3789 1197 3850 erga
1230 3767 1357 3835 Ser¹¹¹¹¹¹¹¹

64 3874 199 3958 Regem
231 3873 410 3938 Joannem.
442 3874 508 3938 Sed
550 3876 630 3958 quia
664 3874 777 3937 dictus
810 3875 925 3937 Sernes
949 3875 1024 3938 Rex
1064 3874 1239 3938 Johannes
1263 3878 1358 3958 cupit

64 3979 264 4044 satisfacere
311 3981 431 4046 honori
478 4004 537 4045 suo
584 4003 662 4044 cum
704 3980 952 4044 confoederatis
993 3984 1112 4044 amicis
1155 3984 1232 4063 sule,
1275 4005 1359 4067 quos

124 4199 131 4227 ¹
153 4190 441 4245 WezeJanoslundi
456 4190 660 4262 ersek,(Sved-
771 4191 840 4261 lyek
864 4192 932 4244 1538
959 4191 1079 4244 februar
1107 4190 1192 4244 ‘Il-en
1221 4209 1238 4244 a
1266 4209 1358 4262 nagy-

66 4282 239 4352 orsztgban,
270 4281 363 4336 akkor
394 4279 462 4352 meg
491 4281 659 4350 Danidban)
771 4281 874 4334 veredi
895 4280 968 4334 beke
988 4279 1191 4351 megkbtesere
1212 4283 1358 4335 vezettek.

68 4373 101 4424 V.
124 4371 239 4443 Karoly
263 4372 378 4426 csdszar
406 4371 608 4442 diplomataja,
628 4372 659 4424 ki
807 4379 816 4406 ¹
835 4371 858 4424 Ι.
869 4371 998 4425 Ferencz
1011 4372 1143 4424 franczia
1154 4372 1261 4443 kirtly,
1273 4372 1358 4426 VIII.

69 4459 183 4530 Karoly
203 4459 234 4514 es
253 4459 422 4514 Ferdinand
442 4460 659 4532 nregbiztsdbdl
769 4459 885 4514 Henrik
911 4461 999 4531 angol
1028 4461 1136 4531 kirtly,
1156 4479 1173 4514 a
1193 4461 1275 4531 bajor
1294 4461 1359 4514 her-

67 4549 138 4619 tbbb
167 4548 240 4602 even
272 4548 305 4602 at
332 4549 475 4620 folytatta
503 4549 596 4604 Jtnos
615 4549 659 4602 lii-
769 4550 876 4620 czegek
897 4549 958 4604 e'sa
978 4550 1146 4619 protestans
1168 4549 1268 4605 nemet
1288 4551 1359 4620 feje-

67 4639 198 4709 rdlylyal
227 4656 298 4692 azon
333 4639 565 4710 targyalasokat,
599 4657 658 4692 me·
768 4640 892 4693 delmek.
