3142 5214
219 386 285 450 608

218 583 478 649 Praevaricatae
494 581 596 667 leges,
612 585 797 646 innovatus
814 603 997 665 processus,
1021 580 1221 646 subsecutae
1239 584 1387 665 rapinae,
1412 591 1514 646 aucta

219 694 450 774 potentiorum
474 691 623 774 licentia,
647 694 799 774 oppressi
823 691 955 774 pupilli,
979 689 1205 773 depraedatae
1229 689 1373 771 viduae,
1396 711 1438 754 ac
1453 689 1515 756 ubi

218 797 410 884 regnicolae
434 819 497 861 1100
513 799 584 861 suis
604 793 741 879 juribus
756 798 818 878 ,uti
835 797 1118 880 permitterentur
1140 817 1203 860 nec
1218 803 1401 861 externum
1421 794 1515 880 judi-

219 915 334 970 catum
366 904 468 970 facile
499 903 734 986 admitterent,
767 905 881 968 omnia
913 903 1170 988 susquedeque
1194 901 1323 987 habita,
1348 903 1514 967 exulante

214 1012 353 1097 justitia
377 1010 693 1078 commiscebantur.
725 1010 1009 1089 Quemadhaec
1033 1011 1118 1076 10101
1151 1011 1322 1076 0010101110
1351 1010 1514 1076 turbatae

219 1127 255 1186 in
271 1123 393 1208 Regno
409 1121 603 1207 Religionis
619 1117 843 1204 praetextus?
860 1117 948 1184 Sane
964 1119 1183 1205 Religionem
1199 1119 1375 1204 impedire,
1391 1121 1516 1204 patriis

220 1237 321 1314 prout
337 1235 373 1292 et
390 1225 632 1311 Imperialibus
656 1227 841 1292 admissam
865 1226 1188 1310 Constitutionibus,
1212 1233 1252 1292 ut
1268 1248 1328 1310 per
1342 1227 1408 1292 1100
1425 1225 1517 1290 10110-

220 1337 370 1402 factatae
382 1331 576 1420 Religionis
591 1333 747 1399 libertati
763 1333 907 1398 illudere
925 1336 1064 1417 possint,
1075 1337 1247 1399 communi
1262 1356 1341 1398 cum
1350 1333 1517 1399 Bohemis

220 1443 458 1509 indifferenter
490 1445 659 1526 oppressis
682 1442 847 1526 example,
880 1463 933 1506 res
965 1439 1158 1506 Austriaois
1190 1441 1322 1510 dudum
1353 1443 1517 1506 exercita.

221 1553 387 1617 Seoantur
409 1549 560 1634 flumina,
591 1549 747 1636 fiuntque
770 1551 847 1633 rivi,
879 1572 919 1614 ac
951 1551 1000 1613 sic
1028 1551 1141 1614 scissis
1174 1553 1209 1613 in
1233 1549 1370 1614 diversa
1393 1550 1518 1613 Proce-

221 1681 297 1722 rum
319 1658 435 1744 Regni
457 1656 640 1740 mentibus,
664 1657 748 1721 dum
771 1656 1018 1720 discordiarum
1035 1656 1099 1721 sub
1115 1663 1297 1740 praetextu
1319 1656 1519 1742 Religionis

220 1772 429 1851 spargtmtur
457 1769 596 1847 semina,
629 1767 803 1830 enervatis
834 1767 941 1828 tacite
973 1765 1116 1849 viribus,
1148 1763 1319 1828 labescere
1351 1765 1519 1849 Regnum

220 1877 416 1956 experimur
428 1876 454 1916 1⁵
477 1872 597 1936 Testes
620 1871 810 1954 complures
830 1870 1031 1955 Cathedrae,
1049 1875 1227 1957 peregrino
1244 1871 1423 1936 Praelatos
1439 1892 1520 1935 suos

221 2003 278 2046 ore
301 1981 397 2066 loqui
420 1987 619 2064 querentes3
645 1978 837 2063 collataque
861 1985 979 2043 contra
1003 1977 1079 2042 Art.
1103 1977 1257 2044 XXVII„
1280 1981 1363 2042 anui
1388 1979 1521 2042 1681.“ἰ

221 2091 334 2172 opima
350 2090 478 2152 exteris
494 2086 626 2170 altaria,
645 2087 728 2150 dum
744 2087 914 2170 pomposis
930 2086 1112 2150 dumtaxat
1128 2085 1265 2150 inhiant
1280 2085 1521 2169 proventibus,

222 2201 294 2261 sine
319 2193 492 2279 spirituali
506 2196 621 2280 gentis
636 2193 823 2278 Hungarae
839 2192 1085 2274 aedificatione,
1108 2196 1230 2277 supina
1246 2202 1390 2277 occupat
1407 2193 1522 2279 negli-

222 2305 349 2390 gentia.
382 2301 508 2366 Jacent
540 2301 650 2386 Leges
682 2301 806 2385 Regni,
847 2299 1049 2366 Austriacae
1087 2301 1227 2366 libidini
1259 2303 1438 2383 subditae,
1481 2325 1522 2367 ao

221 2432 323 2475 aurea
342 2412 488 2492 pristina
512 2407 739 2472 Comitiorum
762 2407 952 2472 Dietalium
976 2407 1117 2472 libertas
1140 2411 1201 2472 uni
1225 2409 1366 2474 consilio
1390 2409 1524 2476 Aulioo

223 2522 376 2584 inservit.
409 2518 502 2595 Quae
525 2517 671 2581 ulterior
693 2515 898 2582 aedificandi
922 2539 1006 2600 spes,
1030 2525 1209 2581 corruente
1238 2515 1337 2582 basi?
1372 2519 1414 2584 N
1413 2521 1524 2585 alliam

222 2627 356 2693 omuino
388 2627 431 2692 ad
459 2624 717 2708 promovendum
743 2623 957 2707 Tyrannidis
977 2625 1119 2710 pradum
1147 2625 1281 2708 aipazca
1313 2631 1360 2690 eat
1384 2628 1526 2706 certius,

223 2755 322 2816 quum
345 2733 482 2800 liberam
506 2754 527 2798 a
546 2733 644 2815 pleno
668 2737 832 2797 coaventu
848 2753 983 2798 avocare
999 2733 1164 2816 Ecquam.
1188 2730 1307 2798 Crevit
1323 2733 1405 2798 hinc
1423 2737 1525 2800 inex-

224 2840 359 2924 plebilis
382 2839 511 2924 majora
533 2837 683 2904 audendi
707 2838 856 2922 licentia,
880 2847 915 2904 et
938 2839 1106 2923 quidquid
1124 2842 1259 2921 privato
1275 2847 1451 2906 statutum
1468 2854 1525 2908 est

223 2949 375 3032 consilio,
397 2950 470 3011 vim
494 2967 671 3030 supremae
695 2945 782 3031 legis
805 2945 896 3028 apud
922 2953 1055 3010 coactos
1079 2945 1240 3012 obtinuit.
1272 2947 1371 3011 Nihil
1404 2951 1526 3016 inten-

223 3063 335 3120 tatum
359 3055 518 3119 relictum
541 3061 602 3136 est,
626 3061 665 3116 ut
689 3055 802 3136 opimo
825 3053 889 3116 hoo
913 3053 1020 3135 spolio
1043 3051 1226 3116 Austriaoa
1241 3055 1391 3139 gaudere
1410 3061 1524 3140 possit

224 3165 386 3247 potentia.
425 3159 574 3246 Obtrusa
607 3163 723 3244 itaque
755 3159 878 3243 Regno
910 3159 1109 3242 Dicasteria,
1142 3159 1255 3224 locum
1288 3161 1526 3230 Comitiorum

223 3270 393 3354 habitura,
417 3291 477 3353 per
499 3291 587 3354 quae
611 3269 694 3332 dum
717 3265 908 3351 regnicolas
938 3267 981 3330 ad
1004 3265 1189 3331 arbitrium
1213 3289 1312 3332 suum
1335 3270 1525 3355 gubernat,

223 3401 292 3443 non
323 3381 391 3442 nisi
423 3378 638 3460 despotioum
669 3377 707 3438 in
730 3373 837 3438 libero
860 3373 983 3458 Regno
1007 3381 1135 3439 restare
1164 3379 1354 3460 imperium,
1387 3402 1524 3464 aequus

226 3488 372 3568 pensitet
385 3483 504 3568 judex.
519 3482 586 3548 Ast
601 3483 685 3567 quid
702 3482 756 3545 his
772 3484 994 3544 immoramur
1009 3481 1167 3546 diutius?
1190 3483 1323 3548 Dedere
1339 3484 1524 3552 Austriaci

226 3591 341 3674 patula
365 3592 407 3656 de
430 3599 534 3677 gente
557 3590 621 3654 hac
645 3588 778 3653 consilii
802 3590 1008 3672 testimonia,
1032 3589 1115 3652 dum
1137 3597 1218 3654 aute
1241 3592 1523 3676 quadriennium,

224 3702 419 3762 convocatis
442 3698 574 3784 illegali
602 3696 808 3781 procedendi
831 3695 936 3758 modo
955 3703 1052 3758 extra
1075 3697 1238 3781 Regnum
1272 3697 1524 3784 optimatibus,

226 3815 360 3888 praeter
383 3806 557 3889 complura
581 3805 657 3888 alia,
685 3810 846 3867 notanter
877 3798 1076 3884 hujusmodi
1109 3810 1245 3888 puncta,
1278 3813 1317 3868 ut
1350 3807 1523 3872 nimirum

224 3915 345 3978 modus
369 3913 506 3978 futurae
530 3915 711 3978 continuae
735 3909 1000 3974 contributionis
1025 3931 1085 3990 per
1107 3909 1298 3975 antelatum
1317 3916 1523 3994 putativum

226 4145 303 4192 mart
322 4139 393 4192 azok
412 4141 484 4194 seha
503 4158 565 4195 sem
585 4140 676 4194 ulnek
694 4145 774 4192 ossae
793 4157 808 4193 0
826 4138 876 4209 oly
895 4139 1029 4209 dgyeket
1047 4138 1221 4193 utasitanak
1244 4140 1307 4209 oda,
1336 4141 1522 4212 melyeknek

226 4227 387 4298 befejezese
405 4247 474 4283 110111
493 4230 601 4284 11101111
620 4228 849 4282 kivtnatosnak.

335 4326 356 4354 ¹⁵
376 4319 515 4372 1701-11011
535 4317 888 4388 01101011ογ10111101010
915 4317 1076 4386 kimondja,
1105 4317 1185 4388 hogy
1213 4335 1247 4371 aa
1277 4317 1422 4372 1681-ben
1446 4337 1523 4391 meg-

225 4406 367 4476 engedett
385 4406 644 4476 vallasszabadstg
663 4406 732 4460 csak
746 4423 780 4458 az
794 4405 900 4460 akkori
912 4405 1024 4477 kirtlyi
1037 4406 1302 4478 Magyarorsaagra
1316 4409 1522 4463 vonatkozott.

225 4498 252 4550 A
271 4494 478 4564 visszafoglalt
496 4493 723 4564 orszbgreszben
742 4511 760 4546 a
779 4495 947 4564 protestans
968 4495 1063 4551 vallas
1081 4496 1260 4567 gyakorlata
1279 4497 1307 4551 01
1328 4515 1390 4552 van
1422 4501 1522 4554 tiltva.

335 4594 356 4622 ¹·
375 4583 480 4638 Ennek
501 4582 683 4638 ertelmeben
702 4601 719 4636 a
738 4584 833 4654 vilagi
854 4583 885 4638 es
904 4584 1032 4656 egyhazi
1053 4586 1161 4639 tisatek
1181 4586 1212 4640 00
1228 4587 1428 4658 javadalmak
1457 4589 1522 4644 csak

225 4679 365 4743 magyart
381 4673 510 4727 illetnek
530 4691 606 4744 meg.
