3144 5218
1293 385 1356 448 121

78 613 82 618 ·
115 629 119 634 -
174 585 288 652 XVII.
315 585 473 652 0111111111.
490 565 728 649 ’1111111111
752 606 886 669 quoque
911 584 957 647 M.
981 605 1050 665 sua,
1083 569 1184 667 quoii,
1216 567 1358 646 uiuente

65 691 98 756 S.
124 691 159 756 O.
191 693 292 777 Eque
324 690 512 776 majestate,
545 692 585 756 D.
610 692 650 755 N.
684 691 959 772 clementissimo
983 692 1019 754 iu
1043 689 1173 755 nullam
1196 689 1359 754 adminis-

65 802 251 862 trationem
274 802 372 886 regni
396 821 467 864 sese
492 801 712 880 intermittet,
740 796 868 882 absque
901 819 981 860 suae
1014 795 1050 862 O.
1083 795 1206 880 R.-que
1239 793 1359 879 majes-

65 908 149 968 tatis
181 927 339 989 expressa
371 914 406 972 et
439 903 597 989 specifica
635 906 784 990 benigna
822 904 1001 968 voluntate
1041 903 1358 988 regnicolarumque

64 1033 212 1078 assensu.
245 1011 360 1098 Atque
393 1013 457 1078 hae
491 1021 571 1076 sunt
605 1011 827 1094 conditiones
861 1033 945 1096 quas
977 1011 1023 1074 M.
1057 1033 1117 1078 sua
1150 1014 1245 1096 regia
1278 1021 1357 1074 ante

64 1118 267 1184 electionem
300 1143 395 1184 suam
427 1128 603 1203 acceptare
637 1117 892 1200 sufficientibus
926 1119 1053 1182 litteris
1086 1121 1156 1181 suis
1188 1139 1358 1182 assecura-

63 1230 164 1290 toriis
187 1227 251 1291 sub
273 1227 379 1292 verbo
403 1231 498 1314 regio
524 1226 741 1308 confirmare;
772 1233 848 1309 post
872 1227 1126 1290 coronationem
1148 1247 1229 1290 vero
1253 1247 1358 1309 suam,

63 1345 218 1417 tempore
241 1339 391 1418 suscepti
414 1337 601 1421 regiminio,
625 1333 845 1420 generalibus
869 1333 1024 1398 articulis
1057 1336 1161 1396 inseri
1185 1355 1224 1397 ac
1248 1333 1359 1416 publi-

63 1461 141 1504 care
183 1441 394 1526 dignabitur.
432 1443 504 1508 Nos
542 1445 667 1526 itaque,
708 1441 881 1524 praedicta
919 1443 1158 1505 universorum
1194 1439 1226 1506 S.
1259 1439 1290 1504 S.
1324 1449 1358 1504 et

63 1547 133 1614 00.
158 1549 271 1614 incliti
295 1552 393 1635 regni
417 1550 534 1636 Hung.
558 1558 591 1612 et
617 1552 767 1632 partium
791 1551 828 1610 ei'
847 1545 1079 1640 subjectarum
1110 1548 1358 1631 supplicatione

63 1657 252 1720 clementer
275 1655 432 1736 admissa,
449 1678 508 1740 pro
526 1655 675 1741 benigna
698 1657 805 1718 animi
828 1657 937 1717 nostri
963 1656 1184 1737 propensione
1209 1657 1358 1738 ipsisque

62 1763 252 1827 clementer
288 1763 509 1849 gratificandi
532 1763 720 1844 voluntate,
745 1765 971 1845 praeinsertos
996 1763 1172 1828 universos
1196 1762 1358 1825 articulos

63 1891 101 1933 ac
119 1872 236 1934 omnia
253 1877 287 1934 et
304 1869 439 1955 singula
456 1873 492 1933 in
509 1873 557 1932 eis
574 1877 744 1951 contenta,
762 1875 844 1952 rata,
860 1871 960 1955 grata
976 1877 1010 1933 et
1026 1875 1164 1952 accepta
1185 1867 1358 1948 habentes,

62 1977 193 2041 eisdem
208 1979 368 2063 -Regium
392 1985 547 2041 nostrum
571 1997 780 2060 consensum,
809 1975 1013 2040 benevolum
1039 1979 1167 2059 pariter
1190 1983 1224 2040 et
1247 1997 1359 2040 assen-

62 2107 139 2149 sum
165 2083 787 2168 111111111111111111111111111
816 2086 852 2146 in
880 2085 928 2147 eis
953 2077 1112 2154 contenta
1138 2121 1178 2130 Μ
1206 2091 1359 2166 accepta-

62 2195 187 2275 vimus,
204 2192 477 2276 approbavimus,
495 2191 742 2256 ratifioavimus
759 2199 793 2255 et
810 2190 1096 2256 confirmavimus.
1113 2193 1359 2256 Promittantes

63 2306 97 2362 et
120 2307 355 2365 assecurantes
380 2299 498 2364 Status
522 2307 557 2362 et
582 2299 735 2380 Ordines,
768 2301 805 2362 iu
838 2298 942 2362 verbo
975 2305 1091 2363 nostro
1123 2301 1243 2383 Regi0,
1267 2297 1358 2382 quod

66 2410 249 2488 praemissa
277 2410 400 2484 1111111,
426 2413 496 2470 tam
520 2427 580 2470 nos
605 2409 671 2489 ipsi
695 2407 889 2492 Regimiuis
918 2409 1026 2470 nostri
1060 2415 1212 2489 tempore
1247 2405 1358 2468 obser-

63 2514 233 2596 vabimus,
265 2537 367 2599 quam
400 2537 459 2597 per
491 2514 575 2577 alios
607 2511 725 2576 fideles
757 2511 911 2576 subditos
950 2521 1092 2594 nostros
1126 2511 1358 2597 cujuscunque

63 2622 183 2685 Status
224 2629 258 2685 et
297 2621 513 2685 Couditionis
547 2623 706 2703 existant,
740 2619 914 2683 observari
948 2621 1121 2702 faciemus,
1154 2622 1206 2684 uti
1239 2621 1357 2704 vigore

62 2726 168 2810 hujus
206 2731 315 2792 nostri
353 2727 560 2810 Diplomatis
602 2733 826 2808 acceptamus,
865 2726 1101 2808 approbamus,
1140 2725 1358 2807 ratificamus,

62 2830 312 2917 confirmamus
336 2841 439 2918 atque
464 2835 704 2917 promittimus
734 2831 774 2895 In
807 2830 904 2916 cujus
937 2831 1039 2897 fidem
1064 2841 1098 2896 et
1120 2833 1358 2900 'testimonium

64 2943 183 3007 literas
215 2941 276 3006 has
309 2963 412 3005 manu
445 2943 579 3025 propria
604 2930 865 3023 subscripsimus
896 2949 931 3004 et
955 2941 1061 3026 sigilli
1086 2943 1196 3005 nostri
1219 2943 1358 3022 impres-

63 3053 158 3114 sione
191 3052 318 3114 muniri
351 3049 518 3112 iussimus.
550 3047 678 3111 Datum
702 3051 738 3110 in
762 3049 903 3110 civitate
927 3049 1135 3130 Posoniensi,
1160 3048 1215 3110 die
1242 3049 1291 3111 15.
1316 3071 1358 3110 11.

64 3157 160 3242 Maji,
184 3179 272 3221 anno
296 3157 435 3220 Domini
461 3157 555 3219 1618.

415 3343 461 3423 1)
484 3339 545 3408 Aa
569 3337 746 3413 ren-ru
769 3335 1013 3426 torvenyek.
1117 3293 1121 3301 ’

175 3516 212 3587 Α
231 3517 470 3612 nikolsburgi
491 3517 596 3606 beke,
616 3517 662 3588 de
682 3515 891 3588 kiiliiuiiseu
909 3515 1072 3586 Bethleu
1084 3513 1213 3586 Gabor
1233 3515 1358 3588 halala

65 3642 160 3714 11111
179 3667 222 3712 11
242 3643 559 3715 ellenreformatio
588 3642 691 3714 mind
721 3643 898 3734 uagyobb
923 3639 1215 3731 eredmeuyeket
1236 3639 1295 3712 ert
1315 3642 1358 3730 el,

68 3767 242 3840 Alvinczi
261 3769 335 3862 irja
358 3771 551 3840 lesa-ban
570 3767 775 3862 megjeleut
795 3765 1086 3858 Postillajaibau:
1114 3765 1175 3836 »A
1195 3769 1358 3839 mostani

66 3892 278 3986 magyarok
307 3917 326 3965 e
355 3893 686 3966 veszcdelmiinkre
715 3891 858 3962 sordult
883 3890 1019 3962 idiiben
1039 3892 1183 3981 hanyat
1203 3890 1357 3963 homlok

66 4019 214 4090 sietuek
245 4043 266 4089 a
295 4017 475 4113 papauak
503 4018 688 4092 hodolni.‹
723 4017 783 4089 Ha
814 4042 835 4088 1
863 4015 949 4086 sotir
978 4015 1015 4087 es
1044 4039 1169 4087 names
1197 4015 1358 4088 vallasat

65 4142 303 4232 valtoztatta,
316 4169 338 4214 a
345 4143 515 4238 jobbagy
527 4144 664 4216 saabad
674 4141 1023 4235 vallasgyakorlata
1045 4165 1130 4212 uem
1143 4141 1358 4230 volttbbbe'

67 4269 342 4364 biztossagban‚
371 4269 513 4342 barmit
542 4268 767 4340 mondottak
798 4293 839 4338 az
873 4267 1047 4340 reos-iti
1080 4266 1290 4359 torve'nyek
1321 4267 1358 4339 es

67 4393 342 4466 ILFerdinaud
356 4394 543 4467 hitlevele.
563 4395 598 4465 A
619 4393 844 4465 katholikus
863 4392 1021 4487 felfogeis
1043 4394 1181 4464 suerint
1201 4418 1222 4463 a
1242 4393 1359 4486 kegy-

67 4519 126 4591 riri
151 4520 298 4614 jognak
328 4517 491 4616 lenyege¹
514 4518 627 4594 abbo'l
656 4519 776 4608 allott,
804 4519 905 4613 hogy
934 4544 956 4589 a
985 4524 1168 4614 patronus
1192 4516 1359 4588 foldesrir

68 4667 109 4714 11
129 4647 272 4718 eredeti
301 4645 463 4741 alapitas
492 4644 738 4717 szellemeben
767 4671 788 4716 a
818 4645 1042 4738 templomot
1062 4643 1189 4715 annal<
1210 4666 1252 4712 az
1272 4666 1359 4736 egy-
