3160 5212
252 355 320 420 364

252 553 341 617 Item
366 561 511 635 pratum,
543 573 603 615 seu
628 550 812 618 foenetum.
843 551 1014 614 adunam
1047 549 1170 614 falcem
1195 547 1292 613 suffi-

319 663 420 724 ciens
443 660 498 723 vel
523 659 608 724 alias
625 662 662 723 in
680 679 749 722 uno
768 655 891 742 jugero
915 665 1025 722 terme
1050 657 1175 742 regalis
1199 679 1292 722 men-

319 790 417 831 surae
442 765 602 850 adjacens
634 766 678 830 ad
702 788 808 830 unum
840 765 1004 851 quartale.
1036 765 1107 829 vid.
1139 765 1290 828 denariis

252 875 403 938 Foeneta
427 881 543 937 autem
562 877 598 938 in
617 873 873 956 campestribus,
897 895 982 957 quae
1007 872 1127 936 falcari
1150 870 1290 956 quidem

321 987 471 1064 possunt,
494 1002 570 1044 raro
594 989 709 1044 tamen
725 979 781 1044 vel
805 1002 979 1064 nunquam
1003 980 1230 1057 defalcantur,
1254 982 1290 1042 in

319 1087 439 1151 ordine
462 1091 711 1152 aestimationis
737 1110 805 1151 non
825 1095 1005 1170 ponuntur.

252 1195 343 1258 Item
374 1194 609 1259 molendinum
649 1194 771 1258 subtus
803 1195 858 1258 vel
896 1195 1041 1279 desuper
1079 1216 1218 1258 currens
1254 1201 1290 1256 et

320 1309 472 1385 tempore
495 1309 609 1367 aestus
633 1325 701 1367 non
725 1303 885 1367 deficiens
908 1303 950 1366 ad
1374 1347 1380 1361 .

414 1407 575 1473 deficiens
598 1417 714 1473 autem
737 1409 782 1473 ad
1373 1457 1380 1468 .

253 1515 490 1580 Molendinum
522 1517 668 1601 desuper
698 1517 841 1580 volvens
873 1527 906 1580 et
940 1525 1091 1600 tempore
1124 1519 1290 1581 siccitatis

319 1644 388 1687 non
410 1623 571 1690 deficiens
593 1626 637 1690 ad
1373 1673 1380 1685 .

414 1731 574 1797 deficiens
597 1743 713 1798 autem
736 1734 778 1797 ad
1373 1781 1379 1792 .

253 1839 364 1902 Locus
388 1840 577 1905 molendini
599 1841 727 1905 deserti
750 1839 871 1903 subtus
895 1844 1062 1904 elimentis
1086 1840 1129 1904 ad
1374 1888 1380 1900 .

415 1947 560 2031 desuper
582 1955 698 2011 autem
722 1948 893 2012 volventis
1374 1996 1380 2007 .

252 2053 342 2118 Item
367 2055 444 2119 fons
468 2039 665 2125 scaturiens.
689 2078 748 2120 seu
772 2065 894 2140 puteus
918 2055 1069 2137 effluens,
1093 2064 1128 2120 et
1147 2077 1216 2119 nou
1232 2055 1289 2118 de-

319 2161 445 2244 ficiens⁷
469 2167 506 2227 in
530 2186 731 2248 quacunque
756 2168 963 2248 possessione
987 2164 1028 2227 de
1052 2185 1119 2248 quo
1144 2162 1288 2247 populus

320 2280 455 2352 portare
480 2271 583 2354 solet;
600 2272 643 2336 ad
661 2295 790 2336 marcas
806 2273 879 2352 2¹:⁴2·
902 2273 938 2335 Si
954 2279 1069 2335 autem
1086 2272 1200 2355 plures
1218 2269 1289 2334 fue-

320 2381 400 2460 rint,
424 2401 492 2443 non
524 2383 759 2462 aestimantur,
792 2379 850 2442 sed
883 2379 926 2443 ad
959 2401 1063 2443 unam
1095 2379 1205 2443 solum
1239 2381 1288 2442 in-

319 2484 506 2551 cluduntur
530 2508 654 2568 omnes,
679 2489 839 2570 quoniam
863 2485 906 2549 ad
931 2508 1029 2550 usum
1053 2489 1154 2551 unius
1183 2485 1287 2550 villae

320 2590 450 2656 sufficit
474 2601 598 2676 puteus
622 2615 717 2657 unus.

252 2697 340 2760 Item
367 2701 495 2781 piscina
519 2699 663 2764 effluens
687 2707 721 2763 et
746 2722 813 2764 non
837 2699 996 2764 deficiens
1372 2749 1379 2761 .

252 2806 329 2869 Non
353 2805 496 2871 effluens
520 2815 635 2871 autem
652 2816 686 2871 et
703 2815 853 2889 tempore
878 2810 1043 2872 siccitatis
1067 2807 1228 2872 deficiens
1244 2807 1287 2870 ad
1371 2857 1378 2870 .

251 2911 387 2976 Piscina
421 2936 544 2999 magna
578 2937 656 2978 cum
688 2914 843 2978 clausura
877 2918 1035 2996 existens
1068 2915 1222 2999 Gpolmos
1247 2920 1285 2982 lo'.

319 3019 373 3082 vel
399 3023 503 3084 etiam
537 3028 676 3088 morotvu
711 3022 813 3104 dicta,
845 3045 904 3085 nec
929 3022 1088 3086 nonalia
1117 3025 1288 3106 piscatura

319 3127 522 3193 Danubialis
546 3130 602 3193 vel
625 3130 799 3210 Thicialis,
822 3132 894 3193 sive
919 3130 1026 3195 Savae
1058 3139 1118 3194 aut
1142 3131 1287 3211 Dravae‚

320 3236 466 3320 Tltoapo
499 3245 704 3320 nuncupata,
727 3240 756 3300 si
779 3236 883 3301 habet
916 3237 1119 3321 deputatum
1144 3259 1286 3320 proven-

320 3351 394 3407 tum
405 3344 602 3426 annualem;
619 3345 730 3408 decies
744 3351 880 3408 tantum
894 3346 1104 3421 aestimatur,
1119 3352 1287 3430 quantum

318 3449 404 3514 facit
420 3455 492 3515 eius
511 3459 695 3534 proventus
711 3451 875 3515 annualis
900 3451 937 3516 Si
952 3473 1033 3516 vero
1050 3459 1287 3536 computatum

318 3567 522 3641 proventum
556 3581 623 3623 non
656 3558 815 3622 habuerit
849 3561 963 3641 (prout
997 3580 1056 3622 nos
1079 3560 1288 3644 generaliter

317 3667 462 3746 utimur)
486 3669 689 3731 aestimatur
712 3667 754 3729 ad
1334 3689 1377 3730 m.
1457 3667 1499 3729 50

250 3773 339 3837 Item
372 3773 446 3839 loca
479 3774 699 3858 Sagenarum,
741 3774 840 3855 scisso
879 3772 1059 3856 appellata,
1098 3796 1204 3858 usqua
1243 3774 1286 3837 ad

316 3881 494 3946 denarium
533 3904 713 3946 numerum
746 3902 806 3964 pro
839 3879 983 3965 singulis
1016 3885 1156 3964 marcis3
1195 3882 1286 3945 ult-ra

316 4009 397 4052 vero
422 3989 540 4053 decem
563 4010 669 4073 usque
695 3989 759 4052 100
782 3987 837 4050 vel
862 3986 1007 4070 amplius
1030 3988 1074 4051 ad
1333 4011 1376 4052 m.
1457 3990 1498 4051 10

248 4097 337 4160 Item
361 4097 517 4162 clausura
536 4119 622 4182 quae
639 4095 679 4159 fit
696 4103 848 4179 tempore
865 4095 1099 4159 inundationis
1119 4117 1285 4180 aquarum

317 4208 426 4270 aalma
450 4205 552 4287 dicta,
576 4204 757 4288 specialem
776 4203 832 4267 vel
852 4202 1060 4287 singularem
1081 4211 1285 4286 proventum

315 4312 452 4396 habens,
477 4311 651 4398 quaelibet
675 4311 716 4375 ad
1332 4314 1408 4377 den.
1435 4312 1498 4374 100

248 4419 337 4483 Item
361 4421 531 4484 tributum
562 4427 634 4483 tam
659 4441 760 4500 super
782 4419 879 4501 aquis
908 4439 1010 4500 quam
1033 4420 1069 4480 in
1093 4422 1194 4483 terris
1218 4423 1283 4483 rite

315 4530 408 4612 exigi
424 4535 632 4610 consuetum,
657 4526 767 4589 decies
784 4531 881 4588 tanto
897 4525 1099 4588 aestimatur
1117 4536 1285 4610 quantum

316 4635 401 4698 facit
426 4643 611 4718 proventus
635 4638 707 4698 eius
732 4634 896 4698 annualis
