3182 5210
226 348 292 410 268

226 520 297 640 lgy
326 573 368 618 az
397 547 531 642 orszaig
560 555 738 620 autonoiu
768 547 1029 620 nemzeteinek
1061 549 1277 643 egyesiilese
1314 573 1525 642 egyenesen

228 699 269 746 az
299 674 599 746 elezakadaisnak
626 673 829 745 keszitette
857 699 900 745 11
929 673 1039 767 lujat.

334 799 387 870 Ki
433 824 507 870 van
553 800 650 869 adra
694 797 1167 887 Zimmermann-Weiner,
1205 798 1527 874 Urkuudenbuoh

227 925 295 996 der
324 923 603 1019 Siebenbiirger
631 924 893 996 Suchsen-ban.

705 1149 812 1220 1437.
839 1150 906 1220 dvi
928 1149 1041 1220 unio.

338 1296 409 1360 Nos
433 1297 611 1362 Lorandus
627 1299 735 1380 Lepes
760 1299 800 1362 de
822 1299 1006 1364 Varaskezi
1026 1297 1258 1362 Vicevaivoda
1278 1296 1527 1362 Trarisilvanus

231 1425 289 1486 per
307 1411 478 1486 presentes
497 1403 654 1468 omnibus
671 1409 951 1492 recognoscimus,
976 1407 1067 1492 quod
1092 1403 1178 1468 feria
1197 1405 1345 1468 secunda
1371 1408 1525 1486 proxima

230 1521 306 1594 post
330 1510 456 1576 festum
472 1512 694 1576 exaltacionis
711 1513 742 1577 S.
759 1513 879 1578 Crucis
897 1513 1014 1596 (szept.
1033 1513 1096 1590 16.)
1121 1511 1219 1576 nobis
1244 1534 1322 1576 oum
1337 1511 1526 1596 Magnifice

230 1617 398 1682 Micliaele
422 1619 536 1684 Jakch
559 1621 602 1683 de
626 1617 736 1683 Kusal
760 1628 794 1682 et-
819 1621 970 1684 Henrioo
995 1621 1036 1683 de
1061 1619 1198 1684 Tamasi
1222 1599 1406 1682 comitibus
1430 1621 1528 1684 Sicu-

229 1725 348 1808 lorum,
372 1748 520 1790 unacum
536 1729 634 1811 regui
649 1725 842 1802 Nobilibus,
866 1727 1005 1809 Septem
1028 1735 1063 1791 et
1088 1727 1234 1790 duarum
1257 1725 1397 1790 Sedium
1422 1726 1528 1790 Saxo-

230 1833 383 1897 ricalium
410 1841 445 1896 et
467 1832 749 1898 Bistriciensibus
769 1832 970 1916 Senonibus⁷
993 1837 1215 1918 omniumque
1238 1833 1372 1896 sedium
1396 1833 1529 1898 Siculo-

229 1963 306 2004 rum
330 1945 365 2004 in
389 1942 513 2024 oppido
532 1941 684 2024 Capolna
700 1942 824 2006 arduas
840 1963 958 2006 causas
975 1942 1098 2006 hanun
1116 1945 1269 2024 parcium
1286 1941 1529 2022 tractantibus,

230 2051 321 2112 inter
346 2051 515 2132 predictos
538 2047 688 2129 Nobiles,
722 2049 871 2114 Saxones
904 2060 938 2114 et
973 2049 1105 2114 Siculos
1128 2047 1234 2114 talem
1263 2047 1450 2113 fraternam
1477 2051 1530 2113 di-

230 2161 421 2240 sposuimus
437 2161 607 2238 unionem,
632 2165 792 2242 tactoque
814 2158 869 2222 his
889 2159 1058 2222 dominice
1075 2157 1196 2222 Crucis
1212 2158 1317 2242 ligna,
1333 2161 1530 2222 iuramento

232 2266 447 2348 problemate,
480 2288 542 2330 evo
576 2275 728 2348 tempore
756 2244 962 2348 juraveruut
999 2266 1189 2360 observare
1222 2266 1391 2350 quomodo
1425 2265 1530 2328 Saore

231 2373 362 2438 Corone
395 2382 498 2458 atcpie
532 2375 759 2436 invictissimo
794 2376 940 2456 principi
974 2381 1008 2436 et
1042 2374 1180 2436 domino
1214 2373 1435 2457 Sigismundo
1458 2372 1530 2436 Ro-

231 2503 410 2545 manorum
432 2481 637 2563 Imperatori
671 2504 708 2544 ac
742 2481 931 2566 Hungarie,
971 2481 1144 2560 Bohemie,
1177 2479 1361 2560 Dalmacie,
1385 2480 1530 2544 Croac-ie

232 2597 294 2652 eto.
318 2589 417 2672 Regi,
435 2589 572 2653 domino
589 2597 705 2653 nostro
721 2589 872 2652 naturali
888 2590 1178 2670 metuendissimo‚
1195 2587 1399 2652 fidelitatem
1415 2591 1532 2651 eviter

231 2693 487 2761 observandam.
511 2703 546 2758 et
569 2697 612 2760 ad
632 2696 861 2760 resistendum
884 2695 1043 2760 omnibus
1067 2696 1130 2759 hoc
1155 2715 1300 2779 regnum
1324 2698 1533 2779 impugnan-

231 2803 334 2870 tibus.
358 2807 588 2888 cuiuscunque
613 2805 821 2868 condicionis
844 2806 877 2866 ei
901 2806 1032 2866 inimici
1056 2805 1216 2871 existant,
1240 2809 1274 2865 et
1298 2823 1332 2864 se
1357 2804 1534 2882 insepara-

231 2909 317 2975 biles
334 2911 376 2975 ab
394 2915 542 2976 invicem
558 2914 759 2976 iuraverunt
776 2915 812 2974 in
828 2909 1025 2974 defensione
1046 2910 1148 2974 liuius
1164 2913 1262 2994 regni
1278 2907 1534 2975 observaturos,

233 3019 295 3083 tali
318 3027 434 3083 tamen
464 3020 670 3084 condicione.
694 3029 733 3082 ut
758 3019 841 3082 dum
873 3029 906 3081 et
931 3018 1067 3102 quando
1093 3020 1340 3081 invictissimus
1363 3016 1534 3100 Princeps

233 3135 267 3192 et
292 3127 449 3191 dominus
482 3126 640 3190 dominus
664 3135 780 3190 noster
812 3124 1053 3209 Sigisnnmdus
1071 3175 1076 3186 .
1096 3175 1125 3187 ..
1158 3124 1303 3187 alicuius
1335 3122 1535 3187 voluntatis

232 3233 289 3298 vel
314 3237 463 3298 accionis
486 3257 605 3298 versus
628 3233 750 3297 ha1urn
775 3236 881 3297 trium
907 3235 1067 3314 parcium.
1102 3239 1224 3313 utpute
1257 3228 1444 3308 Nobilium,
1471 3230 1536 3294 Sa-

232 3363 360 3406 xonum
383 3341 440 3406 vel
464 3341 657 3406 Siculorum
681 3341 806 3404 habere
840 3339 1044 3404 intenderet.
1072 3342 1141 3402 nisi
1163 3337 1260 3402 flexis
1283 3337 1428 3422 genibus
1452 3359 1537 3421 gni-

234 3455 321 3514 ciam
345 3453 449 3514 tercie
476 3453 565 3532 parti
590 3453 772 3534 impetrare
797 3457 1042 3528 succurrerent,
1067 3470 1127 3510 nec
1152 3446 1245 3510 aliud
1271 3447 1431 3509 iuvamen
1457 3444 1537 3508 ullo

233 3558 332 3622 inodo
357 3568 506 3640 prestare
540 3564 730 3621 teneantiu:
764 3579 826 3620 neo
865 3558 938 3618 ausi
973 3559 1042 3618 sint
1076 3555 1176 3618 niodo
1209 3551 1360 3638 aliquali.
1383 3551 1539 3634 Insuper

233 3673 437 3729 statuerunt.
462 3672 501 3727 ut
527 3665 608 3727 dum
632 3673 667 3727 et
691 3663 827 3747 quamdo
843 3661 958 3746 aliqua
975 3661 1113 3725 illarum
1133 3663 1286 3744 parcium
1310 3659 1409 3722 modo
1433 3681 1538 3722 exer-

233 3775 434 3836 cituacionis
459 3773 686 3836 intenderent.
707 3777 787 3834 tunc
805 3767 1017 3852 temporibus
1037 3768 1240 3833 estivalibus
1260 3767 1422 3831 descensu
1439 3787 1539 3829 oam-

236 3883 340 3962 pestri
363 3885 554 3962 teneantur,
594 3887 628 3942 et
668 3881 817 3941 seniores
855 3877 938 3941 ville
979 3879 1230 3961 propinquioris
1263 3874 1320 3938 vel
1350 3876 1539 3938 vicinioris

234 3990 439 4069 supratactis
472 3984 765 4050 exercituantibus
804 3988 936 4048 victrun
970 3985 1210 4047 administrare
1244 3988 1433 4062 teneantur,
1467 4003 1538 4046 nec

234 4099 354 4176 carius,
378 4095 436 4158 sed
462 4093 606 4177 protuli
631 4095 751 4174 precio
777 4094 830 4156 uti
854 4094 936 4174 ipsis
960 4090 1100 4154 villanis
1129 4091 1210 4154 dare
1233 4091 1446 4173 permittant,
1469 4093 1539 4172 qui

234 4205 485 4266 exencituantes
511 4201 649 4264 modum
683 4198 839 4262 solvendi
878 4220 946 4262 non
985 4208 1151 4278 recusent⁷
1184 4199 1389 4282 ‹prioumque
1411 4203 1539 4260 autem

235 4312 345 4373 carius
370 4310 449 4372 dare
476 4311 728 4391 presurnserint.
752 4331 771 4369 a
796 4307 909 4370 iudice
933 4327 993 4368 suo
1018 4327 1086 4368 non
1110 4303 1219 4368 rebus.
1244 4304 1301 4367 sed
1328 4325 1412 4384 pena
1440 4307 1541 4386 capi-

235 4417 297 4480 tali
323 4420 516 4499 puniantur.
542 4417 797 4481 (inclinaverunt
822 4418 937 4491 eciam
963 4423 1002 4476 ut
1028 4411 1238 4494 temporibus
1262 4409 1468 4475 hiemalibus
1497 4415 1540 4475 in

236 4523 445 4589 civitatibus.
469 4527 603 4608 oppidis
628 4534 661 4588 et
686 4522 780 4588 villis
804 4523 1003 4586 descensum
1028 4521 1185 4600 habeant,
1219 4529 1253 4583 et
1278 4518 1347 4582 illis
1375 4518 1540 4600 hospicia

239 4630 451 4713 prebeautur,
477 4633 539 4696 tali
565 4643 680 4696 tamen
705 4631 912 4694 condicione.
938 4640 974 4693 ut
1001 4629 1115 4692 nullus
1148 4631 1389 4710 cuiuscumque
1414 4625 1543 4690 condi-
