3144 5218
1268 387 1334 452 535

52 587 170 649 cientes
196 607 255 668 pro
278 585 477 649 extruendis
510 585 657 668 templis,
691 585 860 667 parochiis
883 593 918 648 et
943 584 1076 668 scholis,
1100 585 1200 649 modo
1233 607 1335 670 supra

50 691 245 776 specificam,
268 691 476 778 evangelicis
493 713 562 759 non
574 693 845 777 assignaverint;
869 693 926 756 vel
943 699 1133 756 structuras
1149 693 1335 757 eorundem

50 803 81 863 in
105 803 320 883 praescriptis
348 800 430 864 locis
463 800 725 883 impediverint3
759 807 870 863 status
901 800 957 864 vel
992 800 1125 884 plebem
1159 803 1194 864 in
1226 799 1334 864 libero

49 909 218 995 religionis
245 911 408 972 exercitio
444 907 682 988 turbaverint3
715 907 771 971 vel
804 913 935 972 statuta
974 911 1072 994 regni
1111 915 1146 971 et
1184 907 1335 990 diploma

49 1019 175 1100 regium
199 1037 300 1097 super
322 1015 488 1100 religione
511 1015 738 1094 violaverint;
762 1014 848 1078 tales
873 1016 1021 1096 primum
1045 1022 1183 1078 etanta
1211 1016 1334 1096 omnia,

47 1123 102 1186 ubi
116 1121 255 1206 querela
271 1122 314 1186 ad
326 1125 560 1186 vica-comites
576 1120 691 1185 delata
708 1120 832 1202 fuerit;
850 1143 909 1204 per
925 1122 1062 1184 eosdem
1077 1122 1334 1204 admoneantur,

47 1239 81 1292 ut
104 1235 268 1312 occupata
292 1229 420 1312 templa
444 1229 579 1314 aliaque
603 1231 798 1310 restituant,
815 1251 854 1292 ac
871 1236 1083 1313 transgressa
1100 1227 1334 1311 complanent:

45 1337 130 1420 quod
155 1341 185 1400 si
210 1335 372 1417 fecerint,
395 1335 483 1400 nulli
508 1357 635 1419 poenae
658 1333 903 1418 subjacebunt:
928 1338 1071 1418 sivero,
1095 1357 1138 1398 ne
1170 1335 1213 1398 ad
1247 1331 1335 1417 ejus-

45 1445 133 1508 modi
157 1444 296 1529 quidem
318 1443 588 1508 admonitionem
612 1465 651 1506 ea
680 1446 905 1526 restituerint,
937 1451 998 1508 aut
1023 1443 1334 1526 complanaverint;

44 1574 82 1614 ex
114 1562 198 1616 tunc
233 1555 269 1615 in
302 1551 531 1632 comitatibus,
565 1573 625 1633 per
656 1553 898 1634 vicecomites,
938 1551 1067 1614 iudices
1098 1549 1267 1614 nobilium
1299 1557 1334 1612 et

43 1659 176 1742 aequali
213 1679 354 1721 numero
388 1661 536 1742 potiores
569 1657 710 1740 nobiles,
742 1679 802 1740 ρετ
832 1660 1076 1722 universitates
1108 1660 1334 1722 comitatuum

44 1768 229 1850 utriusque,
246 1764 432 1829 catholicae
442 1763 606 1828 videlicet
623 1771 658 1827 et
674 1764 901 1850 evangelicae,
918 1765 1095 1850 religionis
1111 1764 1334 1848 deputandae,

42 1881 213 1956 comperta
248 1875 341 1956 prius
369 1875 419 1936 rei
450 1874 609 1954 veritate,
642 1875 745 1935 toties
778 1875 921 1957 quoties,
955 1877 991 1936 in
1025 1893 1131 1955 poena
1166 1871 1232 1936 600
1263 1869 1334 1934 flor.

42 1961 338 2066 Hungarlcalimn,
371 1981 407 2043 in
439 1981 590 2064 quinque
622 1979 665 2042 ad
702 1977 849 2042 confinia
887 1982 1003 2064 regni,
1043 1981 1080 2042 in
1118 1985 1215 2042 sexta
1252 1999 1333 2042 vero

42 2086 206 2170 ,prartibus
240 2088 323 2170 ipsis
357 2084 612 2149 exsecutoribus
645 2083 855 2166 cedentibus
892 2107 959 2148 una
998 2107 1076 2148 cum
1114 2086 1333 2148 restitutione

42 2194 248 2278 templorum
272 2200 308 2256 et
336 2191 481 2256 aliorum
514 2199 765 2275 occupatorum,
797 2191 956 2256 abscissis
988 2192 1147 2256 omnibus
1180 2191 1334 2256 iuridicis

41 2302 210 2384 remediis,
250 2303 516 2382 convincantur;
555 2301 702 2365 admissa
740 2300 965 2365 nihilominus
1003 2309 1100 2365 extra
1143 2301 1334 2364 dominium

40 2411 138 2473 unica
164 2408 391 2493 appellatione
425 2431 485 2492 per
508 2406 540 2472 S.
564 2406 596 2472 S.
626 2415 661 2472 et
694 2407 731 2472 O.
765 2407 802 2473 Ο.
835 2411 933 2494 regni
966 2411 1002 2474 in
1034 2409 1188 2494 generali
1220 2409 1334 2472 diaeta

39 2516 237 2582 revidendo.
268 2515 325 2580 Ad
360 2514 457 2600 cujus
489 2515 628 2600 quidem
661 2517 841 2580 revisionis
874 2523 1009 2600 tempus
1043 2518 1244 2600 praescripti
1269 2516 1335 2580 500

37 2623 168 2706 floreni,
192 2625 236 2688 ad
260 2623 407 2688 confinia
431 2625 549 2688 cedere
574 2624 747 2706 debenteS,
772 2646 831 2708 pro
856 2627 978 2689 tutiori
1006 2627 1273 2708 conservatione,
1298 2627 1334 2688 in

37 2731 158 2797 liberis
187 2731 388 2796 civitatibus
414 2732 548 2815 deponi,
572 2731 628 2796 vel
660 2732 753 2812 alias,
785 2732 846 2796 ubi
877 2732 1164 2798 universitatibus
1195 2737 1334 2798 comita-

37 2847 137 2903 tuum
163 2841 273 2924 magis
297 2845 527 2921 opportunum
550 2841 664 2902 visum
689 2837 804 2922 fuerit,
828 2844 1031 2904 conservari.
1056 2839 1093 2904 Si
1120 2862 1202 2905 vero
1227 2863 1333 2924 poena

37 2947 158 3011 eadem
197 2947 233 3008 in
272 2945 371 3009 bonis
409 2953 552 3009 executa
591 2945 716 3030 fuerit;
759 2955 848 3012 tum·
868 2951 1070 3032 praescripti
1102 2951 1333 3012 vice-comites

37 3056 189 3116 rationes
221 3073 322 3136 super
355 3053 579 3136 proventibus
615 3054 781 3118 bonorum
813 3062 1043 3138 executorum,
1076 3055 1118 3118 ad
1147 3058 1333 3118 terminum

37 3163 221 3224 revisionis
243 3159 493 3244 appellationis,
517 3165 695 3245 perceptis,
725 3161 946 3226 comitatibus
975 3161 1117 3225 reddere
1141 3161 1333 3242 debebunt,

36 3268 212 3352 iidemque
235 3270 477 3350 vioe-comites,
502 3269 631 3332 iudices
655 3268 823 3333 nobilium
847 3276 882 3332 et
912 3271 1017 3332 iurati
1040 3290 1232 3350 assessurae,
1265 3290 1333 3332 una

35 3398 114 3440 cum
139 3375 207 3440 sibi
230 3373 468 3461 adjungendis,
492 3398 533 3439 ex
558 3383 704 3461 utraque
729 3376 894 3460 religione
928 3375 1119 3460 potioribus
1151 3375 1333 3456 nobilibus,

35 3483 164 3568 quibus
196 3481 359 3546 videlicet
392 3485 429 3545 vi
462 3485 587 3546 statuti
612 3486 809 3566 praesentis,
832 3483 875 3547 ad
901 3488 1085 3566 praemissa
1109 3486 1274 3566 inspicare
1298 3489 1333 3544 et

35 3589 223 3676 invigilare
247 3587 431 3670 incumbet,
455 3588 497 3651 ad
522 3589 641 3652 eadem
674 3590 881 3674 exequenda,
916 3591 980 3655 sub
1012 3595 1193 3656 amissione
1226 3588 1334 3653 offici-

35 3719 135 3762 orum
169 3701 204 3759 et
243 3695 409 3759 bonorum
442 3697 636 3779 eorundem,
670 3696 826 3760 confiniis
860 3721 919 3780 per
957 3720 1132 3782 supremos
1170 3705 1205 3760 et
1243 3699 1333 3758 vice-

33 3803 215 3890 generales
239 3805 338 3888 regni
362 3803 652 3887 applicandorum,
676 3813 711 3868 et
734 3808 872 3869 nonnisi
896 3809 1068 3869 communi
1095 3805 1333 3869 aestimatione

34 3913 221 3994 mediante,
261 3911 549 3994 redimendorum,
582 3912 729 3997 obligati
762 3936 833 3976 esse
874 3914 1123 4000 intelligantur.
1159 3913 1236 3976 Hoc
1274 3932 1333 3994 per

33 4040 236 4103 expressum
262 4017 454 4083 declarato:
480 4019 581 4104 quod,
600 4023 630 4082 si
653 4023 713 4104 qui
737 4028 858 4103 essent,
882 4025 942 4105 qui
962 4023 1189 4104 praescriptae
1214 4040 1333 4082 execu-

33 4130 125 4192 tioni
165 4147 236 4189 sese
275 4147 443 4209 opponere
476 4135 748 4209 praesumerent3
782 4151 823 4191 ex
856 4136 939 4191 tunc
972 4128 1058 4191 tales
1090 4127 1131 4190 D.
1165 4125 1202 4188 C.
1235 4127 1333 4209 regni

35 4235 223 4320 palatinuS,
249 4234 304 4297 vel
328 4233 364 4296 Ο.
381 4233 484 4296 iudex
500 4236 612 4297 curiae
629 4238 742 4319 regiae
759 4243 819 4298 aut
836 4256 1014 4318 supremus
1030 4234 1166 4298 illorum
1183 4235 1333 4316 partium

31 4339 218 4428 gene-ralis,
244 4363 302 4424 per
326 4342 590 4404 universitatem
615 4346 808 4426 comitatus,
833 4345 868 4406 in
892 4364 959 4427 quo
982 4341 1146 4404 videlicet
1165 4336 1334 4422 ejusmodi

31 4449 192 4513 violenta
215 4449 474 4532 opposit10‚aut
498 4451 711 4512 executionis
735 4449 887 4514 turbatio
912 4447 1004 4512 facta
1021 4447 1127 4510 fuerit
1144 4447 1217 4530 (qui
1233 4447 1333 4510 nimi-

31 4579 112 4621 rum
139 4575 256 4618 eorum
289 4558 325 4618 in
358 4559 552 4638 praemissis
584 4558 807 4620 interessatus
838 4577 907 4619 non
935 4553 1104 4633 extiterit)
1138 4555 1332 4637 requisitus,

31 4687 74 4727 ex
103 4663 293 4726 dictamine
327 4660 520 4726 officiorum
560 4685 697 4726 suorum
738 4685 839 4747 super
877 4662 1092 4726 admittenda
1131 4663 1331 4724 executione
