3142 5214
584 584 767 654 Articulus
794 583 883 652 XIX.
908 585 1004 652 Anni
1029 586 1126 653 1676.

320 747 499 814 Articulus
532 751 614 813 anni
649 751 745 815 1674.
769 749 811 814 de
835 771 905 813 non
928 749 1123 814 inducendo
1154 757 1297 816 externo
1326 748 1452 834 judice
1476 755 1514 815 in

212 859 275 924 hoc
299 859 470 944 Regnum,
494 880 554 942 per
577 856 697 922 Status
720 865 756 922 et
780 857 926 922 Ordines
949 861 999 923 ita
1032 859 1225 924 declaratus
1258 867 1320 940 est,
1352 859 1449 944 quod
1484 863 1514 924 si

212 969 288 1052 quis
319 966 475 1031 Duorum
505 964 774 1050 Regnicolarum
797 964 1015 1028 Personalem
1038 965 1257 1030 Praesentiae
1280 965 1426 1050 Regiae,
1450 974 1514 1028 aut

212 1074 421 1160 Magistrum
446 1073 750 1138 Proto-Notarium
782 1075 820 1136 in
852 1071 917 1136 hoc
949 1073 1111 1158 Regnum
1144 1071 1306 1136 inducere
1336 1093 1516 1155 praesum-

213 1185 328 1266 pserit,
338 1183 641 1266 executionemque
652 1179 819 1244 alteruter
828 1200 945 1244 eorum
959 1181 1139 1264 peregerit,
1155 1177 1260 1243 talem
1269 1179 1514 1242 executionem

215 1288 407 1354 Personalis
430 1289 570 1374 quidem
595 1289 815 1372 praesentiae,
840 1285 962 1350 Comes
985 1284 1119 1348 Banus:
1143 1284 1403 1348 Proto-Notarii
1429 1307 1516 1348 vero

213 1397 377 1478 extranei,
400 1395 569 1482 Magister
584 1395 869 1460 Proto-Notarius
884 1390 987 1476 hujus
1003 1394 1127 1478 Regni,
1143 1395 1216 1476 ipso
1233 1391 1326 1457 facto
1344 1397 1515 1478 reexequi

216 1505 329 1586 possit,
353 1501 543 1586 valeatque.

591 1659 774 1728 Articuius
800 1658 873 1726 XX.
910 1658 1005 1726 Anni
1030 1657 1125 1724 1681.

321 1823 368 1888 Et
386 1825 467 1908 quia
484 1825 605 1887 unicus
621 1825 658 1886 in
674 1821 738 1888 hoc
753 1823 875 1908 Regno
892 1821 1093 1886 Solavoniae
1110 1829 1145 1884 et
1161 1820 1320 1886 Oroatiae
1339 1823 1516 1909 Magister

214 1930 499 1996 Proto-Notarius
522 1931 637 2016 Regni
661 1929 855 2014 haberetur,
878 1953 921 1996 ex
944 1930 1012 1994 alio
1035 1937 1152 1994 autem
1182 1931 1305 2016 Regno
1338 1931 1514 1997 adducere

214 2038 527 2120 Proto-Notarium,
551 2038 742 2124 Privilegia
764 2039 880 2124 Regni
900 2045 1030 2120 vetant,
1053 2060 1096 2102 ne
1119 2041 1236 2123 itaque
1256 2036 1396 2122 justitia
1420 2063 1514 2105 com-

217 2149 339 2226 munis,
363 2143 514 2230 aliquam
537 2167 705 2211 remoram
729 2147 890 2227 patietur,
914 2143 1056 2208 additur
1077 2143 1224 2208 articulo
1247 2148 1393 2228 septimo
1406 2167 1514 2230 supra

219 2253 423 2337 specificato,
447 2261 486 2318 ut
510 2256 548 2318 in
571 2256 681 2348 causis
704 2252 863 2318 omnibus
886 2273 955 2316 non
979 2259 1116 2316 tantum
1138 2253 1184 2334 in,
1207 2252 1266 2316 sed
1291 2255 1397 2317 etiam
1410 2261 1516 2318 extra

215 2361 383 2426 Tabulam
422 2361 596 2444 Banalem,
633 2364 705 2426 sive
739 2360 896 2442 OctavaS,
930 2379 989 2442 pro
1023 2365 1120 2441 parte
1152 2354 1305 2440 ejusdem
1345 2360 1515 2445 Magistri

216 2467 473 2532 Proto-Notarii
496 2467 620 2552 Regni,
644 2473 679 2530 et
703 2489 721 2530 e
745 2472 864 2530 contra
888 2467 993 2530 etiem
1016 2466 1180 2530 adversus
1204 2489 1292 2550 eum,
1316 2490 1376 2551 pro
1408 2477 1514 2552 parte

215 2571 370 2656 aliorum,
394 2597 433 2638 ea
463 2595 598 2656 prorsus
631 2573 851 2655 authoritate,
883 2593 951 2656 qua
984 2573 1267 2638 Proto-Notarius
1298 2576 1517 2641 discutiendi

215 2678 361 2742 aliorum
384 2701 502 2744 <ausas
526 2678 640 2764 habet,
665 2679 846 2764 procedere
869 2686 904 2742 et
929 2678 1158 2745 determinare
1177 2681 1275 2747 Dnus
1291 2683 1515 2748 Viae-Banna

216 2785 331 2869 Regni
364 2787 479 2866 possit.
513 2785 721 2852 Interessato
745 2807 826 2852 vero
851 2789 956 2850 etiam
980 2789 1053 2870 ipso
1076 2788 1153 2852 Dno
1177 2789 1383 2874 Vico-Bano,
1410 2791 1517 2857 Dnus

217 2891 339 2956 Comes
363 2893 479 2958 Benus
504 2917 564 2978 pro
588 2903 740 2980 tempore
761 2898 978 2979 constitutus,
994 2896 1101 2960 alium
1113 2893 1267 2979 judicem
1283 2918 1352 2962 non
1367 2901 1518 2963 interes-

217 3008 339 3082 satum,
362 3013 434 3064 tam
458 3004 495 3066 in
519 3001 652 3066 Tabula
676 3024 746 3084 sua,
770 3024 873 3086 quam
897 3009 995 3066 extra
1018 3023 1102 3084 eam,
1126 3002 1252 3068 habeat
1284 3003 1515 3070 authoritatis

217 3107 419 3172 tactiltatem
448 3109 702 3174 substituendi:
734 3113 794 3194 qui
827 3109 988 3173 similiter
1020 3111 1114 3174 omni
1146 3109 1358 3174 authoritate
1390 3111 1517 3177 Proto-

217 3213 387 3278 Notariali
411 3238 449 3280 ea
474 3219 510 3280 in
535 3225 630 3298 parte
655 3215 790 3299 polleat.
