3192 5214
1338 311 1383 376 89

120 529 122 532 ·
193 506 245 570 10.
278 501 333 570 De
366 503 535 592 coniupio'
564 501 847 573 christianorum
881 510 914 573 et
945 503 1144 574 iudeorum
1177 503 1381 574 ruulierum.

8 619 10 704 1
91 611 123 677 81
154 611 262 678 Judei
293 635 418 678 uxores
448 613 653 680 christianas
685 616 752 686 sibi
775 617 1028 700 associaverint,
1051 623 1112 680 aut
1135 615 1287 700 aliquam
1310 631 1383 698 per-

8 751 11 766 *
89 739 202 784 sonam
225 717 452 786 christianam
474 723 512 786 in
534 724 680 788 servicio
703 724 795 807 apud
825 745 859 788 se
884 723 1105 804 detinuerint,
1129 719 1243 787 ablate
1267 723 1311 788 ab
1334 725 1382 788 eis

89 823 243 891 libertati
266 827 464 892 reddantur.
645 831 646 836 ’
1269 849 1271 853 ·

24 1043 26 1048 ¹
194 953 247 1016 11.
271 948 325 1016 De
347 949 562 1039 aepiipentia
597 951 828 1020 ecclesiarum
863 951 899 1019 111
934 949 1133 1040 dominicis.
1168 937 1205 1019 Si
1237 955 1314 1040 quis
1346 955 1384 1018 in

86 1061 268 1126 dominicis
300 1060 422 1127 diebus
455 1063 512 1127 vel
544 1065 582 1127 in
613 1061 800 1130 maioribus
838 1061 1091 1129 festivitatibus
1123 1064 1167 1128 ad
1206 1063 1384 1128 ecclesiam

8 1239 9 1244 .
84 1190 151 1233 non
182 1171 322 1234 venerit
362 1151 609 1254 parochialem,
637 1163 839 1238 verberibus
878 1171 1092 1255 corripiatur,
1124 1173 1153 1236 si
1185 1192 1268 1235 vero
1299 1170 1383 1236 ville
1436 1171 1438 1183 ’

8 1323 10 1342 .
84 1285 216 1342 remote
241 1276 383 1362 fuerint,
407 1263 451 1343 01
464 1278 509 1343 ad
533 1278 977 1363 ecclesiamparochianam
1008 1277 1131 1372 villani
1163 1279 1282 1343 venire
1315 1300 1384 1343 non

87 1387 276 1470 potuerint,
298 1407 388 1450 unus
420 1392 538 1451 tamen
571 1409 613 1452 011
645 1389 694 1453 010
726 1389 863 1453 1101111110
897 1388 1050 1452 omnium
1074 1407 1153 1450 cum
1185 1381 1306 1451 baculo
1338 1387 1382 1452 ad

83 1493 267 1558 ecclesiam
289 1495 418 1578 veniat,
440 1501 476 1560 et
499 1503 570 1560 tres
594 1517 698 1578 panes
721 1503 756 1560 et
780 1495 958 1560 candelam
981 1495 1025 1559 ad
1048 1494 1156 1559 altare
1179 1493 1311 1559 afferat.

194 1621 248 1684 13.
272 1615 326 1685 De
351 1615 591 1704 intersectione
615 1617 786 1686 adultere.
812 1619 849 1685 Si
872 1621 949 1705 quis
972 1639 1115 1683 uxorem
1130 1640 1209 1684 cum
1224 1619 1291 1712 alio
1307 1621 1383 1710 viro

82 1727 307 1792 adulterante
340 1730 524 1811 necaverit,
559 1727 621 1792 deo
645 1729 817 1792 racionem
840 1727 971 1808 reddat,
996 1733 1030 1791 et
1054 1727 1084 1790 si
1106 1726 1262 1802 voluerit¹
1278 1709 1383 1792 aliam

8 1857 12 1868 ·
80 1833 199 1918 ducat,
223 1835 254 1899 si
277 1853 358 1900 vero
381 1857 424 1899 ex
448 1837 648 1920 propinquis
671 1835 796 1920 aliquis
820 1833 948 1899 femine
971 1836 1009 1898 in
1039 1856 1118 1899 eum
1149 1835 1383 1918 insurrexerit,

79 1943 173 2025 qnod
209 1945 337 2008 iniuste
370 1943 609 2027 interfecisset,
642 1944 770 2008 iudicio
803 1943 1014 2008 discuciatur
1046 1950 1081 2006 et
1104 1941 1192 2006 illud
1215 1965 1235 2006 a
1258 1944 1383 2008 vicinis

80 2070 203 2114 eorum
237 2051 442 2116 omnimodis
475 2053 714 2136 investigetur,
747 2053 776 2116 si
809 2052 847 2114 in
879 2050 1096 2133 despectione
1124 2057 1158 2113 et
1183 2055 1383 2133 contemptu

79 2159 176 2240 apud
200 2160 317 2223 virum
340 2181 440 2223 suum
462 2167 561 2242 esset,
584 2166 645 2223 aut
673 2159 787 2244 aliqua
812 2159 960 2242 suspicio
984 2157 1225 2222 fornicacionis
1248 2159 1290 2222 de
1323 2158 1382 2222 illa

8 2269 10 2392 ,
80 2264 179 2346 prius
203 2273 280 2328 orta
312 2263 443 2347 fuisset,
475 2272 511 2330 et
542 2264 606 2330 hoc
644 2266 831 2330 secundum
868 2265 958 2352 quod
999 2262 1205 2340 racionabile
1244 2265 1384 2330 videtur

8 2397 13 2492 ,
79 2369 304 2435 diiudicetur.

194 2497 247 2561 15.
271 2493 324 2562 De
347 2494 567 2584 septipencia
588 2493 826 2584 festivitatum
859 2494 904 2562 ob
936 2493 1133 2584 negocium.
1167 2497 1205 2562 Si
1237 2499 1314 2583 quis
1346 2497 1383 2560 in

79 2607 268 2670 dominicis
299 2604 422 2671 diebus
453 2606 510 2670 vel
542 2608 579 2670 in
610 2605 797 2672 maioribus
830 2604 1083 2671 festivitatibus
1115 2605 1294 2670 ecclesiam
1326 2627 1383 2670 ne-

77 2713 220 2800 gligens
240 2719 429 2778 mercatum
450 2713 737 2799 frequentaverit,
760 2711 848 2800 equo
872 2719 999 2792 careat.

8 2917 9 2924 ,
194 2839 248 2903 17.
272 2835 326 2904 De
347 2835 562 2926 hospitibus,
587 2839 625 2905 Si
647 2843 724 2927 quis
747 2841 869 2923 hospes
893 2839 1037 2904 clericus
1059 2841 1098 2904 in
1120 2838 1209 2905 hanc
1233 2840 1381 2922 patriam

8 2997 9 3008 .
78 2947 152 3010 sine
179 2947 476 3012 commendaticiis
493 2946 619 3013 litteris
636 2950 786 3032 episcopi
801 2947 856 3011 sui
870 2949 1015 3036 venerit,
1032 2969 1074 3010 ne
1090 2944 1181 3012 forte
1197 2945 1382 3010 monachus

78 3060 138 3116 aut
163 3051 342 3117 homicida
365 3050 481 3136 fuerit,
503 3055 633 3119 iudicio
657 3053 721 3118 sub
748 3054 947 3118 testimonio
971 3054 1189 3118 discuciatur.

192 3175 246 3238 18.
279 3171 332 3238 De
365 3171 574 3242 001101οη010
606 3173 830 3242 clericorum.
864 3175 902 3240 Si
939 3177 1017 3260 quis
1049 3174 1193 3242 clericus
1225 3177 1263 3240 in
1293 3177 1382 3242 hanc
1449 3199 1451 3202 ·

78 3285 233 3366 patriam
271 3284 423 3366 venienS,
468 3277 573 3348 alicui
618 3285 854 3367 episcoporum
892 3282 949 3348 vel
987 3283 1152 3349 comitum
1197 3283 1381 3366 adheserit,

79 3399 222 3455 etcum
249 3391 409 3456 dominus
432 3412 513 3455 suus
536 3390 623 3458 bene
646 3390 816 3475 habuerit,
839 3398 874 3456 et
898 3389 1086 3456 secundum
1109 3390 1201 3474 quod
1233 3411 1311 3456 cum
1344 3412 1383 3455 eo

78 3500 288 3580 conveniet,
315 3501 528 3582 tractaverit,
561 3501 590 3564 si
622 3498 796 3564 discedere
827 3496 871 3562 ab
903 3496 964 3561 illo
987 3496 1146 3579 voluerit,
1168 3519 1384 3583 nequaquam

8 3597 11 3608 ’
80 3611 252 3691 discedat,
275 3609 384 3673 donec
407 3611 502 3692 prius
525 3609 567 3674 de
591 3610 768 3684 iniusticia
792 3606 859 3673 sibi
882 3607 979 3672 illata
1012 3609 1050 3672 in
1080 3606 1259 3671 audiencia
1292 3610 1382 3692 regis
1478 3588 1479 3605 ¹

78 3717 342 3782 declamaverit.

192 3842 247 3908 19.
279 3829 335 3907 De
363 3838 548 3928 sprecioue
576 3838 813 3927 propriarum
846 3836 1107 3906 ecclessiarum.
1147 3839 1184 3905 81
1217 3839 1381 3905 derelicta

78 3951 225 4015 ecclesia
241 3949 366 4014 villani
381 3949 465 4014 alias
481 3949 717 4032 transiverint,
739 3946 929 4032 pontificali
944 3950 1018 4012 iure
1035 3955 1069 4011 et
1085 3948 1195 4033 regali
1209 3948 1381 4030 mandato,

75 4060 170 4124 unde
195 4059 412 4122 transierunt
435 4055 485 4122 ibi
508 4057 619 4122 redire
644 4063 819 4142 cogantur.

190 4165 246 4230 22.
269 4160 323 4228 Dc
346 4159 418 4227 riiu
442 4159 640 4249 gentilium.
665 4163 878 4248 Quicumque
894 4163 974 4225 -ritu
996 4161 1181 4246 gentilium
1205 4163 1301 4226 iuxta
1322 4183 1381 4245 pu-

76 4281 150 4338 teos
167 4269 429 4352 sacrificaverit,
451 4270 509 4336 vel
532 4272 574 4336 ad
599 4269 738 4336 arbores
760 4276 795 4334 et
818 4270 862 4334 ad
886 4267 999 4333 fontes
1023 4276 1058 4332 et
1082 4269 1213 4352 lapides
1235 4267 1381 4334 oblacio-

75 4403 136 4446 nes
161 4379 346 4461 obtulerit,
368 4384 503 4444 reatum
526 4399 626 4443 suum
649 4377 737 4444 bove
761 4378 843 4442 luat.

188 4481 532 4553 aeneatoribus
556 4481 750 4550 iudeorum
775 4481 811 4549 in
833 4479 1098 4570 festivitatibus.
1123 4483 1161 4549 81
1183 4486 1221 4548 in
1243 4485 1298 4548 die
1324 4485 1381 4548 do-

74 4599 206 4662 minico
248 4600 311 4658 aut
350 4593 427 4658 aliis
466 4591 653 4658 maioribus
692 4591 944 4657 festivitatibus
983 4592 1136 4658 Judenm
1168 4589 1381 4656 laborantem
