<?xml version="1.0" encoding="UTF-8"?>
<!DOCTYPE html PUBLIC "-//W3C//DTD XHTML 1.0 Transitional//EN"
    "http://www.w3.org/TR/xhtml1/DTD/xhtml1-transitional.dtd">
<html xmlns="http://www.w3.org/1999/xhtml" xml:lang="en" lang="en">
 <head>
  <title>
</title>
<meta http-equiv="Content-Type" content="text/html;charset=utf-8" />
  <meta name='ocr-system' content='tesseract 3.04.00' />
  <meta name='ocr-capabilities' content='ocr_page ocr_carea ocr_par ocr_line ocrx_word'/>
</head>
<body>
  <div class='ocr_page' id='page_1' title='image "./enchiridionfont00marcgoog_0380.png"; bbox 0 0 3154 5202; ppageno 0'>
   <div class='ocr_carea' id='block_1_1' title="bbox 221 303 288 366">
    <p class='ocr_par' dir='ltr' id='par_1_1' title="bbox 221 303 288 366">
     <span class='ocr_line' id='line_1_1' title="bbox 221 303 288 366; baseline 0 0"><span class='ocrx_word' id='word_1_1' title='bbox 221 303 288 366; x_wconf 80' lang='lat'>358</span> 
     </span>
    </p>
   </div>
   <div class='ocr_carea' id='block_1_2' title="bbox 221 499 1573 4014">
    <p class='ocr_par' dir='ltr' id='par_1_2' title="bbox 221 499 1573 1874">
     <span class='ocr_line' id='line_1_2' title="bbox 221 499 1532 586; baseline -0.002 -22"><span class='ocrx_word' id='word_1_2' title='bbox 221 504 378 586; x_wconf 88' lang='lat' dir='ltr'>rogativa</span> <span class='ocrx_word' id='word_1_3' title='bbox 417 501 587 586; x_wconf 76' lang='lat' dir='ltr'>gaudent:</span> <span class='ocrx_word' id='word_1_4' title='bbox 620 523 682 564; x_wconf 91' lang='lat' dir='ltr'>nec</span> <span class='ocrx_word' id='word_1_5' title='bbox 720 499 825 564; x_wconf 91' lang='lat' dir='ltr'>habet</span> <span class='ocrx_word' id='word_1_6' title='bbox 864 503 1080 566; x_wconf 89' lang='lat' dir='ltr'>dominorum</span> <span class='ocrx_word' id='word_1_7' title='bbox 1128 502 1252 586; x_wconf 90' lang='lat' dir='ltr'>aliquis</span> <span class='ocrx_word' id='word_1_8' title='bbox 1294 505 1425 586; x_wconf 73' lang='lat' dir='ltr'>magiS,</span> <span class='ocrx_word' id='word_1_9' title='bbox 1471 523 1532 562; x_wconf 86' lang='lat' dir='ltr'>nec</span> 
     </span>
     <span class='ocr_line' id='line_1_3' title="bbox 221 607 1531 692; baseline -0.001 -21"><span class='ocrx_word' id='word_1_10' title='bbox 221 607 347 672; x_wconf 89' lang='lat' dir='ltr'>nobilis</span> <span class='ocrx_word' id='word_1_11' title='bbox 370 609 540 692; x_wconf 82' lang='lat' dir='ltr'>quispiam</span> <span class='ocrx_word' id='word_1_12' title='bbox 573 611 685 672; x_wconf 91' lang='lat' dir='ltr'>minus</span> <span class='ocrx_word' id='word_1_13' title='bbox 718 608 760 671; x_wconf 91' lang='lat' dir='ltr'>de</span> <span class='ocrx_word' id='word_1_14' title='bbox 784 607 954 690; x_wconf 89' lang='lat' dir='ltr'>libertate,</span> <span class='ocrx_word' id='word_1_15' title='bbox 987 609 1067 673; x_wconf 90' lang='lat' dir='ltr'>hinc</span> <span class='ocrx_word' id='word_1_16' title='bbox 1090 611 1196 673; x_wconf 87' lang='lat' dir='ltr'>etiam</span> <span class='ocrx_word' id='word_1_17' title='bbox 1227 631 1294 674; x_wconf 86' lang='lat' dir='ltr'>una</span> <span class='ocrx_word' id='word_1_18' title='bbox 1328 609 1531 692; x_wconf 86' lang='lat' dir='ltr'>eademque</span> 
     </span>
     <span class='ocr_line' id='line_1_4' title="bbox 222 715 1531 800; baseline -0.002 -21"><span class='ocrx_word' id='word_1_19' title='bbox 222 716 296 800; x_wconf 90' lang='lat' dir='ltr'>lege</span> <span class='ocrx_word' id='word_1_20' title='bbox 336 723 370 778; x_wconf 89' lang='lat' dir='ltr'>et</span> <span class='ocrx_word' id='word_1_21' title='bbox 394 715 649 797; x_wconf 89' lang='lat' dir='ltr'>consuetudine,</span> <span class='ocrx_word' id='word_1_22' title='bbox 687 737 726 778; x_wconf 92' lang='lat' dir='ltr'>ac</span> <span class='ocrx_word' id='word_1_23' title='bbox 750 736 817 778; x_wconf 92' lang='lat' dir='ltr'>uno</span> <span class='ocrx_word' id='word_1_24' title='bbox 856 722 891 778; x_wconf 93' lang='lat' dir='ltr'>et</span> <span class='ocrx_word' id='word_1_25' title='bbox 923 715 1043 779; x_wconf 90' lang='lat' dir='ltr'>eodem</span> <span class='ocrx_word' id='word_1_26' title='bbox 1082 716 1228 780; x_wconf 89' lang='lat' dir='ltr'>iuridico</span> <span class='ocrx_word' id='word_1_27' title='bbox 1271 737 1453 798; x_wconf 67' lang='lat' dir='ltr'>processu,</span> <span class='ocrx_word' id='word_1_28' title='bbox 1496 717 1531 776; x_wconf 90' lang='lat' dir='ltr'>in</span> 
     </span>
     <span class='ocr_line' id='line_1_5' title="bbox 221 821 1531 907; baseline 0 -23"><span class='ocrx_word' id='word_1_29' title='bbox 221 823 359 886; x_wconf 89' lang='lat' dir='ltr'>iudiciis</span> <span class='ocrx_word' id='word_1_30' title='bbox 382 828 537 902; x_wconf 88' lang='lat' dir='ltr'>utuntur,</span> <span class='ocrx_word' id='word_1_31' title='bbox 560 821 797 906; x_wconf 89' lang='lat' dir='ltr'>homagiorum</span> <span class='ocrx_word' id='word_1_32' title='bbox 821 823 991 887; x_wconf 73' lang='lat' dir='ltr'><strong>duntaxat</strong></span> <span class='ocrx_word' id='word_1_33' title='bbox 1024 826 1200 907; x_wconf 77' lang='lat' dir='ltr'>quantitas</span> <span class='ocrx_word' id='word_1_34' title='bbox 1228 825 1395 887; x_wconf 87' lang='lat' dir='ltr'>variatur.</span> <span class='ocrx_word' id='word_1_35' title='bbox 1435 822 1531 886; x_wconf 86' lang='lat' dir='ltr'>Nam</span> 
     </span>
     <span class='ocr_line' id='line_1_6' title="bbox 222 929 1530 1014; baseline -0.002 -21"><span class='ocrx_word' id='word_1_36' title='bbox 222 931 352 994; x_wconf 88' lang='lat' dir='ltr'>domini</span> <span class='ocrx_word' id='word_1_37' title='bbox 375 938 411 994; x_wconf 93' lang='lat' dir='ltr'>et</span> <span class='ocrx_word' id='word_1_38' title='bbox 443 929 594 994; x_wconf 87' lang='lat' dir='ltr'>Praelati</span> <span class='ocrx_word' id='word_1_39' title='bbox 626 936 661 993; x_wconf 92' lang='lat' dir='ltr'>et</span> <span class='ocrx_word' id='word_1_40' title='bbox 693 929 844 994; x_wconf 85' lang='lat' dir='ltr'>Berones</span> <span class='ocrx_word' id='word_1_41' title='bbox 876 939 1032 1012; x_wconf 87' lang='lat' dir='ltr'>centum;</span> <span class='ocrx_word' id='word_1_42' title='bbox 1071 930 1202 995; x_wconf 90' lang='lat' dir='ltr'>nobiles</span> <span class='ocrx_word' id='word_1_43' title='bbox 1233 951 1315 994; x_wconf 84' lang='lat' dir='ltr'>vero</span> <span class='ocrx_word' id='word_1_44' title='bbox 1347 933 1530 1014; x_wconf 87' lang='lat' dir='ltr'>quinqua-</span> 
     </span>
     <span class='ocr_line' id='line_1_7' title="bbox 221 1031 1573 1122; baseline -0.003 -20"><span class='ocrx_word' id='word_1_45' title='bbox 221 1043 329 1122; x_wconf 81' lang='lat' dir='ltr'>ginta,</span> <span class='ocrx_word' id='word_1_46' title='bbox 354 1055 492 1102; x_wconf 83' lang='lat' dir='ltr'>&#39;maroas</span> <span class='ocrx_word' id='word_1_47' title='bbox 523 1057 583 1120; x_wconf 88' lang='lat' dir='ltr'>pro</span> <span class='ocrx_word' id='word_1_48' title='bbox 615 1035 783 1120; x_wconf 80' lang='lat' dir='ltr'>homagiis</span> <span class='ocrx_word' id='word_1_49' title='bbox 807 1037 877 1098; x_wconf 85' lang='lat' dir='ltr'>suis</span> <span class='ocrx_word' id='word_1_50' title='bbox 901 1045 1163 1120; x_wconf 91' lang='lat' dir='ltr'>consequuntur,</span> <span class='ocrx_word' id='word_1_51' title='bbox 1196 1043 1236 1099; x_wconf 91' lang='lat' dir='ltr'>ut</span> <span class='ocrx_word' id='word_1_52' title='bbox 1264 1035 1354 1100; x_wconf 88' lang='lat' dir='ltr'>infra</span> <span class='ocrx_word' id='word_1_53' title='bbox 1389 1035 1530 1099; x_wconf 83' lang='lat' dir='ltr'>clarius</span> <span class='ocrx_word' id='word_1_54' title='bbox 1572 1031 1573 1040; x_wconf 71' lang='grc'>’</span> 
     </span>
     <span class='ocr_line' id='line_1_8' title="bbox 222 1144 1528 1228; baseline -0.002 -20"><span class='ocrx_word' id='word_1_55' title='bbox 222 1146 364 1208; x_wconf 89' lang='lat' dir='ltr'>dicetur.</span> <span class='ocrx_word' id='word_1_56' title='bbox 388 1147 435 1209; x_wconf 84' lang='lat' dir='ltr'>Et</span> <span class='ocrx_word' id='word_1_57' title='bbox 458 1145 522 1208; x_wconf 90' lang='lat' dir='ltr'>hoc</span> <span class='ocrx_word' id='word_1_58' title='bbox 546 1165 679 1228; x_wconf 92' lang='lat' dir='ltr'>quoque</span> <span class='ocrx_word' id='word_1_59' title='bbox 696 1164 765 1207; x_wconf 92' lang='lat' dir='ltr'>non</span> <span class='ocrx_word' id='word_1_60' title='bbox 787 1146 920 1208; x_wconf 88' lang='lat' dir='ltr'>ratione</span> <span class='ocrx_word' id='word_1_61' title='bbox 944 1144 1125 1226; x_wconf 88' lang='lat' dir='ltr'>libertatis,</span> <span class='ocrx_word' id='word_1_62' title='bbox 1148 1145 1207 1208; x_wconf 90' lang='lat' dir='ltr'>sed</span> <span class='ocrx_word' id='word_1_63' title='bbox 1234 1153 1421 1228; x_wconf 83' lang='lat' dir='ltr'>praetextu</span> <span class='ocrx_word' id='word_1_64' title='bbox 1450 1145 1528 1227; x_wconf 89' lang='lat' dir='ltr'>dig-</span> 
     </span>
     <span class='ocr_line' id='line_1_9' title="bbox 222 1251 1527 1338; baseline 0 -23"><span class='ocrx_word' id='word_1_65' title='bbox 222 1255 344 1317; x_wconf 88' lang='lat' dir='ltr'>nitatis</span> <span class='ocrx_word' id='word_1_66' title='bbox 367 1260 402 1316; x_wconf 91' lang='lat' dir='ltr'>et</span> <span class='ocrx_word' id='word_1_67' title='bbox 429 1251 544 1316; x_wconf 83' lang='lat' dir='ltr'>officii.</span> <span class='ocrx_word' id='word_1_68' title='bbox 568 1252 718 1316; x_wconf 88' lang='lat' dir='ltr'>Praelati</span> <span class='ocrx_word' id='word_1_69' title='bbox 747 1259 786 1316; x_wconf 92' lang='lat' dir='ltr'>ut</span> <span class='ocrx_word' id='word_1_70' title='bbox 811 1259 893 1336; x_wconf 90' lang='lat' dir='ltr'>puta</span> <span class='ocrx_word' id='word_1_71' title='bbox 917 1255 1090 1316; x_wconf 78' lang='lat' dir='ltr'>occasione</span> <span class='ocrx_word' id='word_1_72' title='bbox 1114 1253 1298 1338; x_wconf 86' lang='lat' dir='ltr'>dignitatis</span> <span class='ocrx_word' id='word_1_73' title='bbox 1322 1254 1527 1318; x_wconf 81' lang='lat' dir='ltr'>sacerdotii.</span> 
     </span>
     <span class='ocr_line' id='line_1_10' title="bbox 223 1359 1526 1446; baseline -0.003 -20"><span class='ocrx_word' id='word_1_74' title='bbox 223 1362 373 1426; x_wconf 85' lang='lat' dir='ltr'>Berones</span> <span class='ocrx_word' id='word_1_75' title='bbox 396 1383 477 1426; x_wconf 89' lang='lat' dir='ltr'>vero</span> <span class='ocrx_word' id='word_1_76' title='bbox 501 1367 658 1444; x_wconf 89' lang='lat' dir='ltr'>respectu</span> <span class='ocrx_word' id='word_1_77' title='bbox 681 1359 878 1445; x_wconf 78' lang='lat' dir='ltr'>officii‘quo</span> <span class='ocrx_word' id='word_1_78' title='bbox 904 1359 1106 1445; x_wconf 84' lang='lat' dir='ltr'>funguntur,</span> <span class='ocrx_word' id='word_1_79' title='bbox 1129 1369 1165 1424; x_wconf 93' lang='lat' dir='ltr'>et</span> <span class='ocrx_word' id='word_1_80' title='bbox 1188 1384 1208 1424; x_wconf 91' lang='lat' dir='ltr'>a</span> <span class='ocrx_word' id='word_1_81' title='bbox 1232 1365 1386 1446; x_wconf 81' lang='lat' dir='ltr'>principe</span> <span class='ocrx_word' id='word_1_82' title='bbox 1413 1359 1526 1424; x_wconf 91' lang='lat' dir='ltr'>subli-</span> 
     </span>
     <span class='ocr_line' id='line_1_11' title="bbox 223 1469 1523 1554; baseline -0.002 -22"><span class='ocrx_word' id='word_1_83' title='bbox 223 1477 369 1549; x_wconf 86' lang='lat' dir='ltr'>mantur,</span> <span class='ocrx_word' id='word_1_84' title='bbox 393 1469 483 1532; x_wconf 89' lang='lat' dir='ltr'>unde</span> <span class='ocrx_word' id='word_1_85' title='bbox 508 1477 542 1532; x_wconf 89' lang='lat' dir='ltr'>et</span> <span class='ocrx_word' id='word_1_86' title='bbox 574 1469 664 1553; x_wconf 83' lang='lat' dir='ltr'>Regi</span> <span class='ocrx_word' id='word_1_87' title='bbox 699 1471 956 1554; x_wconf 77' lang='lat' dir='ltr'>propinquiores</span> <span class='ocrx_word' id='word_1_88' title='bbox 988 1471 1025 1532; x_wconf 93' lang='lat' dir='ltr'>in</span> <span class='ocrx_word' id='word_1_89' title='bbox 1048 1469 1170 1532; x_wconf 88' lang='lat' dir='ltr'>stando</span> <span class='ocrx_word' id='word_1_90' title='bbox 1209 1471 1265 1534; x_wconf 88' lang='lat' dir='ltr'>vel</span> <span class='ocrx_word' id='word_1_91' title='bbox 1289 1471 1456 1544; x_wconf 72' lang='lat' dir='ltr'>sedendm</span> <span class='ocrx_word' id='word_1_92' title='bbox 1489 1483 1523 1532; x_wconf 83' lang='lat' dir='ltr'>ct</span> 
     </span>
     <span class='ocr_line' id='line_1_12' title="bbox 223 1576 1523 1660; baseline -0.001 -21"><span class='ocrx_word' id='word_1_93' title='bbox 223 1577 325 1658; x_wconf 90' lang='lat' dir='ltr'>primi</span> <span class='ocrx_word' id='word_1_94' title='bbox 353 1578 390 1639; x_wconf 91' lang='lat' dir='ltr'>in</span> <span class='ocrx_word' id='word_1_95' title='bbox 413 1576 554 1640; x_wconf 90' lang='lat' dir='ltr'>consilio</span> <span class='ocrx_word' id='word_1_96' title='bbox 572 1597 672 1639; x_wconf 87' lang='lat' dir='ltr'>voees</span> <span class='ocrx_word' id='word_1_97' title='bbox 696 1576 894 1655; x_wconf 69' lang='lat' dir='ltr'>emittendo</span> <span class='ocrx_word' id='word_1_98' title='bbox 918 1583 1024 1660; x_wconf 88' lang='lat' dir='ltr'>utque</span> <span class='ocrx_word' id='word_1_99' title='bbox 1049 1578 1176 1659; x_wconf 83' lang='lat' dir='ltr'>priores</span> <span class='ocrx_word' id='word_1_100' title='bbox 1208 1579 1245 1640; x_wconf 91' lang='lat' dir='ltr'>in</span> <span class='ocrx_word' id='word_1_101' title='bbox 1268 1576 1523 1660; x_wconf 83' lang='lat' dir='ltr'>rempublicam</span> 
     </span>
     <span class='ocr_line' id='line_1_13' title="bbox 222 1683 1523 1769; baseline 0.001 -24"><span class='ocrx_word' id='word_1_102' title='bbox 222 1683 476 1768; x_wconf 88' lang='lat' dir='ltr'>augmentando</span> <span class='ocrx_word' id='word_1_103' title='bbox 508 1691 542 1746; x_wconf 89' lang='lat' dir='ltr'>et</span> <span class='ocrx_word' id='word_1_104' title='bbox 575 1685 807 1748; x_wconf 83' lang='lat' dir='ltr'>defensionem</span> <span class='ocrx_word' id='word_1_105' title='bbox 841 1687 970 1767; x_wconf 84' lang='lat' dir='ltr'>patriae</span> <span class='ocrx_word' id='word_1_106' title='bbox 999 1685 1369 1769; x_wconf 84' lang='lat' dir='ltr'>peragend0,caete1is</span> <span class='ocrx_word' id='word_1_107' title='bbox 1394 1683 1523 1748; x_wconf 90' lang='lat' dir='ltr'>nobili·</span> 
     </span>
     <span class='ocr_line' id='line_1_14' title="bbox 223 1787 1522 1874; baseline -0.002 -21"><span class='ocrx_word' id='word_1_108' title='bbox 223 1789 286 1854; x_wconf 91' lang='lat' dir='ltr'>bus</span> <span class='ocrx_word' id='word_1_109' title='bbox 310 1787 473 1870; x_wconf 86' lang='lat' dir='ltr'>existunt,</span> <span class='ocrx_word' id='word_1_110' title='bbox 496 1793 694 1874; x_wconf 85' lang='lat' dir='ltr'>virtuteque</span> <span class='ocrx_word' id='word_1_111' title='bbox 718 1790 901 1874; x_wconf 86' lang='lat' dir='ltr'>dignitatis</span> <span class='ocrx_word' id='word_1_112' title='bbox 925 1798 960 1853; x_wconf 92' lang='lat' dir='ltr'>et</span> <span class='ocrx_word' id='word_1_113' title='bbox 984 1789 1092 1853; x_wconf 86' lang='lat' dir='ltr'>officii</span> <span class='ocrx_word' id='word_1_114' title='bbox 1115 1793 1238 1854; x_wconf 88' lang='lat' dir='ltr'>merito</span> <span class='ocrx_word' id='word_1_115' title='bbox 1263 1789 1522 1874; x_wconf 82' lang='lat' dir='ltr'>praeferuntur.</span> 
     </span>
    </p>

    <p class='ocr_par' dir='ltr' id='par_1_3' title="bbox 222 1897 1523 3376">
     <span class='ocr_line' id='line_1_15' title="bbox 332 1897 1523 1982; baseline 0.001 -22"><span class='ocrx_word' id='word_1_116' title='bbox 332 1898 436 1962; x_wconf 84' lang='lat' dir='ltr'>Titul.</span> <span class='ocrx_word' id='word_1_117' title='bbox 453 1897 516 1962; x_wconf 90' lang='grc' dir='ltr'>ΙΙΙ.</span> <span class='ocrx_word' id='word_1_118' title='bbox 536 1936 575 1942; x_wconf 93' lang='grc'><strong>-</strong></span> <span class='ocrx_word' id='word_1_119' title='bbox 593 1897 781 1980; x_wconf 87' lang='lat' dir='ltr'>Postquam</span> <span class='ocrx_word' id='word_1_120' title='bbox 796 1918 878 1960; x_wconf 92' lang='lat' dir='ltr'>vero</span> <span class='ocrx_word' id='word_1_121' title='bbox 894 1899 1084 1980; x_wconf 90' lang='lat' dir='ltr'>inspirante</span> <span class='ocrx_word' id='word_1_122' title='bbox 1100 1899 1242 1980; x_wconf 91' lang='lat' dir='ltr'>spiritus</span> <span class='ocrx_word' id='word_1_123' title='bbox 1258 1902 1371 1962; x_wconf 89' lang='lat' dir='ltr'>sancti</span> <span class='ocrx_word' id='word_1_124' title='bbox 1394 1900 1523 1982; x_wconf 82' lang='lat' dir='ltr'>gratia.</span> 
     </span>
     <span class='ocr_line' id='line_1_16' title="bbox 222 2003 1521 2089; baseline -0.002 -19"><span class='ocrx_word' id='word_1_125' title='bbox 222 2006 265 2070; x_wconf 89' lang='lat' dir='ltr'>ad</span> <span class='ocrx_word' id='word_1_126' title='bbox 290 2007 522 2089; x_wconf 89' lang='lat' dir='ltr'>cognitionem</span> <span class='ocrx_word' id='word_1_127' title='bbox 545 2005 713 2085; x_wconf 86' lang='lat' dir='ltr'>veritatis,</span> <span class='ocrx_word' id='word_1_128' title='bbox 745 2003 1009 2087; x_wconf 85' lang='lat' dir='ltr'>Catholicaeque</span> <span class='ocrx_word' id='word_1_129' title='bbox 1033 2003 1114 2067; x_wconf 91' lang='lat' dir='ltr'>fidei</span> <span class='ocrx_word' id='word_1_130' title='bbox 1139 2003 1386 2087; x_wconf 88' lang='lat' dir='ltr'>professionem</span> <span class='ocrx_word' id='word_1_131' title='bbox 1415 2027 1521 2086; x_wconf 88' lang='lat' dir='ltr'>opera</span> 
     </span>
     <span class='ocr_line' id='line_1_17' title="bbox 223 2111 1523 2196; baseline -0.002 -21"><span class='ocrx_word' id='word_1_132' title='bbox 223 2114 331 2194; x_wconf 89' lang='lat' dir='ltr'>ipsius</span> <span class='ocrx_word' id='word_1_133' title='bbox 355 2113 465 2175; x_wconf 86' lang='lat' dir='ltr'>sancti</span> <span class='ocrx_word' id='word_1_134' title='bbox 489 2112 597 2194; x_wconf 87' lang='lat' dir='ltr'>Regis</span> <span class='ocrx_word' id='word_1_135' title='bbox 620 2113 738 2192; x_wconf 88' lang='lat' dir='ltr'>nostri,</span> <span class='ocrx_word' id='word_1_136' title='bbox 762 2111 922 2195; x_wconf 89' lang='lat' dir='ltr'>Hungari</span> <span class='ocrx_word' id='word_1_137' title='bbox 945 2131 1078 2189; x_wconf 80' lang='lat' dir='ltr'>venere,</span> <span class='ocrx_word' id='word_1_138' title='bbox 1104 2119 1139 2175; x_wconf 89' lang='lat' dir='ltr'>et</span> <span class='ocrx_word' id='word_1_139' title='bbox 1163 2113 1308 2176; x_wconf 88' lang='lat' dir='ltr'>eundem</span> <span class='ocrx_word' id='word_1_140' title='bbox 1333 2126 1461 2196; x_wconf 85' lang='lat' dir='ltr'>sponte</span> <span class='ocrx_word' id='word_1_141' title='bbox 1485 2113 1523 2174; x_wconf 92' lang='lat' dir='ltr'>in</span> 
     </span>
     <span class='ocr_line' id='line_1_18' title="bbox 224 2217 1519 2303; baseline -0.002 -21"><span class='ocrx_word' id='word_1_142' title='bbox 224 2220 356 2303; x_wconf 85' lang='lat' dir='ltr'>Regem</span> <span class='ocrx_word' id='word_1_143' title='bbox 379 2219 511 2302; x_wconf 90' lang='lat' dir='ltr'>elegere</span> <span class='ocrx_word' id='word_1_144' title='bbox 537 2219 665 2301; x_wconf 90' lang='lat' dir='ltr'>pariter</span> <span class='ocrx_word' id='word_1_145' title='bbox 692 2225 727 2281; x_wconf 93' lang='lat' dir='ltr'>et</span> <span class='ocrx_word' id='word_1_146' title='bbox 751 2239 963 2299; x_wconf 81' lang='lat' dir='ltr'>coronavero,</span> <span class='ocrx_word' id='word_1_147' title='bbox 987 2219 1097 2281; x_wconf 91' lang='lat' dir='ltr'>omnis</span> <span class='ocrx_word' id='word_1_148' title='bbox 1120 2217 1373 2284; x_wconf 90' lang='lat' dir='ltr'>nobilitatiouis</span> <span class='ocrx_word' id='word_1_149' title='bbox 1408 2229 1443 2281; x_wconf 83' lang='lat' dir='ltr'>et</span> <span class='ocrx_word' id='word_1_150' title='bbox 1479 2241 1519 2281; x_wconf 80' lang='lat' dir='ltr'>ex</span> 
     </span>
     <span class='ocr_line' id='line_1_19' title="bbox 225 2324 1521 2410; baseline 0 -22"><span class='ocrx_word' id='word_1_151' title='bbox 225 2328 446 2410; x_wconf 86' lang='lat' dir='ltr'>consequenti</span> <span class='ocrx_word' id='word_1_152' title='bbox 470 2326 750 2408; x_wconf 89' lang='lat' dir='ltr'>possessionariae</span> <span class='ocrx_word' id='word_1_153' title='bbox 775 2324 976 2406; x_wconf 90' lang='lat' dir='ltr'>collationis,</span> <span class='ocrx_word' id='word_1_154' title='bbox 999 2345 1066 2408; x_wconf 89' lang='lat' dir='ltr'>qua</span> <span class='ocrx_word' id='word_1_155' title='bbox 1090 2325 1222 2389; x_wconf 91' lang='lat' dir='ltr'>nobiles</span> <span class='ocrx_word' id='word_1_156' title='bbox 1245 2326 1466 2390; x_wconf 84' lang='lat' dir='ltr'>decorantur.</span> <span class='ocrx_word' id='word_1_157' title='bbox 1486 2342 1521 2388; x_wconf 86' lang='lat' dir='ltr'>et</span> 
     </span>
     <span class='ocr_line' id='line_1_20' title="bbox 222 2429 1522 2517; baseline 0.002 -22"><span class='ocrx_word' id='word_1_158' title='bbox 222 2431 266 2495; x_wconf 90' lang='lat' dir='ltr'>ab</span> <span class='ocrx_word' id='word_1_159' title='bbox 305 2431 516 2516; x_wconf 86' lang='lat' dir='ltr'>ignobilibus</span> <span class='ocrx_word' id='word_1_160' title='bbox 555 2437 788 2516; x_wconf 84' lang='lat' dir='ltr'>segregantur,</span> <span class='ocrx_word' id='word_1_161' title='bbox 827 2429 982 2512; x_wconf 71' lang='lat' dir='ltr'>facultas</span> <span class='ocrx_word' id='word_1_162' title='bbox 1022 2431 1240 2517; x_wconf 88' lang='lat' dir='ltr'>plenariaque</span> <span class='ocrx_word' id='word_1_163' title='bbox 1280 2439 1445 2516; x_wconf 87' lang='lat' dir='ltr'>potestas.</span> <span class='ocrx_word' id='word_1_164' title='bbox 1485 2436 1522 2496; x_wconf 89' lang='lat' dir='ltr'>in</span> 
     </span>
     <span class='ocr_line' id='line_1_21' title="bbox 223 2539 1521 2625; baseline 0.002 -24"><span class='ocrx_word' id='word_1_165' title='bbox 223 2539 496 2603; x_wconf 88' lang='lat' dir='ltr'>iurisdictionem</span> <span class='ocrx_word' id='word_1_166' title='bbox 519 2561 633 2602; x_wconf 88' lang='lat' dir='ltr'>sacrae</span> <span class='ocrx_word' id='word_1_167' title='bbox 658 2560 799 2603; x_wconf 90' lang='lat' dir='ltr'>coronae</span> <span class='ocrx_word' id='word_1_168' title='bbox 827 2539 942 2623; x_wconf 86' lang='lat' dir='ltr'>Regni</span> <span class='ocrx_word' id='word_1_169' title='bbox 965 2539 1076 2620; x_wconf 84' lang='lat' dir='ltr'>huius,</span> <span class='ocrx_word' id='word_1_170' title='bbox 1100 2547 1135 2603; x_wconf 88' lang='lat' dir='ltr'>et</span> <span class='ocrx_word' id='word_1_171' title='bbox 1160 2563 1219 2623; x_wconf 91' lang='lat' dir='ltr'>per</span> <span class='ocrx_word' id='word_1_172' title='bbox 1242 2562 1456 2625; x_wconf 86' lang='lat' dir='ltr'>consequens</span> <span class='ocrx_word' id='word_1_173' title='bbox 1486 2543 1521 2603; x_wconf 93' lang='lat' dir='ltr'>in</span> 
     </span>
     <span class='ocr_line' id='line_1_22' title="bbox 223 2645 1522 2730; baseline 0.002 -22"><span class='ocrx_word' id='word_1_174' title='bbox 223 2645 418 2729; x_wconf 89' lang='lat' dir='ltr'>Principem</span> <span class='ocrx_word' id='word_1_175' title='bbox 451 2668 490 2709; x_wconf 87' lang='lat' dir='ltr'>ac</span> <span class='ocrx_word' id='word_1_176' title='bbox 522 2647 655 2730; x_wconf 86' lang='lat' dir='ltr'>Regem</span> <span class='ocrx_word' id='word_1_177' title='bbox 684 2653 838 2710; x_wconf 91' lang='lat' dir='ltr'>nostrum</span> <span class='ocrx_word' id='word_1_178' title='bbox 877 2668 897 2708; x_wconf 91' lang='lat' dir='ltr'>a</span> <span class='ocrx_word' id='word_1_179' title='bbox 921 2649 1166 2711; x_wconf 89' lang='lat' dir='ltr'>communitate</span> <span class='ocrx_word' id='word_1_180' title='bbox 1189 2655 1225 2711; x_wconf 90' lang='lat' dir='ltr'>et</span> <span class='ocrx_word' id='word_1_181' title='bbox 1257 2651 1522 2713; x_wconf 88' lang='lat' dir='ltr'>communitatis</span> 
     </span>
     <span class='ocr_line' id='line_1_23' title="bbox 222 2755 1521 2840; baseline -0.001 -23"><span class='ocrx_word' id='word_1_182' title='bbox 222 2756 437 2828; x_wconf 86' lang='lat' dir='ltr'>auctoritate,</span> <span class='ocrx_word' id='word_1_183' title='bbox 470 2755 572 2817; x_wconf 92' lang='lat' dir='ltr'>simul</span> <span class='ocrx_word' id='word_1_184' title='bbox 605 2777 681 2818; x_wconf 91' lang='lat' dir='ltr'>cum</span> <span class='ocrx_word' id='word_1_185' title='bbox 705 2757 849 2836; x_wconf 89' lang='lat' dir='ltr'>imperio</span> <span class='ocrx_word' id='word_1_186' title='bbox 872 2762 906 2818; x_wconf 90' lang='lat' dir='ltr'>et</span> <span class='ocrx_word' id='word_1_187' title='bbox 930 2756 1096 2838; x_wconf 89' lang='lat' dir='ltr'>regimine</span> <span class='ocrx_word' id='word_1_188' title='bbox 1124 2755 1291 2820; x_wconf 86' lang='lat' dir='ltr'>translata</span> <span class='ocrx_word' id='word_1_189' title='bbox 1315 2765 1377 2838; x_wconf 73' lang='lat' dir='ltr'>est,</span> <span class='ocrx_word' id='word_1_190' title='bbox 1404 2778 1426 2820; x_wconf 89' lang='lat' dir='ltr'>a</span> <span class='ocrx_word' id='word_1_191' title='bbox 1452 2775 1521 2840; x_wconf 91' lang='lat' dir='ltr'>quo</span> 
     </span>
     <span class='ocr_line' id='line_1_24' title="bbox 223 2861 1520 2946; baseline 0 -22"><span class='ocrx_word' id='word_1_192' title='bbox 223 2864 290 2925; x_wconf 89' lang='lat' dir='ltr'>iarn</span> <span class='ocrx_word' id='word_1_193' title='bbox 319 2863 428 2925; x_wconf 88' lang='lat' dir='ltr'>omnis</span> <span class='ocrx_word' id='word_1_194' title='bbox 451 2861 644 2925; x_wconf 90' lang='lat' dir='ltr'>nobilitatis</span> <span class='ocrx_word' id='word_1_195' title='bbox 668 2863 763 2946; x_wconf 89' lang='lat' dir='ltr'>origo</span> <span class='ocrx_word' id='word_1_196' title='bbox 789 2884 848 2943; x_wconf 91' lang='lat' dir='ltr'>per</span> <span class='ocrx_word' id='word_1_197' title='bbox 880 2861 1051 2946; x_wconf 88' lang='lat' dir='ltr'>quandam</span> <span class='ocrx_word' id='word_1_198' title='bbox 1075 2862 1336 2925; x_wconf 89' lang='lat' dir='ltr'>translationem</span> <span class='ocrx_word' id='word_1_199' title='bbox 1369 2865 1520 2944; x_wconf 77' lang='lat' dir='ltr'>recipro</span> 
     </span>
     <span class='ocr_line' id='line_1_25' title="bbox 223 2966 1520 3052; baseline 0.002 -22"><span class='ocrx_word' id='word_1_200' title='bbox 223 2989 305 3046; x_wconf 86' lang='lat' dir='ltr'>cam,</span> <span class='ocrx_word' id='word_1_201' title='bbox 321 2966 610 3052; x_wconf 88' lang='lat' dir='ltr'>reflexibilemque</span> <span class='ocrx_word' id='word_1_202' title='bbox 635 2971 878 3032; x_wconf 84' lang='lat' dir='ltr'>connexionem</span> <span class='ocrx_word' id='word_1_203' title='bbox 903 2970 952 3030; x_wconf 90' lang='lat' dir='ltr'>ita</span> <span class='ocrx_word' id='word_1_204' title='bbox 971 2976 1091 3032; x_wconf 90' lang='lat' dir='ltr'>mutuo</span> <span class='ocrx_word' id='word_1_205' title='bbox 1115 2990 1248 3052; x_wconf 86' lang='lat' dir='ltr'>semper</span> <span class='ocrx_word' id='word_1_206' title='bbox 1271 2970 1456 3052; x_wconf 85' lang='lat' dir='ltr'>dependet,</span> <span class='ocrx_word' id='word_1_207' title='bbox 1481 2979 1520 3032; x_wconf 90' lang='lat' dir='ltr'>ut</span> 
     </span>
     <span class='ocr_line' id='line_1_26' title="bbox 222 3075 1520 3161; baseline 0.002 -24"><span class='ocrx_word' id='word_1_208' title='bbox 222 3077 356 3160; x_wconf 88' lang='lat' dir='ltr'>seiungi</span> <span class='ocrx_word' id='word_1_209' title='bbox 379 3077 618 3161; x_wconf 82' lang='lat' dir='ltr'>segrega-rique</span> <span class='ocrx_word' id='word_1_210' title='bbox 642 3083 798 3160; x_wconf 88' lang='lat' dir='ltr'>nequeat,</span> <span class='ocrx_word' id='word_1_211' title='bbox 821 3083 856 3139; x_wconf 91' lang='lat' dir='ltr'>et</span> <span class='ocrx_word' id='word_1_212' title='bbox 879 3075 967 3138; x_wconf 90' lang='lat' dir='ltr'>alter</span> <span class='ocrx_word' id='word_1_213' title='bbox 983 3077 1055 3139; x_wconf 91' lang='lat' dir='ltr'>sine</span> <span class='ocrx_word' id='word_1_214' title='bbox 1079 3075 1187 3140; x_wconf 89' lang='lat' dir='ltr'>altero</span> <span class='ocrx_word' id='word_1_215' title='bbox 1207 3075 1282 3140; x_wconf 91' lang='lat' dir='ltr'>fieri</span> <span class='ocrx_word' id='word_1_216' title='bbox 1305 3097 1375 3140; x_wconf 90' lang='lat' dir='ltr'>non</span> <span class='ocrx_word' id='word_1_217' title='bbox 1402 3080 1520 3160; x_wconf 89' lang='lat' dir='ltr'>possit.</span> 
     </span>
     <span class='ocr_line' id='line_1_27' title="bbox 222 3173 1521 3270; baseline 0.002 -24"><span class='ocrx_word' id='word_1_218' title='bbox 222 3183 340 3267; x_wconf 88' lang='lat' dir='ltr'>Neque</span> <span class='ocrx_word' id='word_1_219' title='bbox 373 3185 464 3247; x_wconf 91' lang='lat' dir='ltr'>enim</span> <span class='ocrx_word' id='word_1_220' title='bbox 496 3173 659 3266; x_wconf 88' lang='lat' dir='ltr'>Princeps</span> <span class='ocrx_word' id='word_1_221' title='bbox 687 3186 753 3248; x_wconf 92' lang='lat' dir='ltr'>nisi</span> <span class='ocrx_word' id='word_1_222' title='bbox 786 3206 846 3266; x_wconf 94' lang='lat' dir='ltr'>per</span> <span class='ocrx_word' id='word_1_223' title='bbox 883 3182 1024 3246; x_wconf 88' lang='lat' dir='ltr'>Nobiles</span> <span class='ocrx_word' id='word_1_224' title='bbox 1052 3183 1203 3268; x_wconf 87' lang='lat' dir='ltr'>eligitur,</span> <span class='ocrx_word' id='word_1_225' title='bbox 1236 3206 1344 3270; x_wconf 89' lang='lat' dir='ltr'>neque</span> <span class='ocrx_word' id='word_1_226' title='bbox 1379 3185 1521 3250; x_wconf 85' lang='lat' dir='ltr'>Nobilis</span> 
     </span>
     <span class='ocr_line' id='line_1_28' title="bbox 222 3291 1518 3376; baseline 0.002 -23"><span class='ocrx_word' id='word_1_227' title='bbox 222 3292 288 3353; x_wconf 88' lang='lat' dir='ltr'>nisi</span> <span class='ocrx_word' id='word_1_228' title='bbox 314 3312 373 3372; x_wconf 89' lang='lat' dir='ltr'>per</span> <span class='ocrx_word' id='word_1_229' title='bbox 400 3291 595 3373; x_wconf 88' lang='lat' dir='ltr'>Principem</span> <span class='ocrx_word' id='word_1_230' title='bbox 619 3299 761 3372; x_wconf 87' lang='lat' dir='ltr'>creatur,</span> <span class='ocrx_word' id='word_1_231' title='bbox 792 3299 894 3376; x_wconf 92' lang='lat' dir='ltr'>atque</span> <span class='ocrx_word' id='word_1_232' title='bbox 920 3291 1091 3375; x_wconf 87' lang='lat' dir='ltr'>dignitate</span> <span class='ocrx_word' id='word_1_233' title='bbox 1114 3291 1291 3356; x_wconf 84' lang='lat' dir='ltr'>nobilitari</span> <span class='ocrx_word' id='word_1_234' title='bbox 1323 3293 1518 3357; x_wconf 88' lang='lat' dir='ltr'>decoratur.</span> 
     </span>
    </p>

    <p class='ocr_par' dir='ltr' id='par_1_4' title="bbox 222 3396 1520 4014">
     <span class='ocr_line' id='line_1_29' title="bbox 331 3396 1520 3482; baseline -0.001 -20"><span class='ocrx_word' id='word_1_235' title='bbox 331 3399 397 3463; x_wconf 83' lang='lat' dir='ltr'>Tit.</span> <span class='ocrx_word' id='word_1_236' title='bbox 421 3399 480 3464; x_wconf 86' lang='lat' dir='ltr'>IV.</span> <span class='ocrx_word' id='word_1_237' title='bbox 504 3400 550 3463; x_wconf 87' lang='lat' dir='ltr'>Et</span> <span class='ocrx_word' id='word_1_238' title='bbox 584 3402 650 3463; x_wconf 91' lang='lat' dir='ltr'>ista</span> <span class='ocrx_word' id='word_1_239' title='bbox 674 3400 837 3464; x_wconf 87' lang='lat' dir='ltr'>donativa</span> <span class='ocrx_word' id='word_1_240' title='bbox 869 3399 1019 3480; x_wconf 88' lang='lat' dir='ltr'>libertas,</span> <span class='ocrx_word' id='word_1_241' title='bbox 1051 3421 1112 3482; x_wconf 89' lang='lat' dir='ltr'>per</span> <span class='ocrx_word' id='word_1_242' title='bbox 1143 3405 1312 3462; x_wconf 88' lang='lat' dir='ltr'>nostrates</span> <span class='ocrx_word' id='word_1_243' title='bbox 1350 3396 1520 3463; x_wconf 86' lang='lat' dir='ltr'>nobilitas</span> 
     </span>
     <span class='ocr_line' id='line_1_30' title="bbox 222 3505 1519 3588; baseline 0.002 -21"><span class='ocrx_word' id='word_1_244' title='bbox 222 3505 400 3586; x_wconf 89' lang='lat' dir='ltr'>apellatur,</span> <span class='ocrx_word' id='word_1_245' title='bbox 438 3505 528 3568; x_wconf 89' lang='lat' dir='ltr'>unde</span> <span class='ocrx_word' id='word_1_246' title='bbox 553 3507 676 3571; x_wconf 90' lang='lat' dir='ltr'>talium</span> <span class='ocrx_word' id='word_1_247' title='bbox 699 3506 868 3572; x_wconf 91' lang='lat' dir='ltr'>nobilium</span> <span class='ocrx_word' id='word_1_248' title='bbox 906 3505 979 3588; x_wconf 89' lang='lat' dir='ltr'>filii,</span> <span class='ocrx_word' id='word_1_249' title='bbox 1003 3509 1126 3570; x_wconf 88' lang='lat' dir='ltr'>merito</span> <span class='ocrx_word' id='word_1_250' title='bbox 1158 3505 1320 3570; x_wconf 87' lang='lat' dir='ltr'>haeredes</span> <span class='ocrx_word' id='word_1_251' title='bbox 1343 3515 1379 3570; x_wconf 88' lang='lat' dir='ltr'>et</span> <span class='ocrx_word' id='word_1_252' title='bbox 1417 3506 1519 3570; x_wconf 88' lang='lat' dir='ltr'>liberi</span> 
     </span>
     <span class='ocr_line' id='line_1_31' title="bbox 223 3613 1518 3698; baseline 0.002 -24"><span class='ocrx_word' id='word_1_253' title='bbox 223 3621 473 3696; x_wconf 85' lang='lat' dir='ltr'>nuncupantur,</span> <span class='ocrx_word' id='word_1_254' title='bbox 497 3621 532 3676; x_wconf 91' lang='lat' dir='ltr'>et</span> <span class='ocrx_word' id='word_1_255' title='bbox 555 3613 752 3678; x_wconf 90' lang='lat' dir='ltr'>huiusmodi</span> <span class='ocrx_word' id='word_1_256' title='bbox 777 3615 907 3679; x_wconf 89' lang='lat' dir='ltr'>nobiles</span> <span class='ocrx_word' id='word_1_257' title='bbox 932 3637 990 3697; x_wconf 91' lang='lat' dir='ltr'>per</span> <span class='ocrx_word' id='word_1_258' title='bbox 1013 3614 1186 3698; x_wconf 89' lang='lat' dir='ltr'>quandam</span> <span class='ocrx_word' id='word_1_259' title='bbox 1214 3616 1518 3696; x_wconf 88' lang='lat' dir='ltr'>participationem</span> 
     </span>
     <span class='ocr_line' id='line_1_32' title="bbox 223 3718 1517 3804; baseline 0.002 -23"><span class='ocrx_word' id='word_1_260' title='bbox 223 3728 257 3781; x_wconf 89' lang='lat' dir='ltr'>et</span> <span class='ocrx_word' id='word_1_261' title='bbox 290 3723 533 3784; x_wconf 86' lang='lat' dir='ltr'>connexionem</span> <span class='ocrx_word' id='word_1_262' title='bbox 558 3721 755 3784; x_wconf 87' lang='lat' dir='ltr'>immediate</span> <span class='ocrx_word' id='word_1_263' title='bbox 780 3721 1077 3804; x_wconf 90' lang='lat' dir='ltr'>praedeclaratam,</span> <span class='ocrx_word' id='word_1_264' title='bbox 1101 3718 1253 3784; x_wconf 89' lang='lat' dir='ltr'>membra</span> <span class='ocrx_word' id='word_1_265' title='bbox 1284 3741 1399 3784; x_wconf 86' lang='lat' dir='ltr'>sacrae</span> <span class='ocrx_word' id='word_1_266' title='bbox 1424 3743 1517 3784; x_wconf 74' lang='lat' dir='ltr'>coro</span> 
     </span>
     <span class='ocr_line' id='line_1_33' title="bbox 223 3827 1518 3912; baseline 0.002 -25"><span class='ocrx_word' id='word_1_267' title='bbox 223 3846 285 3888; x_wconf 88' lang='lat' dir='ltr'>nae</span> <span class='ocrx_word' id='word_1_268' title='bbox 309 3847 380 3888; x_wconf 90' lang='lat' dir='ltr'>esse</span> <span class='ocrx_word' id='word_1_269' title='bbox 404 3836 593 3910; x_wconf 89' lang='lat' dir='ltr'>censentur,</span> <span class='ocrx_word' id='word_1_270' title='bbox 616 3827 811 3912; x_wconf 89' lang='lat' dir='ltr'>nulliusque</span> <span class='ocrx_word' id='word_1_271' title='bbox 836 3835 970 3911; x_wconf 89' lang='lat' dir='ltr'>praeter</span> <span class='ocrx_word' id='word_1_272' title='bbox 986 3827 1156 3909; x_wconf 91' lang='lat' dir='ltr'>Principis</span> <span class='ocrx_word' id='word_1_273' title='bbox 1180 3827 1334 3912; x_wconf 89' lang='lat' dir='ltr'>legitime</span> <span class='ocrx_word' id='word_1_274' title='bbox 1360 3830 1518 3892; x_wconf 86' lang='lat' dir='ltr'>coronati</span> 
     </span>
     <span class='ocr_line' id='line_1_34' title="bbox 223 3931 563 4014; baseline 0.015 -21"><span class='ocrx_word' id='word_1_275' title='bbox 223 3931 368 3996; x_wconf 88' lang='lat' dir='ltr'>subsunt</span> <span class='ocrx_word' id='word_1_276' title='bbox 392 3937 563 4014; x_wconf 90' lang='lat' dir='ltr'>potestati.</span> 
     </span>
    </p>
   </div>
   <div class='ocr_carea' id='block_1_3' title="bbox 224 4040 1518 4664">
    <p class='ocr_par' dir='ltr' id='par_1_5' title="bbox 224 4040 1515 4213">
     <span class='ocr_line' id='line_1_35' title="bbox 330 4040 1515 4130; baseline 0.003 -25"><span class='ocrx_word' id='word_1_277' title='bbox 330 4041 397 4105; x_wconf 81' lang='lat' dir='ltr'>Tit.</span> <span class='ocrx_word' id='word_1_278' title='bbox 421 4042 485 4106; x_wconf 84' lang='lat' dir='ltr'>IX.</span> <span class='ocrx_word' id='word_1_279' title='bbox 514 4040 566 4107; x_wconf 87' lang='lat' dir='ltr'>De</span> <span class='ocrx_word' id='word_1_280' title='bbox 590 4046 745 4128; x_wconf 81' lang='lat' dir='ltr'>quotuor</span> <span class='ocrx_word' id='word_1_281' title='bbox 773 4040 1013 4129; x_wconf 73' lang='lat' dir='ltr'>privilegialis</span> <span class='ocrx_word' id='word_1_282' title='bbox 1038 4045 1070 4106; x_wconf 77' lang='lat' dir='ltr'>cl</span> <span class='ocrx_word' id='word_1_283' title='bbox 1090 4041 1296 4130; x_wconf 81' lang='lat' dir='ltr'>praecipuis</span> <span class='ocrx_word' id='word_1_284' title='bbox 1329 4041 1515 4109; x_wconf 86' lang='lat' dir='ltr'>Nobilium</span> 
     </span>
     <span class='ocr_line' id='line_1_36' title="bbox 224 4143 457 4213; baseline 0.013 -4"><span class='ocrx_word' id='word_1_285' title='bbox 224 4143 457 4213; x_wconf 79' lang='lat' dir='ltr'>libertatibus.</span> 
     </span>
    </p>

    <p class='ocr_par' dir='ltr' id='par_1_6' title="bbox 224 4258 1518 4557">
     <span class='ocr_line' id='line_1_37' title="bbox 330 4258 1518 4342; baseline 0.002 -22"><span class='ocrx_word' id='word_1_286' title='bbox 330 4259 494 4332; x_wconf 78' lang='lat' dir='ltr'>Quamvis</span> <span class='ocrx_word' id='word_1_287' title='bbox 519 4267 634 4322; x_wconf 88' lang='lat' dir='ltr'>autem</span> <span class='ocrx_word' id='word_1_288' title='bbox 658 4259 780 4322; x_wconf 90' lang='lat' dir='ltr'>horum</span> <span class='ocrx_word' id='word_1_289' title='bbox 804 4258 972 4322; x_wconf 90' lang='lat' dir='ltr'>nobilium</span> <span class='ocrx_word' id='word_1_290' title='bbox 1005 4259 1134 4322; x_wconf 89' lang='lat' dir='ltr'>multae</span> <span class='ocrx_word' id='word_1_291' title='bbox 1158 4261 1228 4323; x_wconf 87' lang='lat' dir='ltr'>sint</span> <span class='ocrx_word' id='word_1_292' title='bbox 1252 4258 1431 4323; x_wconf 86' lang='lat' dir='ltr'>libertates</span> <span class='ocrx_word' id='word_1_293' title='bbox 1458 4281 1518 4342; x_wconf 91' lang='lat' dir='ltr'>per</span> 
     </span>
     <span class='ocr_line' id='line_1_38' title="bbox 224 4364 1515 4450; baseline 0.003 -24"><span class='ocrx_word' id='word_1_294' title='bbox 224 4364 404 4447; x_wconf 84' lang='lat' dir='ltr'>privilegia</span> <span class='ocrx_word' id='word_1_295' title='bbox 437 4373 472 4428; x_wconf 91' lang='lat' dir='ltr'>et</span> <span class='ocrx_word' id='word_1_296' title='bbox 496 4367 758 4429; x_wconf 89' lang='lat' dir='ltr'>constitutiones</span> <span class='ocrx_word' id='word_1_297' title='bbox 782 4366 982 4448; x_wconf 90' lang='lat' dir='ltr'>Principum</span> <span class='ocrx_word' id='word_1_298' title='bbox 1006 4366 1205 4448; x_wconf 89' lang='lat' dir='ltr'>explicatae,</span> <span class='ocrx_word' id='word_1_299' title='bbox 1228 4373 1376 4450; x_wconf 89' lang='lat' dir='ltr'>quatuor</span> <span class='ocrx_word' id='word_1_300' title='bbox 1398 4375 1515 4430; x_wconf 86' lang='lat' dir='ltr'>tamen</span> 
     </span>
     <span class='ocr_line' id='line_1_39' title="bbox 224 4472 1298 4557; baseline 0.004 -25"><span class='ocrx_word' id='word_1_301' title='bbox 224 4481 404 4534; x_wconf 80' lang='lat' dir='ltr'>censentur</span> <span class='ocrx_word' id='word_1_302' title='bbox 432 4496 503 4536; x_wconf 89' lang='lat' dir='ltr'>esse</span> <span class='ocrx_word' id='word_1_303' title='bbox 528 4476 736 4556; x_wconf 86' lang='lat' dir='ltr'>praecipuae,</span> <span class='ocrx_word' id='word_1_304' title='bbox 760 4495 844 4557; x_wconf 88' lang='lat' dir='ltr'>quas</span> <span class='ocrx_word' id='word_1_305' title='bbox 867 4473 923 4536; x_wconf 90' lang='lat' dir='ltr'>hic</span> <span class='ocrx_word' id='word_1_306' title='bbox 952 4472 1148 4536; x_wconf 89' lang='lat' dir='ltr'>inserendas</span> <span class='ocrx_word' id='word_1_307' title='bbox 1172 4476 1298 4538; x_wconf 89' lang='lat' dir='ltr'>curavi.</span> 
     </span>
    </p>

    <p class='ocr_par' dir='ltr' id='par_1_7' title="bbox 331 4578 1516 4664">
     <span class='ocr_line' id='line_1_40' title="bbox 331 4578 1516 4664; baseline 0.003 -23"><span class='ocrx_word' id='word_1_308' title='bbox 331 4578 444 4642; x_wconf 87' lang='lat' dir='ltr'>Prima</span> <span class='ocrx_word' id='word_1_309' title='bbox 470 4583 661 4664; x_wconf 88' lang='lat' dir='ltr'>igiturest,</span> <span class='ocrx_word' id='word_1_310' title='bbox 685 4581 775 4664; x_wconf 89' lang='lat' dir='ltr'>quod</span> <span class='ocrx_word' id='word_1_311' title='bbox 799 4584 865 4663; x_wconf 90' lang='lat' dir='ltr'>ipsi</span> <span class='ocrx_word' id='word_1_312' title='bbox 889 4583 955 4644; x_wconf 92' lang='lat' dir='ltr'>nisi</span> <span class='ocrx_word' id='word_1_313' title='bbox 979 4583 1077 4644; x_wconf 90' lang='lat' dir='ltr'>citati</span> <span class='ocrx_word' id='word_1_314' title='bbox 1110 4581 1167 4646; x_wconf 83' lang='lat' dir='ltr'>vel</span> <span class='ocrx_word' id='word_1_315' title='bbox 1190 4582 1305 4644; x_wconf 85' lang='lat' dir='ltr'>vocati</span> <span class='ocrx_word' id='word_1_316' title='bbox 1327 4579 1516 4664; x_wconf 90' lang='lat' dir='ltr'>ordineque</span> 
     </span>
    </p>
   </div>
   <div class='ocr_carea' id='block_1_4' title="bbox 0 0 1583 5202">
    <p class='ocr_par' dir='ltr' id='par_1_8' title="bbox 0 0 1583 5202">
     <span class='ocr_line' id='line_1_41' title="bbox 0 0 1583 5202; baseline 0 0"><span class='ocrx_word' id='word_1_317' title='bbox 0 0 1583 5202; x_wconf 95' lang='lat' dir='ltr'> </span> 
     </span>
    </p>
   </div>
  </div>
 </body>
</html>
