3182 5212
189 365 257 430 734

189 571 366 647 pensetur:
394 563 472 628 ideo
504 563 587 628 haec
610 563 751 648 quidem
782 563 878 628 Bona
911 567 948 628 in
979 566 1047 630 alio
1080 587 1140 650 pro
1172 566 1327 652 generali
1358 567 1482 632 Funde

188 671 389 736 Studiorum
412 669 572 754 expedito
596 670 792 754 Diplomate
816 671 929 736 eidem
951 672 1075 737 Funde
1100 672 1247 759 benigne
1264 674 1482 758 contulimus,

188 781 225 846 in
248 781 360 844 vicem
383 785 500 842 autem
522 797 640 842 eorum
664 776 838 861 praefatae
854 778 1086 844 Universitati
1101 780 1255 844 Budensi
1270 781 1484 864 praedictam

187 885 376 950 Abbatiam
398 885 527 950 Beatae
551 897 713 953 MARIAE
737 885 892 970 Virginis
916 885 958 948 de
983 884 1121 970 Sexdrd,
1159 886 1163 968 Ι
1198 887 1372 972 Oppidum
1387 887 1484 952 vide-

188 994 271 1060 licet
310 992 449 1076 Sexdrd,
481 1014 544 1056 nee
576 1013 646 1056 non
678 992 910 1056 Possessiones
943 992 1106 1079 Edtseny,
1144 995 1245 1079 Mdss,
1283 992 1412 1081 Agdrd,
1446 1004 1483 1058 et

187 1099 357 1184 Grabocz,
384 1100 530 1166 Praedia
567 1102 652 1164 item
684 1097 807 1184 Janya,
839 1098 959 1183 Ebecs,
991 1099 1120 1185 Almds,
1151 1101 1238 1186 Ioue,
1270 1102 1412 1186 Palank,
1445 1111 1483 1166 et

187 1205 304 1274 Adaez
329 1207 519 1272 Comitatui
542 1207 713 1292 Tolnensi,
736 1231 798 1272 nec
821 1229 891 1272 non
906 1209 1158 1274 Possessionem
1173 1211 1274 1276 Faisz
1291 1211 1484 1277 Comitatui

187 1316 358 1380 Pestiensi
381 1311 586 1399 adjacentes,
610 1337 688 1380 cum
711 1314 891 1399 quibusvis
907 1315 950 1379 ad
967 1315 1110 1381 eandem
1125 1315 1314 1382 Abbatiam
1332 1339 1483 1403 quocun-

188 1444 253 1507 que
286 1423 388 1487 modo
420 1421 656 1505 spectantibus
689 1423 923 1506 Pertinentiis,
955 1423 1059 1487 titulo
1091 1430 1274 1507 perpetuae
1308 1424 1418 1506 Dotis,
1445 1434 1482 1490 et

188 1529 418 1594 Fundationis
452 1551 530 1594 eum
562 1531 656 1594 omni
688 1530 712 1594 J
714 1551 773 1594 ure
805 1530 926 1614 Regio,
958 1532 988 1594 si
1020 1529 1112 1614 quod
1145 1533 1182 1595 in
1213 1533 1337 1598 iisdem
1375 1533 1482 1598 Bonis

188 1635 433 1701 Abbatialibus
465 1636 549 1700 alias
582 1640 688 1701 etiam
720 1636 1003 1723 qualitercunque
1036 1635 1247 1724 haberemus,
1270 1647 1305 1704 et
1329 1647 1484 1704 nostram

187 1751 430 1810 concernerent
455 1743 683 1828 Maiestatem,
708 1742 854 1827 benigne
879 1744 1053 1830 donamus,
1078 1752 1113 1810 et
1136 1747 1344 1812 conferimus
1372 1748 1482 1828 (salvo

186 1851 273 1918 Jure
296 1852 430 1931 alieno).
445 1852 561 1916 'Porro
586 1851 732 1930 erorto:
761 1850 849 1916 Cum
880 1850 1105 1918 Academiam
1135 1875 1270 1940 quoque
1302 1855 1482 1920 Nobilium

187 1963 324 2024 nomine
348 1957 474 2024 'nostro
510 1961 720 2045 insignitam,
753 1961 850 2022 iuxta
883 1981 931 2042 ea,
964 1982 1051 2044 quae
1083 1983 1185 2044 supra
1217 1971 1482 2028 commemorata

187 2075 277 2150 sunt,
301 2070 338 2132 in
361 2068 484 2132 iisdem
507 2089 585 2132 cum
609 2068 845 2133 Universitate
864 2067 976 2153 Regia
991 2067 1176 2133 Aedeficiis
1192 2071 1482 2156 collocaverimus,

188 2174 528 2261 fundationalemque
552 2174 727 2240 Summam
742 2197 891 2240 annuam
915 2175 1071 2241 Sedecim
1093 2177 1245 2242 Millium
1267 2178 1481 2260 florenorum,

187 2303 229 2345 ex
254 2281 357 2346 Cassa
381 2282 637 2366 Universitatis,
660 2285 758 2346 iuxta
781 2283 1051 2348 Fundationales
1074 2305 1135 2368 pro
1159 2284 1278 2350 eadem
1294 2284 1480 2350 Academia

189 2390 408 2472 peculiariter
434 2390 621 2474 expeditae,
648 2390 692 2454 ad
716 2412 836 2454 manus
869 2390 1057 2455 Direotoris
1090 2389 1243 2475 ejusdem
1274 2391 1480 2458 Academiae

186 2499 253 2561 rite
278 2497 538 2580 persolvendam
561 2519 597 2560 re
620 2496 624 2578 l
644 2497 864 2578 solverimus;
887 2498 946 2562 sed
970 2505 1006 2563 et
1029 2498 1097 2562 alia
1121 2519 1224 2563 onera
1248 2503 1304 2583 pia
1323 2502 1361 2563 in
1381 2523 1480 2584 pecu-

188 2605 330 2670 liaribus
355 2611 495 2668 eatenus
520 2603 623 2668 editis
647 2603 930 2669 Resolutionibus
953 2613 1125 2688 contenta,
1149 2608 1276 2690 partim
1290 2629 1333 2672 ex
1345 2608 1481 2673 Rediti-

188 2714 250 2778 bus
275 2714 398 2776 annuis
422 2708 575 2794 ejusdem
599 2711 846 2777 Universitatis
871 2712 1104 2796 persolvenda,
1129 2715 1256 2796 partim
1279 2735 1361 2778 vero
1384 2723 1480 2780 uota-

187 2819 274 2883 biles
298 2819 471 2902 Capitales
495 2818 652 2884 Summas
675 2819 719 2882 ad
743 2839 820 2883 suos
849 2821 1039 2884 destinatos
1071 2821 1156 2886 fines
1189 2845 1231 2886 ex
1265 2821 1480 2907 Capitalibus

188 2927 438 2993 Universitatis
461 2949 503 2991 ex
523 2928 527 3008 Ι
550 2927 646 3010 solvi,
670 2931 705 2990 et
729 2928 907 3012 signanter
938 2928 1092 3013 generali
1124 2930 1247 2994 Funde
1279 2929 1480 2996 Studiorum

187 3035 459 3099 aestimationale
483 3036 640 3100 Pretium
663 3033 790 3118 Oppidi
814 3034 965 3120 Somogy
980 3034 1172 3102 Comitatui
1189 3036 1479 3122 Aba-Ujvariensi

188 3143 395 3227 ingramiati,
411 3149 514 3226 atque
532 3139 677 3206 fundato
693 3163 754 3224 per
769 3141 839 3206 Nos
855 3141 1080 3225 Episcopatui
1092 3143 1321 3209 Rosnaviensi
1331 3167 1372 3208 ex
1383 3157 1480 3228 parte

186 3249 356 3336 generalis
385 3249 502 3313 Fundi
529 3248 731 3313 Studiorum
763 3251 856 3332 cessi,
889 3248 1068 3314 bonificari
1100 3249 1299 3332 fecerimus3
1332 3251 1479 3339 denique

188 3375 248 3440 pro
271 3355 449 3420 Aedificiis
472 3358 578 3420 etiam
605 3356 853 3421 Universitatis
880 3359 1089 3440 anticipatus
1113 3358 1296 3424 nonnullae
1320 3357 1480 3427 Summae

188 3463 422 3529 bonificandae
445 3462 593 3546 fuerint;
617 3486 703 3548 quae
727 3467 840 3528 omnia
864 3466 901 3528 in
925 3464 1135 3529 conficiendo
1158 3473 1298 3532 eatenus
1315 3468 1481 3550 peculiari

188 3572 399 3654 computuali
436 3572 672 3635 instrumento
711 3571 850 3634 uberius
889 3571 1176 3654 continebuntur3
1216 3575 1301 3657 idea,
1340 3585 1380 3640 ut
1418 3600 1480 3662 pro

187 3679 344 3743 omnibus
369 3679 422 3742 his
447 3680 641 3761 praemissis
665 3678 785 3742 eadem
808 3678 1027 3744 Universitas
1059 3680 1223 3746 Fundum
1255 3704 1422 3767 securum,
1444 3692 1480 3748 et

187 3785 417 3849 sufficientem
439 3786 666 3868 nanciscatur,
694 3783 883 3850 Abbatiam
911 3785 1040 3850 Beatae
1068 3799 1229 3855 MARIAE
1257 3789 1413 3875 Virginis
1437 3792 1479 3855 de

187 3891 409 3957 Pe'ch-Varad
427 3914 487 3973 per
502 3891 677 3956 decessum
693 3892 852 3977 Hugonis
868 3892 1045 3957 Francisci
1061 3894 1177 3960 Caroli
1192 3893 1225 3959 S.
1235 3895 1277 3959 R.
1291 3895 1317 3960 I.
1335 3895 1479 3962 Comitis

186 4000 231 4064 ab
254 3999 576 4082 Elea-Kempenich,
600 3999 716 4064 ultimi
739 4001 891 4064 eiusdem
915 3998 1087 4064 Abbatiae
1107 4001 1258 4087 legitimi
1272 4003 1480 4069 Possessoris

187 4109 230 4173 ad
246 4129 307 4172 nos
323 4107 410 4173 deuo
433 4108 437 4186 1
458 4107 576 4185 lutam,
595 4130 637 4171 ex
656 4129 787 4172 summo
807 4109 831 4173 J
833 4131 892 4172 ure
912 4108 1129 4192 Patronatus,
1147 4111 1239 4195 quod
1257 4131 1325 4196 qua
1343 4111 1479 4198 Regina

188 4216 388 4300 Hungariae
411 4212 610 4297 Apostolica
635 4236 838 4296 exercemus
862 4221 965 4300 atque
986 4217 1091 4280 etiam
1110 4239 1152 4280 ex
1171 4218 1361 4282 inviatione
1380 4239 1480 4303 saepe

187 4323 286 4386 citati
314 4319 466 4386 Articuli
493 4321 696 4387 Duodecimi
724 4322 901 4386 Millesimi
928 4325 1198 4408 quingentesimi
1225 4324 1480 4410 quadragesimi

186 4432 321 4496 octavi.
339 4481 346 4495 .
362 4481 369 4495 .
386 4483 393 4496 .

295 4541 327 4618 (a
347 4537 512 4624 jdszdgok
535 4537 774 4618 reszleteze'se.)
