3144 5218
224 375 291 441 564

224 574 408 659 dringenta
424 581 459 638 et
474 576 664 660 nonaginta
680 575 798 659 millia,
822 583 857 640 et
881 577 1082 662 octuaginta
1105 574 1319 642 florenorum.
1342 575 1521 654 Quantum

223 703 308 747 vero
340 681 579 746 Praesidiariis
612 680 794 746 Germanis
825 682 988 766 solvatur,
1020 684 1144 766 nasein,
1182 705 1260 747 cum
1291 704 1409 750 eorum
1441 683 1523 748 aliis

226 789 311 874 plus,
343 788 421 854 aliis
453 789 567 852 minus
600 788 704 871 pendi
736 788 853 873 soleat,
892 795 976 873 puto
1009 795 1126 855 tamen
1157 790 1357 874 adaequare,
1388 793 1418 854 si
1450 813 1523 856 non

225 896 389 962 excedere
413 917 530 960 eorum
554 895 760 962 solutionem
776 895 821 978 id,
844 896 936 982 quod
961 894 1125 980 praefatis
1141 897 1319 983 Hungaris
1332 905 1367 962 et
1383 897 1524 964 Oroatis

227 1004 401 1088 peditibus
424 1005 580 1088 solvitur,
612 1004 695 1068 licet
717 1003 779 1069 hos
802 1004 991 1069 Germanos
1014 1003 1152 1088 militae,
1185 1027 1264 1070 cum
1286 1007 1330 1070 iis
1351 1007 1523 1072 victualia

225 1113 331 1174 etiam
354 1108 668 1194 subministrentur,
691 1119 809 1195 putem
834 1132 938 1194 posse,
963 1110 1180 1194 paucioribus
1202 1115 1308 1178 etiam
1331 1115 1455 1180 exolvi.

334 1215 475 1282 Summa
499 1238 709 1282 summarum
732 1220 849 1302 itaque
874 1217 1055 1282 solutionis
1078 1219 1314 1304 gregariorum
1337 1242 1397 1284 seu
1420 1221 1524 1287 Com-

226 1327 382 1389 munium
414 1323 575 1404 militum,
607 1327 815 1407 computatis
847 1327 953 1388 etiam
982 1323 1164 1390 Germanis
1188 1325 1272 1391 facit
1296 1350 1356 1411 per
1378 1329 1523 1396 Annum

226 1435 426 1517 octingenta
458 1438 493 1495 et
518 1432 647 1517 viginti
679 1439 756 1495 octo
788 1431 907 1516 millia,
930 1454 970 1496 ao
993 1439 1165 1497 trecentos
1196 1433 1341 1500 florenos
1373 1439 1525 1506 circiter.

227 1540 336 1603 Extra
358 1539 421 1606 hos
443 1541 619 1624 gregarios
652 1539 781 1603 milites
812 1547 894 1604 sunt
917 1541 1056 1622 ipsimet
1081 1541 1275 1626 Generales,
1298 1551 1334 1608 et
1357 1544 1417 1608 alii
1443 1555 1525 1629 post

225 1646 429 1712 Generalem
460 1644 606 1730 majores
638 1655 674 1712 et
697 1649 844 1712 minores
877 1646 1060 1732 Officiales,
1092 1669 1239 1734 quorum
1270 1653 1300 1715 si
1333 1653 1525 1719 solutiones

221 1750 324 1836 juxta
347 1753 551 1840 qualitatem
574 1752 776 1839 officiorum,
798 1758 1086 1840 vocationumque
1114 1779 1253 1822 suarum
1276 1761 1359 1841 ipsis
1382 1759 1525 1825 debitae

226 1861 256 1924 si
279 1861 336 1925 vel
368 1861 491 1926 saltem
523 1861 567 1926 ad
600 1862 853 1948 quadringenta
885 1863 995 1927 millia
1027 1862 1233 1929 florenorum
1268 1875 1527 1950 computentur,

225 1975 342 2033 tamen
365 1969 414 2032 sio
438 1970 543 2032 etiam
567 1971 604 2032 in
627 1971 827 2033 universum
859 1972 1067 2053 computatis
1100 1970 1328 2037 solutionibus
1359 1973 1526 2038 confinia-

227 2079 357 2141 riorum
382 2074 515 2143 faciunt
537 2098 644 2140 unum
676 2076 874 2161 millionem,
900 2079 1049 2143 ducenta
1072 2087 1107 2143 et
1126 2079 1316 2145 octodecim
1339 2083 1457 2166 millia,
1481 2106 1526 2147 ac

226 2191 397 2247 trecentos
428 2185 567 2247 circiter
598 2182 804 2248 florenorum
836 2187 990 2268 exceptis
1013 2188 1278 2272 erogationibus,
1302 2210 1388 2274 quae
1413 2212 1527 2254 annu·

226 2292 312 2354 atim
335 2292 378 2355 ad
403 2292 611 2354 munitiones
636 2289 870 2355 Ooufiniorum
892 2289 990 2356 fiunt.

333 2399 385 2463 De
409 2397 638 2463 solutionibus
661 2420 744 2462 vero
770 2398 1005 2463 Confiniorum
1025 2409 1286 2484 praetentorum,
1306 2401 1417 2486 qualis
1437 2401 1524 2466 olim

227 2515 300 2571 erat
324 2505 504 2588 ordinati0,
529 2506 670 2569 memini
693 2509 849 2588 superius
880 2527 1024 2591 quoque,
1057 2506 1308 2572 nonobstante
1340 2515 1456 2572 tamen
1481 2530 1527 2573 eo

228 2615 357 2698 placuit
380 2613 437 2678 hio
463 2617 570 2678 etiam
602 2614 746 2700 eandem
769 2623 931 2698 repetere,
964 2614 1187 2700 defectusque
1210 2615 1263 2699 ob,
1286 2637 1355 2681 non
1378 2620 1525 2701 praesti-

227 2733 299 2788 tam
333 2723 538 2787 solutionem
575 2723 750 2787 nonnullis
789 2722 955 2787 Confiniis
995 2727 1193 2808 praecipuis,
1232 2725 1389 2810 malaque
1424 2723 1525 2789 illinc

227 2838 351 2915 secuta,
382 2837 417 2893 et
448 2829 628 2914 sequenda,
661 2833 729 2894 nisi
760 2829 929 2914 obvietur,
962 2851 1147 2916 causasque
1179 2852 1297 2896 eorum
1329 2831 1523 2913 nonnullas,

226 2944 415 3002 annectere.
448 2936 495 3000 Et
527 2935 667 3020 quidem
705 2938 816 3021 quoad
851 2936 1007 3002 Confinia
1041 2937 1216 3002 Oroatiae:
1250 2937 1309 3003 illa
1340 2938 1524 3004 solvebant

228 3043 407 3108 Oarinthia
440 3051 475 3108 et
509 3043 691 3126 Carniolia,
729 3045 840 3129 quoad
879 3044 1083 3110 hodiernum
1121 3066 1229 3129 usque
1261 3046 1361 3130 diem,
1392 3045 1525 3131 absque

227 3150 373 3235 querela,
397 3158 437 3214 ut
460 3150 609 3234 inaudi0,
634 3159 817 3233 praestant.

288 3255 289 3258 ’
336 3256 492 3322 Confinia
508 3278 590 3322 vero
606 3257 787 3323 Slavoniae
806 3259 962 3325 solvebat
982 3259 1107 3345 Styria,
1130 3260 1222 3344 quod
1247 3267 1377 3344 prestat
1400 3259 1527 3346 adhuc,

228 3374 267 3430 ut
291 3365 459 3450 intellige,
483 3368 556 3429 sine
580 3366 726 3450 querela.

336 3471 492 3537 Confinia
524 3473 677 3556 Banalia,
710 3481 831 3557 utpote
864 3483 1035 3540 trecentos
1059 3483 1095 3539 et
1119 3479 1338 3561 septuaginta
1368 3478 1526 3561 quinque

228 3581 361 3664 pedites
384 3581 578 3665 Hungaros,
611 3581 716 3645 solvit
749 3603 894 3668 regnum
917 3581 1107 3648 Slavoniae.
1133 3584 1326 3664 Jaurinum,
1349 3590 1384 3646 et
1408 3593 1524 3648 cetera

227 3689 449 3758 adhaerentia
473 3689 620 3753 confinia
644 3689 749 3755 solvit
772 3689 923 3774 Austria,
946 3714 1033 3776 quae
1050 3694 1079 3755 11
1102 3692 1286 3777 aliquando
1310 3688 1399 3754 forte
1423 3692 1524 3756 diffe-

227 3803 291 3878 rat,
315 3795 451 3879 supplet
475 3803 591 3859 tamen
614 3795 788 3861 defectum
811 3797 878 3861 alio
903 3807 1065 3882 tempore.

335 3902 416 3968 Alia
449 3926 530 3968 vero
565 3902 731 3988 Oonfinia,
763 3913 803 3969 ut
827 3915 907 3970 sunt
931 3907 1084 3990 Bannlia,
1117 3906 1260 3971 Canisae
1289 3908 1455 3990 opposita,
1479 3907 1522 3970 ad

227 4013 363 4078 Novam
400 4009 527 4074 Arcem
566 4014 764 4095 spectantia,
803 4015 840 4076 in
876 4012 1098 4098 partibusque
1136 4013 1252 4098 Regni
1290 4011 1527 4095 superioribus

228 4121 425 4201 existentia,
445 4120 498 4181 uti
511 4121 616 4182 etiam
633 4116 885 4183 Comaromium
902 4122 938 4184 in
954 4119 1110 4203 partibus
1125 4119 1340 4184 Danubianis
1356 4122 1524 4185 incertam

227 4226 356 4291 habent
381 4226 596 4308 solutionem,
622 4225 747 4310 quibus
771 4227 853 4290 olim
877 4227 1003 4292 solutio
1027 4227 1242 4311 pendebatur
1265 4249 1325 4310 per
1342 4227 1524 4309 Bohemos,

228 4335 387 4398 Morav‘os
414 4341 449 4397 et
473 4332 638 4416 Silesitas,
663 4356 740 4397 cum
764 4355 895 4399 summa
919 4335 1140 4400 alleviatione
1164 4335 1294 4421 Regiae
1317 4335 1411 4416 Mtis,
1435 4357 1524 4420 quae

227 4463 296 4506 non
320 4441 567 4506 molestabatur
592 4463 652 4525 pro
677 4441 855 4526 solutione,
888 4449 927 4506 ut
947 4441 1021 4526 jam
1044 4441 1094 4526 fit,
1118 4443 1260 4507 simulac
1285 4441 1525 4506 satisfactione

228 4551 334 4612 etiam
366 4547 634 4633 Regnicolarum
668 4550 760 4611 inter
797 4569 882 4632 quos
916 4548 959 4613 ob
992 4548 1056 4613 hoc
1088 4557 1205 4614 tantae
1239 4547 1456 4613 confusiones
1489 4557 1525 4611 et

227 4656 386 4741 querelae
411 4676 481 4719 non
504 4663 611 4723 erant.
634 4654 809 4732 Quantum
832 4677 914 4720 vero
929 4655 1013 4720 haee
1038 4655 1203 4740 Oonfinia,
1218 4677 1306 4742 quae
1321 4657 1526 4740 praesertim
