3144 5218
220 374 286 437 538

275 601 456 669 articulus
482 599 589 669 XVll.
615 601 668 668 De
693 601 794 668 bonis
818 601 1082 684 Saecularibus,
1113 601 1370 670 Ecclesiastico
1395 623 1475 669 uon

732 708 994 776 abalienandic.

326 875 378 938 De
402 873 501 937 bonis
523 872 754 938 saecularibus
779 873 1018 938 ecclesiasticis
1051 893 1121 938 non
1153 873 1398 957 abalienandis,
1422 873 1519 941 decr.

220 981 377 1045 Andreae
401 981 446 1045 ΙΙ.
472 1003 531 1063 per
554 980 771 1046 Ludovicum
794 982 821 1046 Ι.
855 981 947 1046 iacta
979 979 1194 1046 confirmatio
1226 981 1446 1065 approbatur,
1485 990 1515 1044 et

219 1171 434 1240 criminalibus
462 1180 534 1244 puta
553 1173 714 1228 homicidio
733 1174 906 1242 deliberato,
926 1173 1069 1227 villarum
1088 1172 1292 1227 combustione
1313 1171 1467 1241 furtoque,
1489 1181 1518 1225 et

219 1263 332 1332 rapina,
352 1280 404 1316 seu
424 1263 590 1332 latrocinio,
610 1269 700 1334 atque
719 1265 811 1318 otiam
830 1263 957 1318 violenti
977 1263 1189 1316 adulterio...

328 1351 448 1406 Ulaszlo'
461 1351 537 1406 decr.
551 1353 576 1405 3.
590 1355 633 1420 60,
647 1354 700 1423 igy
713 1352 862 1424 hangzik:
882 1353 919 1406 In
932 1354 1030 1407 causis
1043 1351 1181 1406 Seculare
1194 1351 1293 1406 iorum
1309 1349 1516 1420 tangentibus,

219 1441 370 1494 neminem
389 1441 585 1511 Regnicolam
605 1441 786 1512 Presbyteri,
806 1442 855 1496 vel
874 1442 928 1495 alii
955 1443 1132 1514 quicunque,
1152 1442 1246 1494 citare
1265 1447 1458 1510 praesumant
1479 1439 1515 1492 ad

217 1529 364 1599 judicium
384 1530 554 1601 spirituale.
578 1531 632 1584 Sed
652 1533 678 1585 si
697 1531 845 1602 ignobiles
872 1534 935 1587 sint
963 1531 1094 1600 citandi;
1114 1531 1145 1583 in
1165 1529 1363 1602 praesentiam
1391 1527 1515 1581 Domini

220 1621 388 1674 terrestria:
408 1619 439 1672 Si
458 1637 528 1674 vcro
551 1619 691 1689 Nobiles;
720 1621 751 1674 in
771 1624 971 1692 praesentiam
1000 1619 1133 1689 Comitis,
1162 1619 1211 1673 vel
1240 1617 1463 1685 Vico-Comitia,
1486 1625 1515 1671 et

220 1707 357 1764 Indicum
379 1711 534 1764 Nobilium
553 1711 637 1763 illius
656 1709 832 1782 Comitatus,
851 1713 882 1764 in
897 1727 954 1783 quo
967 1710 1044 1763 tales
1057 1709 1170 1762 citandi
1190 1713 1419 1772 commorantur,
1440 1705 1515 1776 legi-

220 1799 293 1852 time
311 1801 512 1870 requirantur.

327 1891 354 1942 A
385 1891 429 1945 61.
461 1891 675 1946 Articolusbril:
708 1888 826 1943 Iudices
859 1888 1044 1959 Spirituales,
1082 1889 1231 1942 neminem
1263 1885 1444 1957 compellant
1476 1887 1514 1938 ad

219 1977 455 2048 respondendum
484 1994 583 2030 coram
602 1993 632 2030 se
652 1979 683 2030 in
704 1979 801 2031 causis
820 1978 961 2048 profanis,
983 1977 1039 2032 sub
1064 1995 1158 2048 poena
1185 1975 1515 2042 excommunicationis,

219 2068 267 2121 vel
287 2069 384 2121 aliter.
405 2068 548 2138 Alioquin
568 2068 647 2136 dato,
677 2068 753 2140 quod
783 2067 930 2138 quispiam
959 2065 1119 2135 hominem,
1148 2083 1247 2120 errore
1272 2064 1321 2118 vel
1340 2064 1516 2136 ignorantia

219 2158 335 2225 (lncttm,
356 2157 404 2211 vel
427 2163 509 2210 metu
529 2159 697 2210 sententiae
716 2155 910 2227 respondeat,
929 2156 1043 2209 nullius
1062 2155 1124 2209 sint
1143 2156 1295 2209 momenti.

328 2249 355 2300 A
375 2247 504 2316 Tripart.
525 2247 556 2298 P.
577 2247 600 2299 I.
621 2247 741 2300 Titulus
762 2247 803 2300 12.
823 2246 933 2298 czime:
952 2243 1036 2309 Quod
1055 2261 1158 2298 omnes
1186 2244 1306 2298 Domini
1329 2242 1463 2296 Praelati
1482 2247 1516 2295 et

221 2353 362 2406 personae
391 2335 619 2390 Ecclesiasticae
648 2335 726 2405 Regi
744 2340 847 2388 nostro
866 2333 903 2386 ari
922 2333 1080 2388 fidelitatis
1098 2333 1272 2404 homagium
1301 2331 1515 2404 praestandum

219 2423 410 2493 obligentur:
430 2424 470 2477 Et
488 2425 567 2494 quod
585 2425 703 2478 ratione
731 2424 875 2478 bonorum
895 2424 1115 2494 temporalium,
1140 2441 1239 2477 coram
1258 2421 1412 2476 Iudicibus
1430 2437 1515 2474 secu-

219 2513 332 2566 laribus
342 2513 405 2582 juri
417 2521 498 2568 stare
511 2519 678 2567 teneantur.
699 2515 725 2566 A
746 2513 874 2584 Tripart.
895 2514 977 2568 Pars.
997 2513 1037 2567 II.
1051 2514 1110 2566 Tit.
1123 2513 1221 2567 47-be
1240 2511 1381 2566 ide'zztlk:
1401 2511 1432 2563 Si
1453 2527 1515 2563 una

220 2618 343 2670 persona
371 2603 554 2673 capitularia,
582 2602 657 2656 bona
677 2603 886 2670 haereditaria,
906 2609 937 2655 et
955 2604 1135 2672 patrimonia
1154 2607 1292 2672 separata
1311 2617 1370 2654 non
1390 2600 1514 2666 habens,

218 2691 251 2742 in
270 2691 395 2744 emenda
414 2692 460 2744 sui
481 2693 588 2762 capitis
608 2693 810 2762 convincetur,
830 2693 878 2746 vel
899 2695 930 2747 in
949 2693 1101 2747 refusione
1126 2693 1226 2747 damni
1255 2690 1514 2758 condemnabitur,

220 2779 341 2833 ...ideo
366 2780 402 2833 de
422 2781 616 2850 proventibus
636 2781 782 2850 beneficii,
803 2782 934 2851 ejusdem
954 2783 1130 2852 capitularis
1149 2784 1290 2850 convicti,
1309 2797 1363 2852 per
1381 2781 1515 2851 reliquos

219 2869 409 2939 capitulares
423 2871 527 2937 actori,
546 2887 635 2940 super
654 2871 766 2926 eisdem
784 2871 873 2925 rebus
892 2871 1033 2938 obtentio,
1053 2872 1220 2926 satisfactio
1240 2877 1286 2926 est
1305 2870 1513 2941 impendenda.

219 2963 262 3012 ΑΖ
284 2960 360 3012 1609.
380 2957 411 3012 es
432 2959 558 3014 1613-iki
578 2959 702 3012 czikkek
715 2977 733 3012 a
746 2960 892 3014 violentia
911 2960 942 3016 e's
960 2963 1115 3032 occupatio
1135 2961 1279 3015 bonorum
1298 2962 1405 3015 eseteit
1426 2960 1513 3014 hata-

218 3047 324 3102 rozzak
344 3065 411 3119 meg
430 3046 462 3101 <is
480 3066 498 3102 a
517 3053 656 3102 nevezett
676 3049 833 3119 flgyekbon
853 3049 921 3103 valo
940 3050 1015 3104 binii
1035 3050 1158 3120 eljartst
1176 3049 1334 3121 allapltjbk
1354 3066 1430 3120 meg.

326 3140 370 3191 Aa
385 3138 512 3192 1644-iki
533 3137 627 3207 tokaji
646 3137 754 3209 gyilles
773 3156 790 3191 a
809 3145 893 3191 szent
911 3138 1064 3193 szekekrb'l
1084 3139 1136 3210 igy
1150 3138 1355 3210 nyilatkozik:
1377 3138 1512 3208 plerique

219 3233 378 3300 praetextu
406 3228 589 3282 turbationis
616 3228 772 3298 religionis
800 3227 1110 3296 romano-catholicae,
1143 3229 1210 3282 odio
1237 3229 1395 3298 religionis
1422 3245 1512 3281 evan-

218 3319 333 3388 gelicae
352 3319 384 3371 in
403 3319 474 3371 lites
492 3317 732 3386 adtraherentur,
752 3317 920 3387 actorisque
939 3317 1030 3371 simul
1044 3323 1074 3370 et
1087 3317 1195 3370 iudicis
1214 3333 1339 3388 persona
1357 3317 1462 3371 eodem
1480 3319 1510 3370 in

219 3409 340 3478 negotio
360 3409 409 3478 agi
433 3407 589 3475 videatur;
609 3424 644 3460 ac
658 3406 735 3477 quod
749 3407 840 3460 etiam
855 3407 886 3460 in
905 3405 1179 3462 matrimonialibus
1197 3423 1257 3460 non
1276 3405 1362 3460 modo
1377 3423 1511 3460 romano-

219 3497 384 3551 catholicae
404 3497 454 3551 sed
474 3498 564 3550 etiam
594 3496 786 3566 evangelicae
815 3497 1009 3550 confessionis
1038 3511 1229 3566 personarum
1257 3511 1360 3550 causas
1379 3496 1511 3549 iudicare

218 3591 468 3640 assumerent...
488 3587 614 3656 cupiunt
633 3586 801 3655 praenotati
820 3585 934 3638 domini
953 3585 1122 3655 regnicolae
1136 3590 1171 3637 nt
1185 3601 1289 3638 causas
1308 3586 1510 3640 matrimonia·

218 3677 261 3730 les
280 3681 434 3746 tamqnam
462 3675 499 3728 ad
521 3676 773 3728 conscientiarum
801 3673 973 3727 libertatem
1002 3674 1186 3743 pertinentes
1214 3675 1294 3727 inter
1322 3675 1510 3746 evangelicos

218 3767 301 3820 sedes
314 3765 482 3835 spiritualis
495 3763 847 3817 romano-catholicorum
860 3763 993 3816 iudicare
1003 3763 1039 3816 de
1049 3769 1167 3816 caetero
1180 3763 1338 3817 abstineat.
1353 3763 1509 3834 (Szilbgyn

219 3856 305 3908 Linzi
325 3853 420 3924 beke.)

326 3947 353 3997 A
380 3943 607 4014 nagyszombati
639 3941 831 4013 ttrgyalasok
864 3939 1046 3994 alkalmaval
1074 3957 1092 3992 a
1119 3939 1334 3993 katholikusok
1365 3955 1433 3993 erre
1460 3941 1508 4010 igy

218 4033 420 4088 virlaszoltak:
449 4031 551 4098 Quoad
577 4033 676 4086 sedem
694 4031 891 4103 spiritualem,
920 4030 1064 4081 miramur
1090 4029 1181 4081 etiam
1200 4027 1277 4098 quod
1296 4043 1334 4080 ex
1354 4044 1410 4080 vra
1429 4039 1508 4098 parte

219 4129 409 4192 propugnant
438 4123 535 4194 (iuxta
567 4124 694 4176 citatum
726 4121 888 4174 art-iculum
917 4120 941 4172 7.
970 4136 1031 4188 pac.
1061 4118 1168 4188 Viam),
1196 4117 1294 4171 sedem
1322 4118 1507 4187 spiritualem

218 4228 338 4265 manere
365 4211 480 4280 debere,
500 4219 530 4264 et
549 4213 575 4264 si
594 4211 687 4282 aliqui
717 4211 826 4264 abusus
854 4209 1051 4278 irrepsissent,
1081 4207 1127 4260 illi
1155 4205 1404 4276 emendarentur;
1433 4221 1506 4260 nunc

218 4316 288 4352 vero
308 4299 462 4369 postulant
481 4301 612 4370 separari
632 4300 770 4352 nonnulli
790 4299 827 4352 ab
847 4314 881 4350 ea
901 4303 1123 4366 conquerentes
1143 4295 1220 4365 quod
1246 4295 1337 4348 etiam
1358 4297 1388 4348 in
1415 4295 1506 4349 carisis

218 4391 499 4459 matrimonialibus,
527 4392 643 4444 alienae
671 4391 827 4460 religionis
846 4388 982 4440 homines
1010 4403 1114 4440 causas
1133 4385 1307 4438 indicandas
1326 4387 1505 4438 assumerent

218 4479 357 4532 instando
377 4486 412 4532 ut
431 4479 488 4531 hac
506 4481 659 4531 occasione
679 4479 835 4547 religionis
856 4475 1046 4544 evangelicae
1066 4477 1113 4541 (ut
1132 4474 1344 4544 praetendunt)
1364 4471 1505 4543 praejudi·

219 4571 297 4622 cium
318 4575 541 4639 praecaveatur,
562 4573 592 4620 et
611 4569 667 4621 hoc
687 4567 805 4637 quidem
826 4582 914 4635 penes
934 4571 989 4616 art.
1011 4567 1034 4617 1.
1049 4566 1118 4616 anni
1146 4565 1221 4632 1608,
1243 4563 1292 4616 ubi
1313 4568 1414 4616 tamen
1433 4557 1504 4615 nihil

218 4659 316 4712 simile
336 4659 405 4728 quid
421 4666 473 4726 est,
487 4659 537 4711 sed
553 4665 672 4711 tanturn
693 4658 841 4710 concessio
855 4655 935 4706 iacta
950 4655 1010 4706 luit
1023 4655 1058 4707 de
1071 4652 1394 4724 superattendentibus.
1409 4651 1457 4723 (U.
1470 4661 1504 4716 ο.)
