3124 5216
197 372 262 436 746

194 569 237 632 ad
263 567 448 632 eedemde
472 566 573 650 fecto,
598 577 632 632 et
656 567 700 632 ab
732 571 876 654 antiquo
901 566 1162 652 pertinentibus,
1194 589 1398 653 quoeunque
1424 568 1489 632 alio
1549 575 1551 666 3

195 677 300 738 etiam
323 675 427 739 titulo
450 674 662 757 haberemus,
686 682 747 739 aut
770 675 932 740 Nostram
960 696 1163 761 quocunque
1186 675 1291 740 Modo
1314 695 1489 739 concerne

195 790 272 846 rent
288 783 515 866 Maiestatem,
531 783 652 848 Titulo
670 785 736 864 (uti
753 785 975 866 praemissum
991 783 1056 863 est)
1080 784 1182 848 Dotis
1204 789 1240 846 et
1262 782 1490 846 Fundationis

197 897 379 974 perpetuae
402 889 589 954 clementer
612 890 744 972 damus,
769 889 944 972 donamus,
968 889 1185 975 conferimus,
1208 900 1244 956 et
1266 892 1489 974 concedimus,

195 996 290 1060 selvo
314 997 339 1062 J
340 1019 399 1061 ure
422 998 542 1080 aliene,
566 1019 604 1062 ea
629 1004 806 1081 praeterea
841 998 934 1082 Lege
958 1005 992 1062 et
1015 998 1222 1064 Oonditione
1254 1021 1424 1083 expressa,
1454 1007 1490 1064 ut

195 1103 287 1167 idem
310 1104 454 1168 Fundus
478 1104 645 1188 publicus,
668 1107 829 1168 universa
862 1107 968 1169 etiam
992 1105 1102 1170 Onera
1126 1106 1238 1170 eidem
1270 1106 1491 1189 inhaerentis,

195 1213 232 1274 in
255 1218 423 1296 quantum
455 1213 510 1278 his
532 1211 684 1276 hucdum
717 1195 935 1276 satisfactum
967 1233 1036 1276 non
1064 1220 1161 1294 esset,
1194 1211 1283 1278 ferre
1317 1220 1492 1294 teneatur,

196 1326 334 1406 insuper
364 1322 408 1388 ab
447 1324 616 1388 universis
649 1322 757 1386 Bonis
791 1321 1043 1386 Ecclesiasticis
1084 1329 1118 1387 et
1151 1320 1493 1406 Praeposituralibus,

195 1431 380 1495 eorundem
403 1432 530 1516 quippe
553 1432 676 1494 annuis
699 1427 885 1508 Reditibus
913 1428 1044 1493 Decem
1068 1451 1128 1512 per
1150 1429 1298 1494 Centum
1323 1450 1385 1512 per
1407 1427 1492 1492 Con-

196 1538 311 1602 silium
326 1539 492 1604 Nostrum
516 1538 666 1622 Regium
691 1536 1015 1602 Locumtenentiele
1041 1539 1108 1600 rite
1133 1537 1345 1618 eruendum,8
1371 1533 1493 1602 Nobis·

195 1667 262 1730 que
280 1644 426 1710 subinde
442 1645 774 1729 repraesentandum,
790 1647 828 1709 in
846 1652 1018 1730 quantum
1040 1644 1123 1708 hoec
1147 1666 1188 1708 ex
1211 1645 1439 1728 Benignitate
1461 1652 1494 1706 et

195 1753 388 1818 Clementia
411 1752 523 1837 Regia
546 1758 607 1816 aut
630 1753 700 1815 iam
723 1758 890 1835 exempta,
913 1759 974 1816 aut
995 1753 1178 1816 eximenda
1202 1773 1271 1834 non
1293 1757 1419 1830 essent,
1436 1771 1493 1833 pro

105 1847 106 1853 ¹
195 1860 299 1925 Cassa
323 1857 562 1924 fortificatoria
594 1859 757 1924 Gamerae
789 1859 936 1923 Nostrae
971 1859 1103 1943 Regiae
1133 1855 1494 1943 Hungarico-Aulicee

195 1969 380 2054 quotannis
412 1967 657 2048 administrari,
689 1989 728 2030 ac
768 1969 817 2030 ita
852 1966 990 2030 demum
1014 1965 1059 2048 id,
1091 1967 1183 2051 quod
1216 1965 1375 2030 deductis
1408 1962 1494 2048 ejus

195 2076 288 2140 modi
312 2073 481 2139 Oneribus
497 2082 532 2138 et
547 2073 817 2158 Erogationibus
832 2075 1002 2138 universis
1018 2075 1229 2156 remanserit,
1252 2095 1332 2158 erga
1350 2073 1496 2137 redden·

195 2181 255 2244 das
279 2187 420 2244 eetenus
442 2201 573 2244 annuas
595 2181 762 2246 Rationes
785 2181 822 2243 in
845 2179 984 2244 uberius
1011 2181 1078 2245 Rei
1102 2181 1292 2244 Literariae
1314 2203 1355 2244 ac
1379 2180 1496 2244 Scien-

195 2289 332 2370 tiarum,
355 2287 647 2372 Educationisque
663 2294 698 2350 et
721 2287 958 2352 Institutionis
982 2289 1119 2352 Patriae
1138 2287 1342 2354 Juventutis
1367 2288 1497 2352 emolu-

195 2401 353 2460 mentum
372 2391 474 2476 juxta
493 2392 706 2478 saepefatum
729 2395 938 2458 Literarium
963 2394 1129 2479 Systema,
1146 2403 1181 2459 et
1204 2395 1372 2480 benignas
1388 2396 1497 2460 Reso

196 2501 347 2565 lutiones
379 2501 524 2566 Nostrae
552 2505 706 2566 converti
739 2510 774 2566 et
813 2503 966 2586 impendi
1005 2501 1136 2566 debeat.
1168 2503 1325 2584 Demum,
1359 2510 1401 2566 ut
1436 2524 1498 2566 nos

195 2608 294 2692 Ipsae
317 2609 359 2673 ad
385 2611 536 2695 ingentis
559 2610 648 2674 Boni
672 2632 766 2693 spem
790 2610 881 2674 hunc
906 2609 1081 2693 publicum
1105 2611 1306 2676 Studiorum
1328 2618 1365 2674 et
1389 2609 1497 2674 Scho

195 2716 307 2780 larum
332 2716 495 2780 Fundum
511 2739 589 2780 cum
612 2715 771 2782 omnibus
793 2715 1001 2801 officialibus
1017 2717 1184 2801 singulari
1206 2739 1338 2800 semper
1355 2723 1498 2800 paratae

195 2845 312 2887 sumus
335 2825 426 2888 tueri
448 2824 654 2906 Patrocinio,
679 2825 923 2908 commodaque
946 2822 1020 2908 ejus
1043 2825 1134 2889 datis
1158 2824 1394 2890 occasionibus
1422 2847 1499 2908 pro·

195 2951 341 3013 movere,
359 2933 408 2995 ita
426 2931 693 3014 Successoribus,
709 2931 993 3018 Haeredibusque
1008 2933 1145 2997 Nostris
1161 2933 1364 3018 Hungariae
1387 2933 1499 3017 Regi-

196 3036 259 3102 bus
283 3037 493 3122 Apostoliois
515 3062 555 3104 ac
578 3038 758 3104 Fidelibus
780 3040 927 3124 Nostris,
942 3040 1101 3104 Dominis
1119 3040 1329 3126 Hungariae,
1347 3041 1499 3106 Provin-

196 3148 393 3232 cierumque
426 3148 638 3212 adnexarum
675 3148 840 3230 Statibus,
874 3147 1069 3230 Ordinibus,
1102 3147 1310 3232 Regnicolis,
1350 3156 1428 3211 tam
1463 3151 1500 3212 in

195 3253 447 3337 Ecclesiastioa,
471 3278 574 3340 quam
598 3255 771 3320 Saeculeri
794 3255 984 3340 Dignitate,
1018 3255 1117 3336 Loco,
1141 3255 1261 3319 Gradu
1284 3257 1498 3337 constitutis,

195 3361 341 3426 eundem
364 3384 443 3426 cum
466 3361 625 3427 omnibus
648 3362 752 3426 dictis
775 3361 956 3443 Oleusulis,
980 3360 1120 3444 Gratiis,
1143 3361 1417 3446 Privilegiisque
1442 3363 1499 3426 de-

196 3469 415 3552 fendendum,
449 3470 726 3552 promovendum,
760 3468 991 3553 pluribusque,
1029 3466 1090 3533 ubi
1128 3469 1171 3533 ad
1203 3469 1270 3534 Rei
1302 3469 1499 3532 Literariae

195 3575 298 3640 finem
330 3577 607 3662 consequendum
638 3598 814 3640 necessum
847 3575 962 3658 fuerit,
996 3576 1189 3641 Favoribus
1221 3599 1261 3640 ao
1294 3575 1500 3660 Privilegiis

195 3684 429 3748 exornandum
454 3687 510 3767 pio
533 3684 669 3766 affectu,
703 3685 843 3768 parique
867 3684 990 3749 Oordis
1022 3705 1122 3748 sensu
1146 3685 1245 3747 enixe
1278 3683 1500 3747 commenda-

195 3812 279 3873 mus,
303 3797 407 3875 atque
429 3790 518 3856 hanc
542 3793 725 3875 praemisso
749 3791 852 3854 Modo
877 3789 1061 3874 benignam
1089 3791 1251 3857 Nostram
1274 3789 1501 3873 Acceptatio

195 3920 273 3962 nem
305 3898 609 3982 Approbationem,
647 3897 938 3978 Ratificationem,
962 3896 1275 3979 Confirmationem,
1297 3895 1501 3976 Decretum,

195 4012 229 4068 et
267 4004 484 4070 voluntatem
523 4026 583 4088 per
621 4003 792 4089 quoslibet
830 4003 994 4068 videlicet
1032 4005 1221 4086 interesset,
1260 4011 1334 4068 rata
1372 4003 1502 4069 haberi

196 4111 437 4196 observarique
471 4111 597 4194 deberi,
620 4133 731 4196 neque
763 4113 905 4194 uspiam,
944 4110 1083 4195 ulloque
1115 4110 1217 4175 modo
1250 4109 1349 4192 laedi,
1383 4113 1501 4196 iisque

196 4221 427 4282 contraveniri
451 4219 609 4284 volumus
633 4225 667 4281 et
687 4219 946 4299 constituimus;
970 4224 1009 4280 ut
1033 4225 1149 4282 autem
1173 4216 1364 4281 Clementia
1389 4215 1502 4301 hujus

304 4483 377 4535 ⁸Az
396 4487 600 4552 ugynevezett
618 4481 848 4536 Kollonics-le'le
868 4481 1014 4552 egyezseg
1037 4481 1219 4536 ertelme'ben
1239 4499 1256 4534 a
1276 4497 1405 4552 megyar
1427 4498 1502 4553 egy-

196 4571 265 4624 htzi
283 4571 422 4623 birtokolr
439 4569 670 4639 jovedelmenek
699 4570 741 4623 tiz
770 4570 924 4624 szsizale'ka
952 4588 986 4623 ez
1016 4570 1157 4626 erddite'si
1176 4569 1338 4641 pe'nzctrba
1357 4571 1442 4642 folyt
1463 4572 1501 4625 be

198 4658 228 4712 es
248 4657 300 4727 lgy
320 4657 392 4710 hadi
413 4657 549 4710 czelokra
569 4659 697 4727 szolgtlt
717 4660 798 4728 (1703
817 4659 886 4730 dte).
