3142 5214
1281 362 1346 428 627

46 558 283 643 Caeteroquin
312 557 398 622 tales
422 557 466 621 ad
489 579 567 622 suas
591 558 742 644 legiones
767 559 887 640 redire,
920 565 955 622 et
978 561 1116 623 restitui
1140 558 1276 624 debent.
1310 557 1347 624 Si

45 673 168 732 autem
202 686 289 729 unus
314 664 372 730 vel
394 664 482 728 alius
506 671 701 729 exterorum
734 667 772 728 in
804 668 946 730 servitio
979 668 1124 750 exiguae
1157 665 1347 730 considera·

48 776 158 838 tionis
183 771 275 856 apud
297 771 448 856 aliquem
472 779 672 857 magnatum
698 769 795 852 foret,
820 771 1003 836 dummodo
1027 792 1095 835 non
1114 773 1185 835 sint
1201 772 1346 837 militiae

45 901 137 945 caes
161 882 250 965 regii
274 879 450 963 adscripti,
473 881 559 963 quin
583 877 713 942 ibidem
736 900 934 962 permanere
958 886 1095 963 queant,
1127 878 1216 946 nihil
1248 880 1347 944 dubi-

49 988 206 1054 tandum.
230 986 267 1052 Si
291 990 351 1072 qui
375 1008 474 1070 porro
498 986 714 1073 ignobilioris
738 989 840 1052 sortis
866 1009 924 1070 pro
952 985 1125 1052 libertinis
1145 1009 1347 1073 quacunque

45 1117 91 1158 ex
116 1098 252 1160 ratione
276 1095 441 1160 hactenus
465 1097 577 1181 agniti
601 1101 690 1178 sunt,
723 1096 760 1159 in
789 1100 963 1177 posterum
986 1097 1092 1160 etiam
1124 1116 1184 1179 pro
1219 1095 1346 1160 talibus

47 1200 254 1286 habeantur,
278 1206 365 1268 citra
389 1210 505 1268 tamen
529 1199 779 1286 praejudicium
803 1201 1020 1266 dominorum
1044 1205 1267 1266 terrestrium.

163 1310 281 1375 Tertio.
310 1309 352 1374 In
375 1310 552 1395 religionis
585 1311 733 1394 negotio,
766 1315 920 1392 receptas
952 1311 1051 1395 regni
1083 1311 1346 1376 constitutiones

46 1416 360 1499 manutenebimus,
392 1439 455 1480 nec
487 1437 556 1480 non
579 1417 784 1480 exercitium
807 1411 968 1498 ejusdem,
1000 1415 1187 1480 secundum
1211 1418 1347 1484 easdem

46 1523 154 1608 leges,
178 1533 213 1590 et
229 1526 502 1607 constitutiones,
525 1547 565 1588 ac
580 1523 743 1588 articulos
765 1525 864 1608 regni
888 1530 959 1586 tam
984 1526 1020 1587 in
1036 1523 1227 1609 Hungaria,
1243 1548 1346 1610 quam

46 1634 86 1695 in
112 1631 354 1698 Transilvania
378 1653 456 1695 cum
480 1629 654 1696 beneficiis
678 1651 812 1694 eorsum
840 1631 882 1694 de
912 1627 989 1714 jure
1013 1632 1249 1715 spectantibus
1282 1634 1347 1698 cle-

46 1746 187 1806 menter
220 1739 446 1822 concedimus,
479 1740 609 1803 nemini
634 1737 809 1822 praeclusa
841 1740 899 1803 via
933 1740 1024 1821 apud
1048 1761 1118 1822 nos,
1152 1747 1187 1804 et
1215 1744 1346 1827 regiam

48 1847 281 1932 majestatem,
300 1847 357 1912 vel
372 1869 486 1912 coram
501 1847 616 1912 diaeta
632 1849 766 1910 ratione
780 1849 1022 1932 gravaminum
1036 1869 1072 1912 se
1088 1869 1124 1912 se
1140 1850 1347 1914 insinuandi.

164 1957 299 2035 Quarto.
328 1954 377 2020 Ut
410 1953 464 2018 his
497 1953 647 2018 motibus
681 1953 937 2018 demortuorum
970 1951 1114 2036 orphani
1146 1976 1281 2039 quoque
1313 1965 1347 2021 et

47 2063 180 2126 viduae
201 2063 295 2147 (erga
311 2083 395 2146 quas
412 2085 454 2125 ex
470 2063 589 2126 innata
613 2060 795 2125 clementia
812 2059 951 2143 speciali
970 2059 1152 2125 reflexione
1177 2063 1347 2145 ducimur)

46 2193 114 2234 nec
130 2191 200 2234 non
211 2169 273 2234 alii
289 2169 439 2254 legitimi
454 2189 671 2250 successores,
688 2167 904 2253 benignitate
919 2174 1036 2232 nostra
1052 2167 1195 2253 gloriari
1210 2178 1347 2254 queant,

47 2301 132 2342 cum
154 2277 240 2342 alias
264 2279 370 2340 etiam
393 2275 599 2340 amnistialis
628 2277 750 2360 gratia,
774 2297 815 2338 ex
839 2296 932 2338 mero
951 2275 1121 2340 duntaxat
1145 2280 1259 2362 regiae
1283 2279 1347 2342 ole-

47 2387 204 2450 mentiae
243 2386 320 2448 sinu
358 2381 602 2466 proficiscatur,
640 2385 801 2448 universa
840 2403 974 2467 quoque
1007 2381 1070 2446 sub
1103 2382 1156 2447 his
1196 2383 1347 2449 motibus

45 2493 321 2574 demortuorum,
354 2511 538 2574 eorumque
570 2489 763 2572 viduarum,
793 2512 832 2553 ac
856 2488 1094 2573 orphanorum,
1118 2497 1153 2554 et
1176 2491 1348 2577 legitimo-

48 2623 130 2664 rum
154 2619 385 2664 successorum
408 2595 505 2680 bona,
529 2598 602 2661 sive
621 2597 725 2660 alicui
749 2595 882 2678 collata,
907 2596 1073 2661 distracta
1094 2599 1149 2664 vel
1166 2600 1346 2664 divendita

47 2713 177 2791 essent,
201 2709 239 2770 in
266 2703 507 2770 conformitate
541 2709 667 2786 puncto
691 2703 839 2766 secundo
863 2704 905 2766 de
929 2705 1148 2770 restitutione
1181 2706 1347 2772 bonorum

49 2815 193 2879 uberius
226 2818 430 2896 expressata,
464 2809 680 2892 remittenda,
712 2818 746 2873 et
772 2811 977 2895 resignanda
1010 2811 1196 2877 clementer
1227 2819 1347 2880 annui-

50 2943 147 3003 mus3
173 2927 273 3004 prout
297 2925 332 2984 et
356 2919 525 2982 universis
550 2915 719 3000 orphanis,
749 2917 823 3001 (qui
855 2919 928 2980 sive
962 2921 1067 3001 pueri,
1099 2921 1172 2984 sive
1206 2921 1347 3004 puellae,

50 3030 109 3095 vel
131 3027 205 3112 jam
232 3029 450 3092 matrimonio
476 3025 607 3089 locatae
631 3027 668 3088 in
692 3023 847 3109 partibus
872 3024 1111 3111 Rakoczyanis
1143 3032 1219 3090 acta
1242 3031 1346 3112 sunt)

51 3160 115 3202 nec
139 3158 209 3200 non
231 3135 308 3199 aliis
332 3155 466 3218 quoque
489 3133 619 3199 ibidem
644 3131 872 3198 existentibus
898 3132 1064 3217 legitimis
1088 3136 1346 3218 successoribus,

53 3267 171 3329 parem
186 3242 417 3307 amnistialem
436 3241 661 3322 clementiam,
686 3246 720 3303 et
736 3241 912 3325 integrum
930 3236 997 3322 jus,
1020 3262 1060 3303 ac
1084 3239 1250 3307 bonorum
1273 3266 1346 3308 suc-

50 3354 241 3416 cessionem
260 3350 445 3414 clementer
474 3351 700 3432 impertimur.

162 3457 238 3521 Hoc
256 3462 373 3520 tamen
396 3479 457 3540 per
471 3476 668 3538 expressum
693 3453 875 3537 declarat0,
899 3476 941 3518 ne
964 3455 1127 3520 moderna
1151 3455 1234 3520 haec
1252 3459 1345 3542 regia

52 3565 304 3633 munificientia
328 3571 363 3627 et
391 3564 512 3648 gratia,
537 3561 608 3625 ullo
641 3581 792 3644 unquam
824 3567 986 3644 tempore,
1017 3563 1055 3624 in
1086 3560 1237 3646 aliquam
1271 3584 1348 3626 con-

50 3673 268 3759 sequentiam
293 3677 327 3733 et
351 3667 545 3752 exemplum
570 3664 736 3730 trahatur.

163 3780 297 3860 (licinio.
329 3777 396 3854 Qut
431 3796 528 3860 porro
561 3795 668 3860 regno
701 3777 868 3857 exierunt,
893 3796 932 3838 ac
956 3777 993 3839 in
1017 3777 1254 3858 conterminas,
1287 3785 1346 3841 aut

51 3891 253 3954 remotiores
277 3908 312 3950 se
336 3907 371 3949 se
395 3883 615 3948 contulerunt
640 3883 842 3965 provincias,
866 3880 909 3946 ob
933 3884 1157 3966 praegnantis
1181 3891 1347 3950 autemst

52 3997 211 4082 legitima
235 3993 490 4078 impedimenta,
513 3990 570 4054 vel
589 3987 774 4053 manifesta
798 3989 892 4054 vitae
916 3988 1076 4070 pericula,
1099 3989 1142 4052 ad
1164 3993 1348 4075 praeserip-

52 4112 131 4170 tum
154 4105 340 4168 terminum
363 4121 432 4163 non
454 4098 567 4162 redire
590 4102 786 4180 potnerunt,
809 4096 839 4160 si
862 4094 1055 4160 absentiam
1077 4117 1174 4159 suam
1193 4119 1234 4160 ex
1254 4120 1347 4180 prae-

52 4213 158 4277 dictis
182 4208 373 4275 rationibus
401 4211 575 4270 causatum
599 4203 754 4287 legitime
779 4201 976 4282 docuerint;
999 4223 1038 4264 ac
1054 4203 1237 4284 superinde
1256 4204 1346 4287 apud

50 4319 169 4384 aulam
200 4323 354 4381 nostram
386 4313 526 4396 regiam,
550 4307 607 4372 vel
635 4305 830 4393 generalem
864 4305 1212 4392 plenipotentiarium,
1245 4332 1348 4395 quam

52 4429 205 4511 primum
227 4422 303 4488 fieri
328 4422 463 4506 poterit,
488 4439 573 4482 sese
591 4417 853 4497 insinuaverint,
877 4414 947 4478 illis
971 4415 1158 4479 secundum
1182 4421 1348 4503 cognitio-

52 4557 133 4598 nem
149 4534 335 4618 aequitatis
351 4528 501 4618 gratiam
517 4522 759 4608 amnystialem
783 4529 909 4606 puncto
933 4517 1081 4586 s'ecundo
1106 4528 1248 4589 caeteris
1271 4547 1348 4591 con-

50 4663 184 4707 cessam
207 4661 313 4724 aeque
336 4638 483 4725 benigne
507 4639 720 4724 elargiemur.
748 4673 788 4686 -
813 4636 924 4713 Quam
941 4637 983 4700 ad
1002 4657 1057 4700 cos
1073 4656 1207 4722 quoque
1232 4647 1348 4706 exten-

1186 4759 1241 4814 40*
