3124 5216
465 737 730 809 Tolerantiae
755 736 952 808 edictum.

167 925 255 989 Cum
280 945 478 1007 persuasum
511 925 557 987 sit
589 919 766 1004 Majestati
798 922 886 987 Suae
920 923 1184 1005 sacratissimae,
1217 945 1352 988 omnem

53 1033 277 1113 coactionem,
324 1052 411 1116 quae
450 1031 678 1094 conscientiae
717 1029 907 1093 Hominum
954 1032 1027 1094 vim
1064 1030 1201 1114 inferat,
1249 1053 1351 1116 quam

53 1123 205 1203 maxime
228 1160 357 1220 nocere,
381 1144 500 1202 contra
532 1157 614 1200 vero
640 1135 825 1220 plurimum
857 1136 1032 1202 Utilitatis
1055 1139 1093 1202 in
1124 1137 1351 1223 Religionem,

53 1255 89 1310 et
114 1245 420 1329 Rempublicame
452 1245 611 1330 genuina,
635 1243 772 1328 qualern
804 1243 1002 1309 Christiana
1026 1245 1186 1311 Charitas
1220 1246 1351 1330 probat,

53 1353 255 1418 Tolerantia
278 1373 488 1436 promanare,
512 1351 601 1416 hauc
625 1353 663 1416 in
678 1350 859 1418 Universis
882 1351 1134 1418 Haereditariis
1158 1354 1351 1420 Provinciis

53 1463 126 1524 suis
150 1461 453 1544 CaesarecRegiis
477 1461 580 1524 certis
605 1458 757 1544 Legibus
779 1458 916 1524 firmare
949 1460 1112 1526 decrevit.

164 1568 252 1645 Quia
276 1587 357 1633 vero
380 1567 492 1652 Regia
530 1565 614 1632 haec
642 1565 838 1631 sollicitudo
871 1567 915 1630 ad
946 1567 1109 1652 Regnum
1141 1569 1351 1654 Hungariae,

52 1678 325 1762 Provinciasque
358 1675 470 1740 eidem
501 1675 651 1739 adnexas
674 1674 739 1739 hoc
771 1675 881 1759 magis
914 1676 1073 1758 pertinet,
1097 1677 1189 1762 quod
1221 1677 1351 1742 ibidem

51 1784 252 1850 Acatholici
274 1792 395 1868 utpote
419 1791 492 1848 tam
515 1782 748 1868 augustanae,
772 1803 875 1866 quam
908 1781 1111 1847 Helveticae
1135 1782 1350 1848 Confessioni

50 1893 196 1974 addicti,
217 1913 280 1956 nec
303 1912 372 1956 non
387 1890 510 1955 Graeci
525 1889 630 1954 Ritus
653 1910 722 1953 non
745 1890 836 1952 uniti
859 1887 1004 1971 Incolae,
1020 1889 1082 1972 illi,
1106 1889 1169 1955 sub
1186 1890 1350 1973 peculiari

51 1999 171 2084 Regni
193 1999 336 2084 Legum,
360 1996 397 2060 hi
420 2017 502 2061 vero
526 1994 794 2080 Privilegiorum
817 1995 1008 2080 Regiorum
1035 1997 1155 2080 tutela,
1174 2007 1255 2062 actu
1274 2020 1350 2063 con-

51 2109 266 2186 stituantur;
290 2105 417 2169 idcirco
446 2103 632 2166 clementer
663 2101 741 2167 vult
764 2100 923 2166 Altefata
945 2099 1110 2186 Majestes
1134 2104 1202 2170 Sua
1234 2105 1351 2170 Sacra-

51 2216 209 2294 tissima;
242 2219 290 2294 ut,
324 2211 429 2276 salvis
461 2212 681 2294 caeteroquin
720 2209 843 2274 iisdem
875 2210 1035 2296 Legibus,
1068 2219 1104 2277 et
1142 2213 1349 2298 Privilegiis,

50 2343 143 2407 quae
179 2323 216 2384 in
255 2318 409 2384 favorem
448 2325 739 2402 praeattactorum
777 2317 1067 2400 Acathclicorum,
1099 2341 1159 2383 seu
1191 2327 1350 2402 respectu

54 2429 187 2514 publici
210 2429 387 2514 religionis
410 2428 588 2511 Exercitii,
612 2449 672 2491 seu
707 2449 789 2493 vero
813 2428 925 2513 quoad
948 2427 1016 2492 alia
1039 2427 1166 2493 Civilia
1194 2428 1289 2510 Jura,
1314 2436 1348 2493 61

49 2539 328 2622 PraerogativaS,
360 2536 483 2600 iisdem
524 2557 657 2620 quoque
690 2542 931 2619 competentes,
968 2535 1120 2600 hucdum
1161 2539 1349 2601 constituta

49 2653 145 2727 sunt,
169 2651 205 2708 61
227 2665 373 2729 quorum
395 2644 528 2707 intuitu
551 2641 652 2726 paulo
669 2642 813 2706 inferius
836 2642 1021 2707 nonnullae
1044 2643 1221 2728 Benignae
1244 2644 1350 2709 Reso-

50 2753 206 2815 lutiones
228 2750 359 2835 Regiae
383 2748 523 2814 uberius
559 2749 833 2832 declarabuntur,
858 2751 896 2814 in
919 2749 1060 2836 reliquis
1093 2772 1226 2836 quoque
1260 2749 1347 2835 ejus-

49 2861 134 2923 dem
170 2859 286 2944 Regni
308 2857 518 2944 Hungariae,
546 2865 581 2922 et
609 2859 871 2923 Provinciarum
903 2859 1014 2923 eidem
1038 2857 1257 2938 adnexarum,
1289 2858 1349 2922 Di-

53 2965 246 3048 611161111116,
269 2965 405 3030 Liberis
428 2967 521 3049 item,
545 2965 733 3052 Regiisque
757 2965 979 3048 CivitatibuS,
1003 2988 1065 3029 nec
1097 2987 1167 3030 non
1189 2965 1348 3030 Commu-

48 3073 233 3157 nitatibus,
256 3076 294 3138 in
317 3072 442 3158 quibus
464 3073 660 3138 Anatholici
684 3096 744 3138 seu
768 3097 828 3158 per
851 3076 970 3159 Leges,
990 3095 1050 3136 seu
1074 3094 1133 3156 per
1157 3072 1347 3156 Privilegia

48 3207 71 3248 a
96 3181 235 3266 publico
258 3181 452 3266 Religionis
475 3181 661 3264 ExercitiO,
689 3182 833 3267 aliisque
857 3182 997 3246 Jurium
1029 3179 1196 3244 Ciuilium
1219 3179 1348 3244 effecti-

49 3289 117 3354 bus
140 3295 310 3370 arcentur,
343 3289 463 3352 eadem
496 3309 576 3352 vera
601 3289 798 3354 Christiana
831 3288 1028 3352 Tolerantia
1060 3287 1188 3370 eodem,
1220 3289 1348 3372 quoin

47 3397 195 3482 reliquis
218 3395 469 3460 Haereditariis
485 3395 679 3460 Provinciis
702 3395 1006 3479 Caesareo-Regiis
1029 3393 1130 3459 modo
1153 3395 1348 3475 introduca-

49 3513 119 3587 tur,
143 3510 248 3589 atque
280 3501 561 3584 constabiliretur,
585 3523 672 3588 quae
706 3502 847 3586 proinde
880 3504 917 3565 in
949 3500 1172 3586 sequentibus
1204 3503 1347 3566 Punctis

48 3613 226 3678 consistet.
883 3663 885 3668 .

161 3715 305 3786 Primo:
331 3718 510 3784 Universis
540 3717 761 3796 Acatholiois,
800 3717 1012 3801 Helveticae,
1050 3726 1084 3782 et
1123 3717 1346 3802 Augustauae

47 3825 269 3893 Confessioni
308 3826 466 3906 addictis,
490 3847 645 3889 necnon
682 3825 806 3889 Graeci
838 3825 943 3889 Ritus
975 3847 1044 3890 non
1075 3825 1193 3891 Unitis
1232 3823 1346 3890 ubivis

47 3937 230 4014 Locorum,
254 3933 438 4018 inquibus
462 3933 590 3996 eisdem
615 3930 839 3996 fundamento
865 3933 998 4016 Legum
1023 3932 1138 4017 Regni
1162 3954 1222 3996 seu
1245 3933 1346 3996 Beni-

45 4063 199 4128 gnorum
215 4041 491 4126 Privilegiorum,
508 4048 543 4104 et
564 4041 842 4124 praecedentium
866 4040 1108 4105 nonnullarum
1131 4040 1346 4104 Nonnalium

45 4149 316 4215 Resolutionum
354 4149 543 4232 Regianum
583 4146 758 4232 publicum
796 4147 989 4233 Religionis
1030 4149 1253 4228 Exercitium,
1293 4150 1345 4211 uti

44 4280 153 4340 supra
169 4263 340 4321 attactum
356 4263 416 4337 est,
436 4278 505 4320 non
520 4259 693 4340 competit,
711 4259 886 4339 privatum
902 4255 1030 4341 absque
1046 4258 1139 4321 omni
1155 4255 1346 4336 reflexione,

43 4387 94 4428 an
118 4362 206 4427 illud
239 4365 277 4426 in
309 4362 373 4426 tali
396 4363 487 4426 Loco
521 4385 672 4447 unquam
704 4365 741 4426 in
764 4385 829 4426 usu
853 4361 967 4443 fuerit,
1001 4362 1056 4427 vel
1089 4382 1165 4443 non,
1198 4362 1345 4448 benigne

43 4471 208 4536 concedit
231 4470 363 4534 Eadem
386 4467 549 4552 Majestas
574 4471 642 4535 Sua
667 4471 913 4534 Sacratissima.

158 4572 340 4642 Secundo:
359 4577 434 4640 Hoc
458 4583 574 4641 autem
598 4579 774 4660 privatum
805 4575 998 4660 Religionis
1030 4576 1246 4642 Exercitium
1276 4600 1345 4642 non

44 4685 109 4750 illo
134 4687 292 4750 restricto
316 4706 426 4766 sensu,
450 4687 503 4748 uti
527 4685 613 4748 illud
639 4684 789 4748 hucdum
813 4687 849 4747 in
873 4685 994 4768 Regno
1011 4684 1210 4770 Hungariae
1235 4685 1344 4749 decla-
