3160 5212
224 369 290 432 374

224 569 391 652 attigerit,
414 575 497 631 tunc
526 569 653 651 poterit
677 575 774 651 pater
796 587 865 631 non
888 568 998 632 solum
1031 569 1073 632 de
1108 569 1262 650 portione
1295 587 1354 630 sua
1388 569 1522 647 testari,
1578 553 1579 620 l

223 697 343 741 rerum
377 679 481 740 etiam
514 675 653 740 haeredi
686 675 838 760 parvule,
870 675 963 740 infra
995 679 1103 761 ipsam
1137 676 1317 740 duodecim
1349 696 1520 739 annorum

224 789 372 847 aetatem
396 782 543 848 forsitan
565 783 753 864 decedenti,
785 783 966 847 haeredem
992 783 1098 846 aliurn
1131 781 1347 848 substituere.
1380 783 1444 864 Ita,
1479 791 1521 846 ut

224 892 252 952 si
300 893 439 956 interim
487 888 668 955 haeredem
716 891 828 972 ipsum
870 889 1065 974 legitimum
1114 890 1282 972 praemori
1328 890 1521 972 contingat

224 995 416 1061 subtitutus
439 996 557 1061 haeres
581 995 749 1060 succedat.
782 995 820 1060 Si
844 1003 961 1059 tamen
983 1017 1085 1060 verus
1108 995 1226 1060 haeres
1249 1002 1397 1060 aetatem
1424 1017 1520 1078 prae·

224 1105 352 1168 dictam
375 1105 534 1189 attigerit
557 1103 612 1166 vel
637 1103 896 1184 transcenderit,
930 1103 1137 1166 eiuscemodi
1164 1101 1366 1166 substitutio
1389 1105 1520 1166 exstin-

223 1220 358 1297 guetur,
382 1219 416 1276 et
441 1215 478 1276 in
499 1211 655 1278 haeredis
689 1217 895 1294 potestatem
927 1209 1094 1274 bonorum
1126 1213 1278 1274 omnium
1304 1213 1521 1274 conservatio

225 1323 353 1402 pariter
376 1329 410 1384 et
435 1321 644 1403 dispensatio
675 1327 866 1402 reponetur.

332 1426 577 1492 Verumtamen
609 1427 806 1491 colonorum
839 1427 1126 1511 quemadmodum
1159 1425 1340 1509 multiplex
1364 1433 1416 1490 est
1441 1446 1520 1488 con-

225 1534 321 1616 ditio,
363 1537 413 1598 ita
454 1541 489 1599 et
522 1535 731 1600 consuetudo
774 1537 866 1599 iuris.
905 1534 1000 1613 Quae
1043 1536 1140 1598 iuxta
1181 1541 1332 1598 veterem
1366 1533 1520 1598 locorum

225 1662 323 1705 usum
347 1641 559 1706 observanda
584 1650 749 1707 censetur.

332 1751 398 1815 Per
429 1751 493 1816 hoc
525 1756 640 1813 tamen
672 1770 741 1812 non
769 1756 821 1813 est
854 1749 1127 1834 intelligendum,
1161 1755 1200 1812 ut
1231 1747 1426 1812 haereditas
1460 1767 1522 1829 per

225 1861 391 1922 rusticum
424 1860 572 1942 cuipiam
601 1857 715 1942 legata
747 1855 803 1920 vel
836 1855 988 1938 vendita,
1017 1853 1095 1938 jure
1132 1862 1294 1938 perpetuo
1326 1877 1346 1918 a
1379 1853 1521 1918 domino

223 1969 378 2030 terrestri
394 1965 536 2030 alienari
552 1969 667 2050 possit.
692 1966 781 2030 Nam
798 1968 946 2030 rusticus
971 1972 1105 2048 praeter
1128 1962 1253 2028 laboris
1277 1963 1468 2026 mercedem
1485 1971 1521 2026 et

225 2076 423 2156 praemium,
446 2075 484 2136 in
507 2076 608 2137 terris
632 2074 762 2137 domini
796 2074 857 2155 sui,
881 2078 1049 2157 quantum
1072 2072 1115 2135 ad
1141 2073 1406 2155 perpetuitatem
1430 2070 1521 2134 nihil

220 2179 309 2262 juris
331 2178 445 2244 habet.
477 2181 542 2245 Sed
569 2183 675 2246 totius
699 2189 810 2244 terrae
835 2182 1024 2263 proprietas
1052 2179 1095 2242 ad
1120 2179 1296 2244 dominum
1320 2184 1521 2242 terrestrem

224 2292 357 2368 spectat
380 2294 415 2350 et
443 2290 601 2370 pertinet.

333 2393 399 2458 Per
422 2393 617 2458 huiusmodi
642 2397 751 2480 igitur
782 2395 990 2480 legationem
1022 2400 1083 2458 aut
1115 2395 1351 2460 venditionem
1379 2395 1524 2460 colonus

225 2523 292 2565 non
316 2503 383 2565 nisi
406 2500 532 2566 laboris
560 2505 613 2566 sui
645 2504 835 2567 mercedem
859 2511 894 2568 et
919 2505 1116 2586 praemium,
1148 2503 1353 2588 condignam
1387 2504 1523 2567 scilicet

224 2609 497 2672 aestimationem
520 2617 641 2692 terrae,
665 2613 765 2693 prati,
789 2610 986 2690 molendini,
1010 2610 1065 2674 vel
1089 2611 1219 2683 vineae,
1239 2612 1387 2694 cuipiam
1404 2610 1523 2696 legare

225 2714 280 2778 vel
304 2715 452 2780 vendere
481 2723 603 2799 potest,
636 2721 867 2801 perpetuitate
901 2718 1038 2782 domino
1070 2718 1225 2780 terrestri
1258 2717 1353 2780 salva
1386 2739 1525 2801 semper

225 2829 429 2886 remanente.
453 2823 520 2900 Qui
544 2823 626 2887 dum
649 2823 809 2905 voluerit,
835 2831 951 2895 terras,
977 2832 1073 2906 prata
1107 2831 1142 2887 et
1175 2824 1368 2888 molendina
1401 2845 1525 2888 secun-

225 2928 306 2992 dum
345 2931 618 2994 aestimationem
658 2952 882 3014 communem,
905 2933 1023 2995 vineas
1065 2953 1147 2995 vero
1188 2935 1285 2996 iuxta
1309 2930 1525 3014 condignum

224 3056 340 3100 eorum
363 3038 524 3120 valorem,
547 3039 588 3102 ad
614 3061 649 3102 se
673 3039 860 3121 recipiendi
883 3037 1009 3104 habeat
1037 3037 1248 3106 facultatem.
