3192 5214
217 315 283 380 130

213 513 255 580 de
280 511 459 596 pedagiis⁴
492 519 526 575 et
551 513 718 594 passagiis
741 517 776 574 et
799 513 960 575 mereatis
984 531 1044 575 seu
1068 508 1161 590 foris,
1193 529 1280 594 quae
1308 510 1422 572 omnia
1446 529 1509 572 sua

213 627 303 701 sunt,
327 615 448 682 XXX.
468 617 590 682 ,11111116
623 638 823 680 marearum.
854 613 952 682 Idem
975 616 1080 682 habet
1104 617 1146 682 de
1169 616 1290 680 alienis
1313 613 1510 698 hospitibus

212 727 303 812 regis
328 725 370 789 de
393 723 613 809 Ultrasylvas
645 723 716 790 XV
748 724 857 790 millia
891 747 1091 790 marearum.
1123 723 1222 789 Idem
1251 721 1357 788 habet
1380 722 1423 788 de
1446 743 1508 787 sua

212 836 317 898 tertia
350 835 471 916 parte⁶
504 832 546 896 de
570 835 790 918 septuaginta
822 831 956 897 duobus
988 833 1173 898 comitibus
1201 834 1272 897 suis
1295 833 1338 896 16
1361 831 1510 895 redditis

212 963 302 1006 anno
325 940 435 1005 XXV
457 939 567 1004 millia
591 961 792 1004 marearum.
816 939 914 1004 Idem
939 939 1042 1005 habet
1067 941 1218 1004 deduce
1244 939 1423 1004 Selavonie
1448 961 1510 1021 per

136 1130 138 1134 Ι
212 1069 342 1112 annum
364 1047 402 1111 X
425 1045 534 1110 millia
563 1051 719 1110 mareas⁸
752 1046 996 1132 Unusquisque
1029 1049 1195 1112 comitum
1219 1043 1370 1111 LXXH.
1402 1046 1509 1114 semel

213 1158 250 1220 in
273 1175 362 1218 anno
385 1175 502 1239 regem
534 1153 688 1239 Ungarie
712 1160 881 1237 procurat,
905 1162 940 1218 et
964 1162 1148 1240 antequam
1173 1155 1354 1220 demensa
1379 1163 1510 1240 surgat,

214 1264 302 1328 dona
327 1264 387 1327 dat
406 1283 531 1326 munus
555 1269 694 1328 centum
718 1283 919 1346 marearum,
934 1270 971 1326 et
986 1264 1125 1350 aliquiis
1140 1283 1259 1328 eorum
1274 1263 1349 1328 ΠΟ.
1368 1284 1510 1328 marcas.

213 1370 255 1435 In
271 1369 396 1454 quibus
414 1370 459 1435 ad
482 1373 597 1434 minus
620 1372 829 1452 presumitur
852 1391 984 1434 summa
1008 1371 1113 1436 solius
1136 1374 1228 1457 regis
1251 1371 1347 1456 larga
1370 1391 1510 1454 eompu-

214 1481 345 1543 tatione
362 1477 399 1542 X
415 1475 510 1542 mille
533 1499 734 1544 marearum.
758 1477 806 1542 Et
826 1483 940 1560 preter
958 1479 1021 1544 hee
1045 1480 1133 1544 dona
1157 1482 1283 1564 regine,
1306 1485 1342 1543 et
1357 1477 1510 1543 filiorum

215 1589 307 1671 regis
323 1607 448 1672 magna
465 1588 502 1649 in
517 1593 669 1671 argento,
694 1607 755 1650 seu
777 1607 899 1668 penne,
923 1591 1040 1652 sericis
1063 1594 1099 1652 et
1122 1590 1227 1673 equis.
1251 1588 1299 1652 Et
1315 1585 1510 1670 praterhac

212 1695 352 1757 omnia*
377 1693 522 1778 populus
545 1699 635 1758 terre
659 1697 733 1779 regi
757 1693 843 1760 facit
866 1697 999 1760 vietum
1024 1696 1239 1778 plenarium.⁸

251 1911 260 1938 ⁴
279 1901 355 1970 Rev,
375 1902 472 1974 komp‚
494 1902 591 1974 ttjtrt
603 1928 633 1950 =
644 1922 662 1958 a
675 1904 807 1958 franezis
916 1901 991 1956 lalni
1011 1903 1232 1976 Horvttorszdg
1251 1904 1282 1960 ds
1294 1923 1312 1959 a
1331 1903 1512 1959 1111111111-

215 1989 314 2062 pdags.
917 1992 1002 2046 rosok
1022 1991 1053 2047 ds
1071 1995 1206 2064 szigetek
1222 1992 1412 2064 jdvedelmat.

250 2080 417 2150 ‘Pelinna
444 2080 525 2152 hogy
551 2082 591 2135 itt
610 2100 627 2134 a
646 2081 807 2152 kiralynak
954 2083 1027 2136 'Az
1057 2083 1157 2155 sddigi
1188 2083 1391 2159 kiadtsokban
1421 2085 1513 2138 11166-

214 2171 284 2225 esak
303 2189 362 2243 sgy
381 2171 539 2226 hannadat
557 2170 771 2241 tulajdonitjak
790 2188 808 2224 a
916 2175 993 2226 sima
1014 2198 1045 2220 =
1065 2173 1256 2230 harminczad
1275 2175 1325 2229 all.

214 2260 388 2334 vtrmsgyei
403 2259 638 2331 jdvadalemnek.
839 2253 840 2257 ’
954 2273 964 2302 ⁸
983 2264 1010 2316 A
1030 2261 1257 2334 terme'nyekksl
1276 2261 1344 2316 rald
1362 2261 1480 2332 61111116,
1493 2281 1512 2316 a

251 2343 359 2404 ⁸Ebbe
379 2367 413 2403 az
440 2349 579 2420 dsszegbe
601 2351 637 2406 be
656 2349 718 2404 kell
745 2349 808 2421 sog·
917 2351 1005 2406 frank
1024 2353 1191 2407 servitium.
