3160 5212
196 329 261 393 316

195 536 229 590 et
254 527 413 591 similiter
440 527 527 592 duae
551 527 680 608 breves,
704 526 867 591 videlicet
891 525 1164 610 Epiphaniarum
1187 527 1327 592 Domini
1347 536 1382 591 et
1406 526 1486 591 festi

195 622 244 698 B?
258 633 380 698 Jacobi
404 634 558 718 apostoli,
582 636 620 698 in
642 633 706 698 hoc
730 634 851 718 Regno
876 633 1100 700 celebrentur.

302 741 345 806 In
361 741 414 806 his
433 740 702 826 autemffiudiciis
718 741 884 824 omnibus,
908 742 1000 806 ultra
1024 742 1154 806 iudices
1177 743 1366 808 ordinarios
1383 747 1486 808 etiam

196 871 236 911 ex
263 849 410 914 dominis
434 851 601 914 Praelatis
634 853 663 933 2,
697 859 731 914 et
764 873 806 914 ex
830 851 977 914 dominis
1001 850 1194 915 Beronibus
1217 851 1363 916 totidem
1387 859 1421 915 et
1445 873 1486 914 ex

195 953 395 1040 Regnicolis
430 959 472 1021 16
506 957 646 1022 Nobiles
680 959 829 1041 potiores
861 965 896 1020 et
936 960 1200 1040 praestantiores
1239 957 1341 1022 huius
1380 961 1486 1042 regni.

195 1059 398 1148 iurisperiti,
414 1064 467 1128 illi
483 1065 646 1129 videlicet
662 1066 722 1150 qui
738 1067 906 1148 sapientia
923 1071 1093 1148 praesunt,
1109 1088 1151 1128 ex
1167 1064 1325 1130 omnibus
1341 1074 1488 1150 quatuor

197 1170 351 1250 partibus
384 1175 490 1257 regni,
525 1195 583 1255 per
623 1172 770 1256 Regiam
802 1171 1020 1236 Maiestatem
1053 1180 1087 1236 et
1120 1174 1283 1258 Regnum
1315 1173 1489 1259 eligantur

196 1281 255 1362 qui
281 1301 414 1363 semper
437 1282 474 1343 in
497 1281 635 1344 iudiciis
659 1280 881 1345 decernendis
905 1283 1068 1345 interesse
1092 1281 1276 1346 debebunt.

618 1516 799 1588 1504-iki
821 1517 1057 1588 Decretum.

303 1707 482 1773 Articulus
507 1711 535 1774 1.
560 1711 728 1787 Quoniam
757 1731 998 1794 saepenumero
1031 1710 1106 1774 fieri
1127 1710 1221 1782 solet,
1245 1709 1334 1795 quod
1359 1709 1492 1793 Regni-

196 1814 288 1878 rolae
312 1816 354 1879 de
386 1816 520 1881 Diaetis
552 1826 586 1882 et
619 1816 915 1882 Conventionibus
947 1839 1064 1881 eorum
1097 1815 1323 1882 Generalibus
1347 1816 1491 1880 confuso

197 1921 263 1985 fine
287 1923 473 2006 discedant,
497 1928 557 2010 qui
581 1933 762 2010 postquam
784 1925 827 1988 ad
853 1926 1024 2007 propriam
1053 1924 1263 2004 remeabunt5
1296 1930 1331 1988 et
1364 1947 1383 1987 a
1416 1945 1491 1987 sese

196 2039 406 2114 separantur,
429 2032 517 2096 alter
539 2033 682 2097 alterius
705 2034 933 2096 intentionem
957 2039 989 2094 et
1018 2035 1227 2115 propositum
1251 2053 1320 2096 non
1350 2053 1495 2114 perpen-

196 2138 325 2220 dentes
359 2139 511 2224 plerique
545 2139 760 2202 dominorum
794 2146 828 2202 et
861 2139 1096 2218 comitatuum,
1131 2140 1266 2220 proprio
1300 2147 1396 2202 motu
1428 2147 1494 2202 aut

197 2244 341 2308 aliorum
366 2255 539 2331 suggestu,
564 2246 740 2310 interdum
763 2248 868 2309 etiam
894 2248 1027 2328 privato
1052 2267 1112 2328 pro
1136 2246 1239 2310 lucre.
1263 2245 1495 2310 contributio-

197 2375 275 2415 nem
299 2352 449 2437 aliquam
474 2375 533 2417 seu
556 2354 747 2418 subsidium
780 2353 911 2437 Regiae
945 2353 1120 2416 Maiestati
1152 2373 1269 2416 eorum
1302 2353 1344 2415 de
1376 2352 1494 2415 medio

199 2458 357 2523 offerunt.

305 2568 378 2644 Quo
419 2570 631 2633 considerato
671 2570 796 2632 caeteri
830 2569 1013 2632 comitatus
1037 2570 1073 2631 in
1097 2589 1131 2630 se
1156 2567 1269 2648 divisi
1294 2565 1496 2630 huiusmodi

197 2673 363 2738 oblationi
386 2675 445 2739 alii
471 2678 688 2740 consentiunt
713 2674 772 2738 alii
796 2695 877 2738 vero
901 2674 1150 2752 contradicunt,
1174 2680 1209 2736 et
1233 2675 1281 2736 sio
1314 2672 1496 2740 seditione.

198 2781 418 2867 tumultuque
436 2805 474 2846 ac
491 2783 699 2846 dissensione
717 2785 808 2845 iuter
824 2803 880 2845 eos
896 2779 1045 2863 suborta,
1055 2801 1144 2844 unus
1161 2783 1197 2843 in
1212 2779 1319 2844 alium
1335 2779 1497 2842 diffama-

198 2891 284 2952 torie
307 2897 471 2974 tanquam
496 2890 668 2954 libertatis
691 2891 806 2974 Regni
830 2888 1043 2953 turbatorem
1067 2886 1252 2950 invehitur.

305 2998 379 3074 Quo
408 2996 457 3076 fit,
481 3008 520 3061 ut
545 3021 610 3081 pax
634 3007 669 3062 et
702 2997 882 3062 concordia
915 2999 1106 3080 amorisque
1140 2995 1279 3058 dilectio
1312 2997 1402 3058 inter
1435 3017 1498 3058 eos

198 3125 366 3188 nusquam
391 3105 567 3187 habeatur,
586 3107 696 3190 Regia
717 3106 879 3169 Maiestas
903 3106 1008 3167 etiam
1027 3112 1098 3168 tam
1126 3103 1302 3167 multoties
1322 3105 1497 3166 incorum

199 3211 349 3276 medium
374 3215 512 3276 mittere
537 3213 631 3296 solet,
656 3222 693 3276 nt
720 3235 818 3294 saepe
843 3212 977 3275 lucrum
1000 3233 1059 3274 seu
1080 3209 1231 3274 fructum
1248 3231 1350 3294 quam
1367 3210 1496 3272 exinde

198 3328 358 3400 speraret,
383 3321 463 3384 solis
486 3324 523 3385 in
547 3324 704 3404 expensis
728 3321 846 3383 nuncii
868 3319 924 3383 vel
949 3319 1111 3382 dicatoris
1135 3325 1345 3381 consumant.

305 3426 360 3490 Ad
388 3428 677 3511 exstinguendum
704 3430 813 3510 igitur
838 3435 872 3489 et
898 3426 1114 3490 evellendum
1133 3425 1329 3490 huiusmodi
1362 3425 1499 3507 perieu-

199 3532 278 3610 lum,
303 3534 499 3598 conclusum
518 3537 675 3617 inprimis
699 3542 768 3597 est:
797 3534 893 3611 Quod
915 3536 944 3596 si
960 3541 1153 3616 temporum
1169 3535 1206 3595 in
1230 3552 1383 3614 processo
1402 3531 1498 3593 adeo

197 3643 314 3722 gravis
338 3644 520 3705 necessitas
545 3649 579 3704 et
604 3641 792 3726 perieulum
819 3641 941 3724 Regno
974 3640 1054 3703 huic
1087 3643 1291 3718 immineret,
1324 3645 1363 3701 ut
1396 3660 1499 3702 secus

198 3747 271 3810 fieri
296 3770 363 3811 non
393 3757 513 3831 posset,
538 3752 604 3812 nisi
627 3748 750 3813 Diaeta
774 3747 952 3811 Generalis
977 3771 1036 3830 per
1051 3748 1198 3830 Regiam
1215 3747 1432 3810 Maiestatem
1449 3747 1496 3810 ad

198 3877 355 3938 campum
392 3855 517 3920 Rullus,
549 3855 662 3919 locum
696 3855 824 3920 scilieet
860 3863 1068 3936 consuetum,
1093 3854 1319 3917 indiceretur:
1343 3853 1500 3918 Extunc.

198 3964 227 4024 si
251 3963 335 4046 quid
359 3963 504 4027 subsidii
529 3986 588 4026 seu
612 3963 879 4027 contributionis
903 3962 946 4024 ad
963 3961 1164 4025 evitandum
1181 3971 1216 4023 et
1233 3959 1500 4044 propellendum

198 4067 394 4133 huiusmodi
418 4071 533 4156 Regni
558 4071 746 4155 periculum
769 4071 901 4155 Regiae
925 4071 1100 4134 Maiestati
1124 4069 1207 4133 illuc
1230 4069 1412 4133 offerretur
1432 4077 1497 4133 aut

200 4186 438 4258 praestaretur,
450 4181 620 4242 communi
641 4179 857 4242 dominorum
875 4177 1365 4258 Praelat0n1m,Bar0numac
1383 4185 1501 4239 coete-

198 4303 313 4347 rorum
337 4287 436 4370 regni
461 4286 637 4350 Nobilium
662 4307 827 4349 consensu
850 4283 1016 4347 offeratur
1040 4291 1074 4347 et
1101 4293 1300 4367 praestetur,
1324 4304 1499 4368 nemoque

198 4413 232 4452 se
265 4413 283 4454 a
318 4392 486 4457 solutione
519 4393 716 4457 huiusmodi
753 4391 898 4456 subsidii
931 4391 987 4455 vel
1019 4392 1285 4455 contributionis
1318 4388 1500 4454 retrahere

199 4507 230 4559 et
258 4521 458 4580 praecavere
485 4504 598 4584 possit.

307 4606 344 4670 Si
368 4610 522 4692 quipiam
546 4631 627 4672 vero
651 4609 845 4672 Comitatus
875 4615 970 4672 motu
1003 4608 1137 4690 proprio
1172 4618 1206 4668 et
1239 4627 1307 4670 non
1339 4605 1382 4668 de
1415 4627 1502 4670 con-
