3144 5218
1290 349 1355 414 507

62 555 96 606 et
119 543 247 608 illaesis
271 564 388 608 eorum
412 544 612 629 privilegiis,
637 547 702 609 rite
718 567 758 609 ao
774 545 929 630 legitime
953 549 1129 628 0100110110,
1155 549 1355 633 inquorum

62 651 226 714 continuo
242 671 305 714 usu
321 648 471 733 fuerunt,
488 650 774 732 permanentibus.
798 651 896 716 Idem
912 653 954 717 de
972 653 1201 738 privilegiatis
1221 675 1355 740 quoque

61 758 198 842 oppidis
221 757 409 822 tenendum
432 765 466 822 et
490 757 742 824 observandum
765 763 946 824 censetur.⁹

62 985 247 1054 Articulus
272 986 362 1055 XIV.
390 987 560 1073 Querelue
582 987 853 1076 Hunpurorum,
878 994 1002 1056 contra
1028 989 1119 1057 eines
1145 989 1356 1058 (3000ουί00-

509 1116 575 1180 ses,
599 1101 631 1162 et
655 1095 917 1184 Sopronienses.

172 1257 223 1322 De
247 1258 487 1324 eductionibus
519 1267 635 1324 autem
658 1262 825 1336 vinorum¹
850 1269 969 1326 eontra
993 1263 1086 1326 aives
1119 1261 1358 1326 Cassovienses

60 1374 96 1430 et
123 1366 365 1450 Sopronienses
389 1374 424 1431 et
447 1367 531 1432 alias
555 1389 689 1454 quoque
713 1370 824 1452 regias
858 1370 1017 1432 civitates
1041 1377 1076 1433 et
1100 1370 1225 1452 oppida
1253 1370 1359 1453 privi-

60 1473 203 1560 legiata,
228 1474 450 1539 confirmatur
473 1475 649 1540 decretum
673 1475 702 1540 ὅ.
726 1474 869 1540 Vladisl.
892 1473 934 1540 R.
958 1483 1021 1540 art.
1047 1476 1129 1540 la¹⁰

62 1699 249 1767 Articulus
290 1699 360 1768 XV.
405 1699 447 1768 Ut
484 1700 587 1768 Bono
626 1700 676 1768 ud
713 1701 855 1768 Fiscum
895 1703 1034 1790 replum
1074 1701 1253 1786 devoluto,
1286 1723 1357 1770 non

59 1807 237 1895 pecuniis,
269 1806 332 1873 sed
363 1808 500 1895 prolis;
534 1807 619 1876 bene
651 1808 787 1876 meritis
822 1810 997 1897 personis,
1031 1829 1099 1897 per
1136 1808 1359 1898 Mojeslntem

437 1915 546 1982 Suam
572 1915 726 2005 Repium·
745 1914 985 2003 conseruntur.

177 2087 356 2152 Statutum
388 2096 440 2152 est
473 2109 616 2175 quoque,
639 2097 679 2153 ut
703 2089 800 2173 bona,
833 2091 875 2154 ad
899 2090 1020 2154 fiscum
1044 2093 1178 2176 regium
1205 2089 1360 2175 legitime

60 2195 240 2278 devoluta,
255 2216 324 2259 non
340 2197 492 2279 pecuniis
516 2197 631 2278 (prout
654 2204 756 2261 antea
780 2195 942 2280 faetum);
971 2197 1029 2262 sed
1053 2205 1093 2261 ut
1116 2199 1259 2261 virtutis
1283 2219 1361 2261 oon-

61 2304 174 2388 digna
198 2303 286 2367 ratio
309 2301 428 2366 habita
452 2302 557 2367 fuisse
581 2305 811 2388 dignoscatur,
836 2305 1070 2370 benemeritis
1088 2307 1247 2388 personis,
1264 2307 1361 2369 iuxta

61 2412 228 2495 antiquas
251 2412 350 2495 regni
372 2411 644 2493 oonsvetudineS,
668 2409 828 2494 majestas
852 2433 913 2476 sua
937 2414 1031 2497 regia
1055 2415 1163 2497 gratis
1195 2413 1299 2476 donet
1323 2434 1362 2475 ao

61 2515 233 2581 conferat.

65 2719 253 2789 Articulus
287 2719 377 2789 XVI.
413 2719 533 2788 Status
566 2725 599 2787 et
631 2720 785 2803 ordines,
815 2720 850 2788 in
886 2721 1046 2809 ipsorum
1084 2721 1297 2811 Privilepiia
1331 2725 1363 2788 et

62 2826 321 2910 alterations,
335 2828 446 2916 juxto
468 2827 645 2896 Articulos
666 2827 887 2912 Viennenses,
904 2835 1177 2897 conserventur:
1195 2829 1240 2897 El
1257 2828 1361 2918 quid-

64 2935 157 3028 quid
191 2935 227 3002 in
256 2935 404 3024 publicu
437 2935 566 3003 Diaeta
600 2935 808 3004 conclusum
836 2935 931 3023 11111,-
965 2935 1037 3004 Suu
1070 2937 1239 3026 Mojestns
1273 2936 1365 3004 illud

463 3043 669 3132 Diplomule
692 3064 756 3110 suo
782 3043 976 3130 confirmet.

179 3206 235 3274 Ad
259 3208 487 3273 undecimum.
511 3209 665 3293 Dignum
687 3211 793 3272 etiam
816 3230 919 3293 quam
942 3211 1091 3273 maxime
1115 3215 1175 3291 est,
1203 3216 1243 3273 ut
1266 3211 1364 3272 iuxta

64 3315 256 3382 articulum
275 3317 375 3398 huno,
395 3316 548 3381 Viennae
565 3315 761 3380 oonolusum
777 3321 888 3380 status
904 3322 939 3379 et
955 3315 1091 3380 ordines
1108 3318 1206 3400 regni
1222 3315 1364 3400 Hunga-

66 3428 143 3490 riae
167 3425 205 3487 in
227 3425 379 3506 ipsorum
402 3423 603 3508 privilegiis,
627 3421 855 3506 libertatibus,
879 3423 1193 3506 oonsvetudinibus,
1220 3423 1365 3507 aliisque

66 3529 231 3596 omnibus
259 3529 346 3594 inibi
374 3529 624 3612 comprehensis
650 3531 928 3595 immunitatibus
954 3554 1014 3615 per
1036 3533 1167 3616 regiam
1190 3552 1287 3595 suam
1319 3531 1364 3594 M.

183 3740 278 3794 ⁰Mar
297 3759 330 3796 az
352 3742 477 3796 16091111
497 3741 708 3812 orszlsggytiles
726 3741 889 3813 ke'nytelen
909 3743 972 3795 volt
991 3741 1170 3813 megujitani
1191 3757 1206 3793 e
1227 3739 1366 3810 101νὸ00-

67 3831 193 3886 ozikket
212 3849 245 3884 az
265 3829 394 3901 elfogult
413 3830 511 3884 varosi
530 3830 671 3900 polgarolr
691 3829 885 3900 makaosstga
905 3831 1001 3883 miatt.

185 3931 205 3958 ¹⁰
224 3923 252 3974 A
270 3926 410 3976 nevezett
433 3920 519 3974 oziklr
547 3920 601 3989 igy
629 3919 778 3988 hangzik:
807 3917 953 3984 Quoniam
983 3919 1070 3972 Cives
1099 3917 1305 3972 Cassovienses
1337 3923 1367 3968 et

67 4011 291 4082 Sopronianses,
311 4011 520 4081 nasciturque
540 4009 630 4062 titulo
649 4009 852 4075 000000010010,
873 4009 904 4060 10
923 4007 1150 4061 deductionibus
1173 4009 1311 4060 vinorum
1330 4004 1367 4057 ad

67 4107 175 4173 partes
193 4101 359 4170 superiores
388 4104 490 4152 eontra
509 4098 681 4152 libertatem
709 4096 941 4166 Regnioolarum
961 4098 1018 4151 sibi
1038 4097 1180 4167 quasdam
1202 4095 1366 4160 abusiones

67 4195 104 4243 01
136 4189 362 4260 praerogativas
395 4188 601 4256 introducere;
633 4186 811 4256 Nobilesque
845 4187 923 4256 ipsos
954 4194 985 4240 et
1016 4189 1147 4258 partium
1182 4186 1368 4256 superiorum

68 4278 264 4349 Regnioolas,
285 4295 336 4348 001
348 4277 460 4346 solitas,
480 4282 510 4330 et
524 4281 678 4330 consuetas
697 4277 762 4329 vias
785 4277 1013 4346 proficiscentes,
1033 4279 1063 4329 in
1078 4277 1208 4346 ipsorum
1227 4273 1368 4342 medium,

67 4385 144 4423 cum
157 4366 293 4420 cunibus
306 4367 438 4437 etoquia,
452 4383 487 4419 ao
496 4367 576 4419 vinis
589 4382 690 4418 eorum
704 4365 857 4435 impellere
871 4371 1038 4435 coeperunt.
1050 4361 1069 4437 ξ
1081 4367 1103 4418 1.
1115 4364 1185 4417 Ideo
1197 4362 1368 4416 conclusum

67 4465 139 4512 est:
162 4455 246 4521 Quod
266 4455 435 4526 hujusmodi
464 4472 573 4526 pravae
602 4455 766 4520 abusiones
790 4455 821 4506 in
841 4453 1057 4523 praejudicium
1086 4451 1319 4522 Regnioolarum
1338 4459 1368 4503 01

67 4548 186 4617 absque
206 4561 306 4599 eorum
327 4545 391 4615 pari
411 4544 575 4612 voluntate,
596 4548 626 4596 et
648 4559 790 4595 consensu
812 4543 998 4612 qualiterque
1019 4541 1223 4608 introducta03
1250 4540 1369 4610 penitus

69 4638 158 4690 0110
178 4640 355 4706 0010010010
374 4633 502 4688 abolitae
522 4635 592 4701 sint,
612 4639 643 4686 et
661 4633 837 4686 habeantur.
