3124 5216
1288 354 1353 420 681

61 553 175 635 (quem
199 551 328 616 Divina
352 552 544 616 Clementia
573 551 818 638 benignissime
850 552 977 630 arceat)
1011 573 1086 637 quo,
1120 557 1193 616 tam
1225 553 1355 617 alteno-

60 661 211 722 minatae
244 681 323 723 suae
357 659 478 724 Sacrae
520 660 715 743 Caesareae,
758 667 794 724 et
831 659 962 744 Regiae
1001 657 1213 743 Majestatis3
1252 683 1354 746 quam

60 765 208 849 praefati
232 765 449 830 serenissimi
472 767 718 849 Hispaniarum
741 767 849 852 Regis
872 766 1102 830 Masculinum
1126 766 1251 831 Semen
1274 766 1355 831 defi-

59 882 175 955 ceret,
208 875 303 937 avita
342 881 377 938 et
419 883 528 956 vetus,
562 873 750 958 approbata
789 874 1008 956 consuetude,
1048 877 1354 960 praerogativaque

60 980 295 1066 praefatorum
319 982 497 1046 Statutum
522 990 557 1047 et
582 981 759 1064 Ordinum,
782 984 820 1045 in
843 981 1030 1064 illectione,
1059 989 1094 1047 et
1126 982 1354 1048 Coronatione

57 1089 207 1174 Regum,
231 1111 331 1153 suum
355 1088 468 1154 locum
491 1087 625 1153 habeat.

170 1197 266 1261 1723.
289 1197 398 1260 Artic.
424 1197 452 1260 1.
481 1197 666 1260 Paternam
698 1219 787 1278 sane,
822 1203 857 1260 et
890 1197 1206 1262 Clementissimam
1238 1197 1354 1262 Sacra-

58 1306 212 1368 tissimae
237 1305 429 1386 Caesareae,
454 1313 488 1369 et
511 1305 646 1389 Regiae
669 1302 862 1388 Majestatis
895 1327 976 1390 erga
995 1305 1123 1387 Status,
1150 1311 1185 1368 et
1209 1303 1354 1368 Ordines

59 1411 176 1496 Regni
195 1413 232 1474 in
256 1415 431 1495 praesenti
455 1412 588 1494 Diaeta,
612 1412 818 1494 felicissime,
840 1420 876 1476 et
899 1415 937 1476 in
965 1411 1260 1498 frequentissimo;
1294 1415 1354 1476 vix

55 1519 243 1603 aliquando
267 1522 342 1583 viso
359 1541 500 1583 numero
517 1527 742 1605 congregatos
759 1522 1018 1604 propensionem
1035 1520 1129 1584 etad
1147 1521 1354 1603 permansio-

56 1647 138 1689 nem
161 1627 368 1708 Eorundem,
393 1649 432 1690 ao
456 1629 705 1691 incrementum
730 1626 859 1711 publici
883 1627 1002 1692 Status
1030 1627 1146 1711 Regni
1171 1626 1353 1710 Ungariae,

56 1734 287 1818 Partiumque
329 1735 440 1799 eidem
473 1757 692 1816 annexarum,
732 1756 859 1820 proque
898 1734 1105 1799 stabilienda
1144 1736 1181 1797 in
1219 1756 1354 1798 omnem

56 1863 184 1919 casum,
217 1843 323 1904 etiam
355 1849 473 1906 contra
516 1841 597 1904 Vim
640 1849 827 1924 externam,
860 1863 938 1906 cum
976 1843 1100 1905 vicinis
1138 1841 1279 1926 RegniS,
1319 1849 1354 1904 et

56 1949 252 2012 Provinciis
277 1949 529 2014 Haereditariis
554 1948 698 2029 Unione,
725 1957 760 2013 et
786 1949 1018 2014 conservanda
1044 1949 1231 2013 domestica
1262 1956 1354 2012 tran-

54 2057 235 2141 quillitate
256 2058 423 2122 directam
447 2079 563 2120 curam
587 2064 622 2120 et
645 2057 930 2139 sollicitudinem
955 2081 997 2122 ex
1014 2056 1172 2141 benignis
1188 2053 1354 2138 Ejusdem

55 2164 317 2229 Sacratissimae
346 2165 529 2230 Caesareae
554 2173 589 2228 et
612 2165 743 2249 Regiae
766 2162 969 2248 Majestatis,
993 2165 1037 2230 ad
1054 2163 1173 2228 Status
1197 2171 1231 2228 et
1256 2163 1354 2228 Ordi-

56 2293 117 2335 nes
143 2272 267 2356 Regni,
293 2273 517 2357 Partiumque
541 2272 653 2336 eidem
677 2294 887 2336 annexarum
911 2272 1186 2338 Clementissime
1220 2293 1354 2336 emana-

55 2380 103 2441 tis
128 2378 256 2442 Litoris
280 2378 487 2463 Regalibus;
512 2401 551 2442 ac
575 2381 759 2442 novissime
776 2377 878 2443 factis
894 2379 1209 2463 Propositionibus;
1227 2379 1353 2443 devoto

55 2506 138 2547 sane
162 2484 366 2570 homagialis
391 2485 590 2548 Fidelitatis
614 2485 812 2550 Eorundem
836 2486 917 2568 ze10,
945 2492 980 2550 et
1013 2487 1186 2550 constanti
1218 2485 1352 2551 fervore

54 2591 252 2657 humillime
284 2593 536 2677 intelligentes,
570 2614 629 2674 pro
662 2592 726 2656 hoo
758 2615 840 2677 erga
872 2594 1020 2658 Eosdem
1058 2593 1352 2658 Clementissimae

56 2698 214 2763 exhibito
238 2701 379 2764 Paterni
403 2700 547 2764 affectus
570 2699 770 2764 Gratiarum
793 2701 961 2786 singulari
993 2707 1084 2783 voto,
1117 2701 1252 2785 quodve
1285 2721 1354 2764 non

54 2807 276 2872 obstantibus
300 2810 337 2872 in
360 2809 542 2872 adversum
565 2806 745 2892 quibusvis
761 2809 984 2892 gravissimiS,
1001 2808 1142 2874 Sacrum
1157 2809 1352 2873 Romanum

55 2913 254 2996 imperinm,
279 2922 314 2979 et
337 2917 551 2998 Europaeam
574 2917 726 2999 quietem
750 2915 974 3000 tangentibus
999 2917 1097 2994 curis,
1116 2922 1150 2980 θῇ
1170 2914 1352 2997 laboribus

54 3024 93 3084 in
117 3022 270 3086 medium
294 3021 448 3086 fidelium
473 3022 634 3086 Statuum
658 3043 797 3085 suorum
821 3029 929 3085 semet
952 3021 1124 3103 conferre,
1150 3031 1185 3086 et
1204 3022 1352 3085 Eosdem

55 3132 93 3192 in
126 3129 307 3196 Altissima
340 3130 465 3194 iisdem
504 3151 634 3193 summe
668 3130 872 3194 Veneranda
914 3131 1063 3194 Persona
1102 3152 1171 3210 sua,
1211 3135 1351 3212 paterne

53 3236 241 3318 consolari,
275 3245 310 3302 θῇ
341 3240 491 3321 primum
516 3259 555 3300 ac
577 3245 658 3300 ante
682 3239 805 3318 omnia,
838 3236 1000 3321 nullaque
1025 3239 1165 3320 praevia
1197 3235 1352 3300 fidelium

57 3343 231 3426 Statuum,
255 3353 290 3408 et
315 3345 484 3409 Ordinum
503 3351 643 3408 eatenus
668 3346 852 3426 praemissa
876 3344 1070 3408 humillima
1086 3343 1352 3427 Supplicatione.

54 3475 97 3516 ex
122 3474 208 3537 puro
232 3475 313 3538 erga
336 3453 485 3517 Eosdem
508 3453 656 3516 Paterno
689 3451 825 3534 affectu,
849 3453 1026 3515 universos
1050 3451 1169 3515 Status
1194 3459 1229 3514 et
1254 3450 1352 3515 Ordi-

54 3581 117 3623 nes
140 3560 255 3645 Regni
279 3563 333 3624 sui
356 3560 589 3624 Haereditarii
613 3559 795 3644 Ungariae,
829 3559 1061 3644 Partiumque,
1084 3559 1293 3643 Regnorum,
1317 3566 1352 3621 et

56 3670 314 3750 provinciarum
346 3668 459 3732 eidem
492 3688 711 3748 annexarum,
744 3669 781 3730 in
813 3664 971 3730 omnibus
1003 3673 1076 3730 tam
1104 3665 1351 3748 Diplomaticis,

55 3796 163 3859 quam
186 3775 263 3839 aliis
287 3774 467 3860 quibusvis
490 3773 643 3856 Juribus,
668 3772 914 3855 Libertatibus,
948 3772 1155 3856 Privilegiis,
1187 3771 1352 3835 immuni-

54 3879 198 3964 tatibus
215 3880 540 3962 ConsuetudinibuS,
560 3881 824 3964 Praerogativis,
843 3886 878 3942 et
902 3878 1062 3964 Legibus,
1087 3879 1252 3942 hactenus
1275 3899 1352 3941 con-

54 3991 168 4070 cessis,
188 3996 223 4052 θῇ
247 3990 404 4072 conditio,
437 4011 475 4052 ac
508 3990 545 4052 in
578 3989 749 4071 praesenti
781 3987 914 4068 Diaeta,
938 3993 973 4050 et
996 3988 1034 4049 in
1057 3984 1214 4049 futurum
1238 3987 1351 4067 etiam,

54 4097 263 4162 Diaeta-liter
286 4097 471 4160 condendis
495 4101 773 4160 conservaturam
792 4094 931 4174 offerre;
957 4099 992 4156 et
1017 4093 1161 4174 easdem,
1178 4115 1217 4156 ao
1233 4114 1352 4155 earun-

55 4205 136 4269 dem
160 4205 313 4290 singulas
336 4205 613 4269 Clementissime
637 4201 836 4266 confirmare
861 4202 1004 4284 dignata
1029 4199 1169 4281 fuisset,
1201 4199 1351 4263 humilli-

53 4335 137 4392 mae,
177 4320 212 4376 et
250 4335 353 4398 quam
392 4319 542 4395 possunt,
581 4312 747 4374 maximas
791 4309 1050 4372 Sacratissimae
1089 4307 1273 4371 Caesareae
1312 4329 1351 4370 ac

55 4421 189 4504 Regiae
212 4417 389 4501 Majestati
413 4419 489 4482 ideo
513 4421 618 4482 etiam
641 4419 771 4503 gratias
799 4415 972 4494 referunt3

165 4525 193 4610 ξ.
219 4529 246 4592 1.
271 4528 368 4604 Quod
393 4528 617 4591 Foemineum
634 4547 767 4610 quoque
785 4524 912 4588 Sexum
929 4523 1205 4608 Angustissimae
1221 4523 1351 4587 Domus

54 4635 143 4700 Suae
160 4634 371 4716 Austriacae,
394 4656 500 4719 usque
525 4634 567 4697 ad
593 4629 757 4716 Ejusdem
781 4639 816 4695 et
840 4630 883 4694 ab
907 4631 1038 4695 Eodem
1061 4630 1350 4695 Descendentium
