3192 5214
68 563 239 642 iuerimuS,
269 581 395 644 omnes,
428 563 488 645 qui
520 560 714 627 Comitatus

67 667 204 752 habent,
243 669 302 733 uel
335 671 514 752 pecuniam
552 673 714 752 nostram,

66 774 246 840 nobiscum
269 777 320 840 irc
346 781 536 841 teneantur.

109 991 140 1054 8.
179 991 363 1056 Palatinus
402 1011 519 1056 omnes
559 990 714 1056 homines

66 1099 182 1185 Regni
204 1102 318 1164 nostri
341 1097 579 1165 indifferenter
603 1100 714 1164 discu-

67 1210 143 1272 ciat.
174 1207 244 1273 Sed
277 1229 413 1272 causam
446 1206 624 1290 nobilium,
647 1228 713 1291 que

1 1339 2 1368 i
65 1315 107 1380 sd
140 1315 375 1399 perdicionem
407 1314 549 1400 Capitis,
581 1315 638 1380 vel
670 1315 714 1379 ad

66 1423 341 1487 destruccionem
367 1425 616 1506 possessionum
641 1446 714 1507 per-

66 1532 191 1611 tinent,
230 1532 304 1595 sine
351 1533 561 1596 consciencia
606 1531 714 1617 Regis

65 1639 254 1701 tenninare
277 1658 348 1701 non
371 1639 486 1722 possit.
511 1637 646 1704 Iudices
663 1641 715 1704 vi-

65 1747 176 1808 carios
199 1765 271 1808 non
294 1743 428 1828 habeat,
452 1747 519 1810 nisi
547 1767 654 1811 unum
678 1749 715 1812 in

64 1850 170 1916 Curia
195 1873 266 1916 sua.

110 3038 140 3103 9.
168 3038 318 3104 Cerialis
334 3039 456 3104 Comes
474 3031 716 3122 noster,d0nec

65 3149 103 3210 in
125 3145 236 3210 Curia
258 3148 432 3228 manserit,
465 3165 581 3210 omnes
610 3147 716 3229 possit

64 3255 223 3318 iudicare
255 3259 290 3316 et
313 3270 450 3318 causam
472 3255 510 3317 in
538 3251 642 3318 Curia
666 3255 717 3317 in-

65 3369 204 3426 coctam
242 3359 371 3446 ubique
409 3362 602 3425 terminare.
649 3359 716 3426 Sed

1 3551 2 3560 ,
65 3489 212 3533 manens
243 3471 281 3533 in
313 3467 438 3532 Predio
472 3487 541 3550 suc,
575 3467 717 3532 Prista]-

65 3575 150 3640 dnm
175 3575 259 3640 dare
282 3595 352 3640 non
376 3577 491 3659 possit,
515 3597 578 3640 nee
603 3582 717 3658 partes

67 3683 181 3748 facere
206 3683 316 3746 citari.

1327 365 1391 432 137

769 564 926 628 inimicos
959 585 993 628 se
1026 584 1194 648 opponere
1223 571 1415 630 teneantur.

768 667 939 756 Regresso
971 675 1234 754 superveniente
1262 672 1415 740 hostiurn

769 779 931 860 exercitu
942 797 1003 862 pro
1019 779 1175 845 vindicta
1192 783 1282 864 ipsos
1299 789 1415 846 tenen-

768 891 827 949 tur
850 889 1015 971 persequi.

815 993 866 1057 17.
890 993 1070 1058 Palatinus
1093 1015 1174 1060 vero
1208 1002 1324 1062 omnes
1356 998 1416 1062 ho-

768 1101 877 1164 mines
887 1098 1128 1165 indifferenter
1136 1102 1310 1188 discutiat,
1321 1127 1415 1189 pree·

768 1213 823 1272 ter
868 1227 1027 1290 personas
1074 1209 1341 1296 Ecclesiasticus,
1381 1221 1415 1278 et

769 1315 928 1396 Clericos,
945 1319 979 1378 et
996 1323 1132 1398 praeter
1150 1339 1285 1384 caussas
1295 1320 1416 1384 Matri-

768 1424 942 1506 moniales,
968 1431 1002 1488 et
1035 1423 1150 1508 Dotes,
1183 1433 1218 1490 et
1243 1425 1328 1492 alias
1352 1427 1417 1492 Ec·

768 1531 985 1613 clesiasticas,
1031 1553 1244 1618 quacumque
1283 1538 1415 1600 ratione

768 1637 934 1702 videntur
965 1639 1008 1702 ad
1033 1639 1314 1708 Ecclesiasticum
1339 1665 1416 1707 exa-

769 1767 848 1810 men
874 1749 1052 1828 pertinere.

817 1959 866 2023 18.
890 1958 1021 2024 Causae
1049 1959 1237 2044 Nobilium,
1262 1985 1348 2047 quae
1373 1965 1414 2028 ad

770 2067 998 2152 perditionem
1021 2069 1164 2154 Capitis,
1196 2077 1257 2135 aut
1285 2071 1417 2136 destru-

770 2178 919 2240 ctionem
952 2178 1201 2259 possessionum
1233 2178 1417 2243 earundem

771 2285 954 2366 pertinent,
978 2286 1050 2348 sine
1074 2287 1282 2350 conscientia
1306 2285 1417 2371 Regia

773 2411 833 2474 per
864 2390 977 2454 nullos
1009 2389 1145 2455 Iudices
1179 2395 1417 2457 terminentur.
1514 2411 1521 2432 ⁴

818 2496 868 2561 19.
892 2497 1071 2562 Palatinus
1103 2497 1238 2564 Iudices
1270 2501 1417 2566 vicarios

772 2625 841 2668 non
864 2604 999 2689 habeat,
1032 2609 1100 2670 nisi
1127 2610 1267 2672 unicum
1290 2611 1328 2672 in
1351 2608 1417 2673 Cu-

771 2713 822 2776 ria
847 2733 916 2776 sua.
940 2713 988 2777 Et
1011 2719 1133 2778 caveat
1156 2714 1351 2800 diligenter,
1375 2737 1417 2779 ne

771 2825 890 2884 contra
906 2843 1064 2904 praesens
1075 2821 1254 2887 Statutum
1268 2822 1416 2908 aliquem

767 2923 909 3010 judicet,
933 2928 990 2994 vel
1014 2930 1226 2994 condemnet.

816 3034 965 3100 Cerialis
989 3036 1111 3101 Comes
1134 3043 1258 3120 noster,
1282 3037 1365 3102 dum
1381 3041 1419 3102 in

771 3140 875 3208 Curia
899 3149 1016 3208 nostra
1040 3149 1156 3208 manet
1181 3165 1297 3209 omnes
1326 3143 1419 3228 judi-

771 3257 843 3332 cet;
889 3256 925 3314 et
971 3271 1108 3314 causam
1145 3252 1354 3316 inchoatam·
1381 3255 1418 3316 in

771 3363 887 3422 nostra
921 3356 1027 3422 Curia
1059 3357 1187 3443 ubique
1220 3362 1327 3443 possit
1351 3367 1418 3424 ter-

771 3467 910 3548 minare,
944 3464 1004 3529 sed
1036 3468 1186 3530 existens
1210 3470 1247 3530 in
1280 3467 1418 3550 praedio

771 3593 832 3636 suo
864 3572 921 3636 vel
954 3571 1038 3638 alibi
1071 3579 1168 3638 extra
1196 3574 1338 3639 Curiam
1361 3595 1419 3638 no-

771 3686 887 3762 stram,
920 3703 982 3744 nec
1014 3680 1094 3745 dare
1127 3679 1333 3764 Prestaldos,
1357 3703 1419 3746 nec

772 3789 892 3852 Partes
917 3791 1024 3872 possit
1048 3791 1149 3854 citari
1172 3789 1293 3854 facere.

818 3897 869 3959 21.
903 3896 950 3960 Et
984 3899 1066 3981 quia
1097 3897 1201 3960 multi
1232 3899 1269 3960 in
1296 3897 1418 3980 Regno

772 4003 958 4067 laeduntur
991 4026 1051 4088 per
1084 4003 1188 4068 falsos
1213 4003 1418 4086 PrestaldOS,

772 4109 972 4194 Curationes,
996 4111 1053 4175 vel
1081 4113 1278 4176 testimonia
1302 4131 1419 4175 eorum

772 4241 842 4284 non
859 4219 1007 4300 valeant,
1023 4222 1091 4283 nisi
1107 4241 1167 4303 per
1182 4219 1419 4282 testimonium

772 4326 974 4390 Dioecesani
989 4326 1160 4410 Episcopi,
1170 4325 1226 4390 vel
1247 4324 1419 4408 Capituli3

773 4456 835 4498 nee
859 4432 1061 4497 falsificatus
1089 4431 1288 4496 Prestaldus
1312 4434 1419 4514 possit

773 4564 808 4605 se
821 4538 1020 4625 justificare,
1030 4541 1098 4604 nisi
1109 4538 1307 4603 eorumdem
1322 4541 1420 4603 testi-

773 4650 905 4712 moniis.
930 4647 972 4711 In
995 4650 1105 4712 causis
1130 4667 1212 4710 vero
1236 4646 1419 4730 Minorem,
