3182 5210
182 341 247 408 190

181 537 348 621 supplicia
372 539 445 620 ipso
469 537 525 602 die
549 539 736 602 secundum
752 538 920 604 iudicium
941 539 945 618 l
965 546 1121 606 nostrum
1145 551 1180 605 at
1204 543 1477 608 consiliariorum

181 653 375 712 nostrorum
398 647 573 728 receperit.

288 753 379 826 Item
395 756 631 836 concessimus,
647 756 738 840 quod
762 758 792 820 si
816 758 892 840 quie
915 755 1085 820 nobilium
1106 759 1180 822 sive
1204 758 1379 822 Saxonum
1403 780 1478 841 pre-

181 863 352 926 dictorum
376 863 449 926 sine
472 861 597 926 herede
621 861 813 944 decesserit,
838 866 1064 946 possessiones
1088 866 1136 928 sie
1160 864 1357 930 decedentis
1379 866 1478 930 here-

181 971 315 1050 ditarie,
347 969 517 1052 empticie,
541 968 597 1033 vel
630 970 738 1034 eciam
770 972 938 1055 acquisita
970 969 1167 1036 nullatenus
1200 969 1350 1038 debeant
1373 972 1478 1036 conli-

180 1078 276 1142 seari.
300 1073 484 1162 Sednidem
503 1076 669 1140 decedens
686 1079 886 1162 propinquis
901 1080 972 1142 suis
994 1085 1056 1142 aut
1079 1078 1184 1143 alicui
1208 1081 1477 1164 propinquorum

181 1206 240 1247 seu
263 1184 363 1247 uxori
386 1181 443 1247 vel
466 1185 575 1248 eciam
597 1183 773 1265 eoelesiIsl
796 1206 857 1268 pro
889 1185 1040 1250 remedio
1072 1187 1185 1250 anime
1218 1207 1277 1250 sue
1300 1184 1415 1271 legare
1438 1189 1478 1250 in

180 1288 556 1372 morte,velconfer1e
588 1294 625 1356 in
658 1295 732 1356 vita
765 1295 956 1378 cuicunque
988 1291 1138 1358 voluerit
1171 1291 1315 1358 liberam
1347 1292 1477 1359 habeat

181 1397 391 1462 facultatem.

288 1505 377 1570 Item
401 1509 430 1570 si
453 1508 513 1590 qui
537 1505 668 1572 nobiles
691 1517 753 1572 aut
771 1507 833 1571 alii
855 1515 1060 1571 nocumenta
1084 1507 1276 1590 intulerint,
1292 1509 1322 1571 si
1344 1529 1387 1570 ex
1410 1505 1478 1571 ole-

181 1616 313 1678 meneia
345 1616 438 1698 regia
473 1617 624 1697 personis
662 1637 779 1680 eorum
819 1637 955 1699 parcere
993 1621 1158 1698 oporteat,
1196 1615 1253 1679 vel
1292 1614 1477 1679 debeamus

180 1719 440 1806 querelantibus
463 1730 579 1786 tamen
603 1725 776 1788 iusticiam
800 1723 1030 1789 omnimodam
1054 1723 1227 1788 faciemus.

287 1829 377 1894 Item
401 1831 430 1894 si
453 1833 530 1914 quis
559 1853 613 1894 ma
636 1831 864 1906 llefaotorum
883 1851 996 1895 coram
1015 1829 1130 1916 aliquo
1148 1831 1273 1896 Judice
1296 1833 1477 1896 convictus

180 1937 356 2023 aufugerit
380 1937 577 2002 nullatenus
592 1941 714 2021 ipsum
745 1941 956 2021 recipiemus,
988 1959 1051 2002 nac
1084 1937 1301 2002 defensamus
1324 1945 1360 2002 et
1383 1940 1477 2000 simi-

181 2045 262 2110 liter
285 2067 345 2128 per
368 2045 519 2110 Berones
543 2045 715 2112 noluimus
738 2069 801 2110 nec
830 2048 1001 2129 paciemus
1025 2044 1206 2110 defensari.

288 2155 451 2220 Preterea
475 2157 506 2219 si
528 2155 635 2240 aliqui
659 2177 700 2218 ex
725 2157 808 2238 ipsis
839 2153 1039 2239 Regnioolis
1072 2157 1198 2218 nostris
1231 2158 1268 2218 vi
1300 2156 1357 2220 vel
1380 2162 1477 2219 metu

183 2263 408 2343 possessiones
440 2284 518 2327 suas
551 2262 791 2340 vendiderunt,
824 2271 885 2326 aut
924 2285 1001 2326 oum
1025 2264 1214 2328 vendentes
1245 2266 1476 2328 instrumenta

180 2371 285 2435 vendi
304 2369 309 2450 Ι
331 2372 438 2434 cionis
465 2379 584 2436 eontra
608 2393 644 2436 se
667 2369 928 2454 prepotentibus
951 2369 1073 2435 confici
1104 2371 1239 2436 cohaoti
1271 2371 1422 2454 fuerunt,
1446 2375 1476 2436 si

180 2476 377 2560 huiusmodi
417 2479 583 2544 violencia
607 2479 680 2544 sive
709 2487 820 2542 metue
853 2477 1008 2564 legitime
1041 2485 1076 2543 et
1109 2477 1366 2543 racionabiliter
1397 2499 1477 2542 oon-

181 2586 319 2667 stiterit,
343 2587 572 2650 instrumenta
598 2587 715 2651 taliter
737 2585 893 2650 confecta
917 2587 1007 2650 sicut
1030 2585 1163 2650 viribus
1191 2593 1336 2650 vacuata
1361 2593 1395 2650 et
1421 2609 1477 2669 pe-

180 2694 274 2756 nitus
299 2692 499 2773 red(denda)
516 2745 523 2757 .
540 2745 546 2758 .
564 2745 570 2758 .

289 2798 379 2864 Item
403 2799 453 2880 (in
487 2801 724 2882 possessiones)
757 2799 912 2864 nobilum
939 2821 999 2864 seu
1032 2801 1205 2864 Saxonum
1243 2800 1477 2884 predictorum

58 2909 61 2920 '
180 2929 249 2972 non
273 2909 380 2989 possit
403 2909 546 2972 introire
569 2913 752 2972 extraneus
786 2909 921 2972 racione
944 2907 947 2987 Ι
968 2907 1059 2971 dotia
1092 2915 1152 2971 aut
1186 2909 1321 2971 racione
1353 2915 1476 2992 quarte

180 3011 317 3076 filiabus
340 3011 465 3094 debite,
489 3013 547 3078 sed
571 3013 713 3078 heredes
745 3013 994 3095 decedentium,
1017 3012 1074 3076 vel
1107 3015 1329 3095 proximiores
1352 3015 1395 3078 de
1418 3037 1477 3100 ge-

180 3122 359 3184 ner-amone
392 3142 453 3184 sua
491 3121 664 3186 redimant
702 3143 758 3185 eas
798 3120 985 3184 secundum
1022 3121 1316 3184 existimacionem
1347 3123 1475 3185 iustam

179 3229 278 3311 regni
300 3233 415 3291 nostre
438 3235 649 3316 consuetam,

287 3333 378 3398 Item
401 3334 553 3400 Comites
577 3335 793 3400 Parochiales
810 3385 816 3398 .
834 3385 864 3398 ..
890 3356 1026 3398 causam
1056 3336 1099 3398 ad
1131 3333 1301 3416 predictos
1325 3335 1477 3400 Saxones

181 3441 424 3506 Transilvanos
440 3463 509 3506 non
522 3445 590 3508 nisi
606 3445 643 3508 in
659 3442 771 3507 tribus
787 3443 950 3524 articulis,
967 3442 1130 3506 videlicet
1150 3441 1208 3506 fur
1229 3443 1233 3520 1
1253 3449 1290 3507 to
1313 3449 1348 3506 et
1372 3443 1477 3508 latro-

178 3551 279 3630 cini0,
304 3547 396 3613 fecto
420 3548 630 3614 decimarum
654 3557 689 3614 et
712 3559 927 3614 monetarum
951 3548 1099 3614 debeant
1123 3549 1284 3614 iudicare.

288 3655 378 3720 Item
402 3659 431 3721 si
455 3655 563 3741 aliqui
586 3659 738 3739 ipsorum
755 3679 815 3738 per
838 3659 999 3722 comitem
1027 3655 1256 3738 parochialem
1276 3679 1311 3721 se
1330 3662 1476 3724 senserit

180 3771 394 3847 agravatum,
411 3767 520 3846 ipsam
537 3787 673 3828 eausam
698 3771 835 3829 revocet
858 3771 893 3828 et
917 3765 1059 3828 reducat
1083 3765 1193 3828 nostri
1215 3765 1337 3829 iudicii
1359 3766 1402 3830 ad
1420 3815 1426 3830 .
1443 3817 1476 3831 ..

180 3893 257 3934 oum
278 3879 415 3935 centum
432 3871 629 3936 hominibus
646 3869 738 3936 infra
754 3872 812 3936 vel
828 3893 929 3955 supra
946 3873 1137 3936 iuraverint
1161 3893 1229 3936 non
1248 3875 1315 3936 nisi
1331 3873 1476 3958 quadra-

179 3980 277 4062 ginta
302 3978 458 4042 denarios
483 3981 699 4063 purgacionis
723 3979 854 4044 solvere
878 3986 1071 4044 teneantur.

287 4085 386 4166 Item,
410 4087 440 4149 si
472 4087 549 4170 quis
587 4084 756 4150 nobilium
794 4085 851 4149 vel
884 4085 1058 4150 Saxonum
1093 4085 1304 4168 prefatorum
1336 4105 1475 4150 suorum

181 4195 406 4273 possessiones
429 4215 507 4256 suas
532 4215 591 4276 pro
616 4195 686 4256 suis
710 4196 904 4258 excessibus
921 4201 955 4256 et
981 4192 1158 4257 maleficiis
1174 4196 1334 4259 amittere
1350 4192 1476 4257 debeat

179 4299 236 4363 vel
269 4303 456 4384 contingat,
493 4302 632 4385 cognati
664 4302 783 4386 ipsius
804 4309 840 4364 et
874 4301 1056 4384 propinqui
1089 4304 1333 4384 possessionem
1365 4303 1475 4383 ipsam

180 4407 371 4472 redimendi
403 4407 553 4472 habeant
586 4407 796 4491 facultatem,
820 4429 863 4472 ne
886 4409 924 4470 in
955 4405 1222 4490 possessionibus
1256 4408 1400 4490 propriis
1439 4414 1476 4470 et

180 4515 278 4578 aritia
302 4523 502 4578 extraneum
527 4514 666 4578 doleant
690 4535 922 4596 possessorem.

287 4619 377 4684 Item
410 4621 578 4704 volumus,
610 4622 702 4706 quod
737 4621 906 4706 Voyvoda
948 4621 1195 4686 Transilvanus
1233 4620 1366 4685 nobiles
1400 4623 1476 4686 eive
