3138 5212
1273 365 1339 430 449

155 561 253 626 inter
274 561 439 626 Dominos
463 560 612 626 Saxones
635 561 672 623 in
695 559 900 642 apparandis
925 560 1098 643 peditibus
1123 562 1203 626 talis
1219 563 1345 630 modus

58 680 88 732 et
102 670 182 734 crdo
205 669 422 752 observetur;
445 669 587 734 Judices
610 668 714 752 Regii
738 689 816 732 cum
839 667 973 732 civibus
997 677 1032 732 et
1055 669 1245 734 Consulatu
1261 691 1340 736 mox

58 779 122 840 sine
145 800 239 843 mora
262 801 303 843 ex
328 778 474 864 singulis
499 777 711 844 Civitatibus
735 777 777 844 ad
796 780 1020 860 possessiones
1037 778 1189 863 singulas
1209 780 1340 864 egredi-

57 894 152 948 antur
166 893 201 949 et
226 887 410 970 inspiciant
433 892 469 950 at
492 891 737 950 connumerent
753 884 959 969 singillatim
974 907 1091 950 ornnes
1107 887 1341 971 quarumlibet

59 995 298 1072 possessionum
322 1015 490 1078 personna,
513 992 748 1058 Consimiliter
772 995 877 1056 etiam
901 994 1114 1078 singularum
1146 994 1341 1060 Ciuitatum

58 1103 141 1164 viros
175 1099 383 1183 perlustrant
415 1099 602 1183 habitoque
635 1097 771 1161 delectu
804 1098 964 1163 ordinent
997 1102 1089 1162 viros
1129 1100 1172 1164 ad
1211 1101 1341 1166 bellum

56 1218 156 1290 aptos,
189 1218 224 1272 et
257 1230 296 1271 ea
328 1210 366 1271 in
397 1229 433 1270 re
466 1209 516 1270 ita
548 1213 663 1290 agant,
695 1213 735 1268 ut
768 1206 891 1291 dignas
923 1213 958 1269 et
991 1207 1157 1271 militares
1183 1230 1341 1291 personas

56 1314 217 1379 adornent
241 1323 275 1378 at
307 1317 490 1378 instruant.

157 1423 392 1487 Decreverunt
416 1431 531 1486 autem
550 1420 679 1485 ibidem
695 1429 735 1485 ut
751 1422 880 1507 singuli
897 1443 1091 1486 communes
1108 1424 1239 1507 pedites
1257 1426 1341 1490 duos

56 1527 194 1593 florenos
228 1532 264 1592 in
297 1529 509 1612 stipendium
541 1526 666 1591 habere
700 1527 856 1610 debeant,
890 1528 984 1621 nullo
1013 1530 1113 1594 modo
1144 1531 1227 1614 plus.
1251 1533 1342 1598 Item

56 1646 188 1701 centum
206 1635 378 1721 peditibus
395 1635 613 1719 praeficiatur
628 1657 716 1699 unus
732 1636 940 1720 Capitaneus
957 1636 1130 1720 Centurio,
1147 1641 1206 1724 qui
1216 1639 1342 1705 habeat

56 1745 196 1828 singulis
220 1743 393 1808 mensibus
416 1741 560 1807 florenos
576 1766 644 1807 sex.
660 1743 886 1827 Tympanista
905 1751 975 1807 tres
991 1742 1143 1810 florenos.
1159 1746 1343 1811 Vexillifer

56 1849 120 1915 flor.
144 1860 224 1916 tres.
247 1852 457 1915 Decuriones
472 1850 543 1914 flor.
559 1859 638 1933 tres,
654 1853 714 1935 qui
730 1852 864 1935 quoties
880 1857 914 1913 et
934 1852 1203 1939 quandocunque
1221 1855 1342 1918 Sacrae

56 1957 251 2022 Maiestates
275 1957 499 2042 personaliter
522 1959 693 2020 moverint
716 1957 772 2022 vel
796 1959 825 2020 si
849 1957 939 2020 forte
962 1958 1134 2022 Nobilitas
1164 1963 1342 2043 capitatim

57 2067 285 2143 insurrexerit,
302 2069 338 2130 in
355 2089 512 2150 campum
528 2069 600 2130 sine
620 2069 837 2130 cunctatione
861 2068 1083 2149 egrediantur
1107 2070 1342 2153 praesentibus

56 2173 235 2240 Judicibus
259 2177 379 2260 Regiis
403 2186 437 2240 et
462 2177 632 2241 Senatorii
656 2178 785 2240 ordinis
809 2178 953 2244 Civibus
979 2176 1112 2242 duobus
1138 2199 1180 2240 ex
1197 2177 1342 2260 singulis

56 2283 263 2347 civitatibus.
295 2285 431 2348 Placuit
464 2287 568 2348 etiam
602 2293 640 2348 ut
674 2283 847 2368 equitibus
880 2287 916 2348 in
940 2285 1092 2368 singulos
1117 2307 1248 2348 menses
1272 2283 1342 2350 flor.

58 2403 120 2453 tres
144 2391 280 2454 dentur.

57 2678 213 2751 Sueban
234 2681 357 2752 varos
380 2681 644 2751 tanacsatnak
666 2681 803 2751 levale
827 2699 908 2771 egy
923 2701 1021 2772 mag
1035 2701 1134 2752 nem
1149 2683 1344 2752 nevazett

521 2788 636 2858 sabaz
659 2788 874 2858 varoshoz.

58 2953 201 3019 Arausa
226 2955 364 3020 creutzeri
393 2955 590 3020 leeeltrirbou
625 2955 691 3020 leoli
725 2955 893 3019 eraletr'rdl
926 2953 1041 3020 ticum
1070 2954 1213 3022 Scirtari.
1240 2957 1344 3021 Acten

497 3061 570 3127 arrad
593 3062 707 3128 Daton
731 3068 787 3128 eir.
811 3065 863 3126 ald.
888 3062 907 3128 l.

159 3249 352 3313 Prudentes
377 3255 410 3312 et
435 3250 682 3332 Circumspecti
707 3250 837 3314 domini
861 3257 896 3313 et
918 3252 1020 3313 amici
1043 3250 1233 3313 honorandi
1250 3250 1345 3316 Salu-

58 3369 130 3422 tem.
164 3356 403 3421 Intelleximus
437 3364 554 3421 contra
588 3355 733 3420 formam
765 3366 800 3420 et
833 3356 1040 3420 laudabilem
1064 3358 1345 3420 consuetudinem

58 3465 292 3528 universitatis
316 3463 488 3528 Saxonum
513 3463 701 3548 (hueusque
727 3467 780 3547 pia
797 3464 1013 3528 observatam
1029 3467 1066 3528 in
1082 3464 1247 3528 electione
1263 3467 1345 3528 novi

57 3570 293 3656 Magistratus)
322 3571 516 3635 inordinate
549 3578 584 3634 et
622 3573 826 3654 inoportuna
865 3571 1050 3655 proceditis
1088 3594 1197 3656 nequa
1236 3573 1346 3654 ipsam

57 3679 208 3744 debitam
240 3687 275 3742 et
308 3678 500 3763 legitimam
532 3679 733 3744 electionem
766 3679 840 3743 fieri
874 3682 1084 3763 permittitis,
1114 3703 1174 3763 par
1197 3679 1346 3743 delectos

57 3786 284 3871 quadraginta
315 3787 417 3867 viros,
450 3785 508 3849 sed
541 3786 767 3850 tumultuarie
800 3808 867 3850 una
901 3807 979 3849 cum
1002 3793 1075 3849 tota
1100 3788 1346 3848 communitate

57 3901 169 3958 vestra
202 3895 312 3975 ipsam
345 3891 547 3956 electionem
580 3896 661 3957 novi
694 3894 920 3978 Magistratus
959 3893 1068 3956 vestri
1107 3894 1271 3976 peragitis
1310 3891 1346 3956 in

57 3999 261 4085 clerogamen
284 3999 467 4063 laudabilis
491 4002 747 4065 consuetudinis
771 4001 1018 4066 Universitatis
1043 4000 1223 4064 Saxonum.
1248 3999 1345 4076 Quod

58 4107 201 4191 amplius
234 4129 254 4172 a
286 4106 385 4172 vobis
417 4129 633 4192 nequaquam
666 4108 740 4172 fieri
773 4108 941 4172 volumus.
974 4108 1086 4184 Quare
1111 4106 1346 4189 praesentibus

58 4215 153 4280 vobis
181 4237 201 4279 a
233 4217 358 4279 minori
392 4237 498 4300 usque
536 4216 579 4280 ad
619 4218 807 4280 maximum
840 4214 986 4278 firmiter
1025 4215 1272 4278 committimus
1312 4221 1347 4277 et

59 4323 257 4387 mandamus
280 4331 448 4408 quatenus
464 4325 548 4406 ipsis
564 4324 793 4408 quadraginta
810 4322 951 4386 delectis
968 4324 1053 4387 viris
1070 4323 1194 4386 vestris
1211 4322 1347 4386 electio-

59 4451 133 4494 nem
149 4431 232 4494 novi
254 4429 482 4516 Magistratus
506 4433 614 4496 vestri
643 4434 679 4494 in
703 4431 874 4494 ordinario
896 4432 1016 4514 vigore
1041 4431 1239 4514 permittere
1263 4429 1347 4494 veli·

60 4540 101 4602 tis
124 4547 160 4604 et
184 4534 338 4604 debeatis
361 4543 401 4602 ut
424 4539 491 4621 ipsi
515 4539 756 4602 auctoritatem
781 4537 968 4620 plenariam
992 4537 1168 4601 electionis
1187 4533 1347 4602 habeant.

60 4643 103 4710 Et
135 4669 236 4713 nemo
268 4670 309 4712 ex
343 4651 588 4713 communitate
620 4657 737 4714 vestra
770 4650 807 4711 in
837 4649 901 4713 hac
926 4655 1021 4731 parte
1046 4649 1229 4732 quicquam
1253 4647 1347 4730 loqui

112 4785 238 4832 Herculi:
254 4787 275 4831 Δ
290 4799 390 4842 magyar
404 4788 515 4832 tortenet
529 4786 620 4830 kutfoi.
1204 4770 1239 4822 29
