3192 5214
228 340 273 406 98

227 545 263 604 et
289 541 344 604 ita
378 539 506 622 periuri
538 540 672 606 inventi
705 535 846 620 fuerint,
880 557 939 620 pro
972 538 1242 610 commutacione
1264 535 1383 620 lingue
1406 534 1526 598 decem

225 667 349 730 pensas
372 645 517 728 solvent,
541 652 575 710 et
600 646 785 710 cannonice
809 646 995 728 peniteant.

336 755 365 818 2.
398 745 450 818 De
483 749 539 818 tis
573 751 635 838 qui
665 748 874 818 seruientem
909 747 1065 817 aliorum
1105 745 1272 825 detinent.
1311 749 1527 832 Preeipimus

110 853 112 858 ’
228 861 345 942 eciem,
369 865 409 923 ut
434 860 525 924 idem
548 861 638 944 regis
662 860 808 924 nuncius
828 858 941 942 palam
957 855 1062 921 faciat
1078 855 1237 942 omnibus
1253 863 1326 920 tam
1341 853 1527 936 nobilibus,

228 989 331 1054 quam
355 963 575 1052 ignobilibus,
599 967 767 1051 imprimis
791 965 966 1048 episcopis,
989 961 1182 1046 abbatibuS,
1198 959 1390 1046 comitibus,
1407 947 1527 1046 postea

226 1095 309 1140 vero
333 1072 539 1138 minoribus:

336 1181 414 1258 Qud
437 1203 458 1244 a
481 1188 633 1264 tempore
657 1183 748 1267 regis
765 1180 909 1246 ¹Andree
934 1187 968 1242 et
988 1179 1085 1243 ducis
1101 1177 1193 1260 Bele,
1209 1184 1244 1241 et
1259 1197 1279 1241 a
1296 1177 1528 1259 descriptione

230 1289 354 1353 iudicis
387 1287 532 1352 Sarchas
563 1290 710 1372 nomine,
742 1289 833 1372 apud
867 1306 1115 1372 quemcumque
1154 1285 1262 1370 aliqui
1300 1287 1430 1350 civium
1468 1283 1528 1348 vel

231 1396 377 1478 illorum,
401 1398 461 1481 qui
485 1396 649 1460 dicuntur
671 1395 813 1478 Ewnek,
832 1393 889 1458 vel
906 1396 997 1458 servi
1013 1394 1220 1476 detinentur,
1237 1395 1274 1458 in
1290 1393 1528 1475 assumpoione

229 1525 253 1566 e.
277 1503 387 1568 Marie
411 1524 528 1567 omnes
553 1505 627 1587 regi
651 1509 899 1586 presentantur.
922 1501 1020 1578 Quod
1044 1502 1173 1585 siquis
1206 1499 1295 1586 forte
1328 1501 1529 1578 detinuerit,

228 1610 416 1692 dupliciter
437 1610 570 1690 reddat,
592 1611 650 1675 vel
673 1612 779 1695 isqui
794 1607 978 1674 defendere
995 1605 1153 1689 voluerit,
1168 1609 1206 1672 in
1223 1607 1375 1690 predicta
1393 1605 1530 1670 festivi-

230 1725 303 1782 tate
327 1719 445 1782 veniat
468 1718 513 1781 ad
536 1719 667 1782 curiam
690 1725 724 1782 et
748 1716 921 1782 defendet.

337 1825 490 1894 Veniant
514 1834 548 1890 et
573 1825 626 1890 illi
648 1847 765 1892 omnes
788 1827 848 1911 qui
872 1825 1035 1890 dicuntur
1062 1820 1218 1888 Wubeoh
1249 1822 1292 1886 ad
1325 1824 1456 1886 curiam
1489 1824 1530 1886 in

230 1932 350 1998 eadem
373 1931 568 1998 festivitate
592 1940 627 1996 et
651 1933 839 1997 secundum
860 1931 953 2016 quod
976 1927 1090 2014 regale
1114 1929 1281 1993 iudicium
1304 1929 1530 2010 ordinaverit,

231 2039 449 2121 postmodum
472 2047 587 2104 ratum
611 2046 817 2123 permaneat,
841 2045 877 2102 et
899 2038 1054 2123 quisquis
1077 2035 1169 2100 ultra
1193 2037 1380 2100 terminum
1396 2037 1531 2118 predic--

230 2152 306 2210 tum
338 2146 488 2231 aliquem
520 2147 666 2230 illorum,
705 2167 790 2232 quos
829 2153 906 2210 tum
944 2144 1045 2208 reddi
1083 2144 1288 2225 precipimus
1327 2143 1531 2226 detinuerit,

230 2252 415 2336 dupliciter
438 2254 569 2335 reddat,
593 2261 627 2317 et
650 2255 902 2339 quinquaginta
925 2252 1077 2336 quinque
1101 2271 1221 2333 pensas
1247 2257 1384 2331 propter
1416 2256 1531 2314 trans-

126 2411 129 2416 .
231 2363 440 2445 gressionem
473 2361 593 2444 solvat,
627 2369 661 2425 et
695 2364 724 2426 si
756 2382 823 2446 qua
856 2361 1004 2442 suspicio
1037 2358 1079 2422 de
1112 2356 1172 2421 illo
1205 2358 1265 2442 qui
1288 2357 1431 2422 alterius
1453 2379 1532 2424 rem

231 2467 420 2534 detinebat
433 2467 556 2534 habita
580 2468 695 2552 fuerit,
719 2492 758 2535 eo
781 2471 862 2554 quia
886 2468 944 2532 ille
968 2489 1033 2552 que
1057 2468 1256 2548 retinuerat,
1280 2465 1338 2530 fur
1369 2474 1405 2530 et
1437 2466 1530 2531 latro

231 2575 487 2658 diffamabatur,
511 2580 582 2660 ipse
606 2585 773 2663 expurget
798 2600 832 2642 se
856 2577 992 2641 iudicio.
1017 2575 1055 2640 Si
1078 2573 1259 2657 culpabilis
1283 2573 1398 2657 fuerit,
1413 2581 1454 2640 ut
1470 2574 1532 2641 fur

228 2685 304 2765 ips'e
328 2684 546 2748 diiudicetur.

310 2837 312 2848 ,
337 2790 396 2854 Illi
419 2794 480 2876 qui
502 2793 666 2857 dicuntur
689 2791 796 2878 vulgo
821 2790 983 2874 Wzbech,
1007 2794 1197 2875 cuicunque
1223 2810 1363 2872 persone
1387 2790 1532 2854 adhese-

232 2899 312 2980 rint,
338 2907 573 2983 representent
595 2922 651 2964 eos
675 2904 749 2986 regi
773 2903 810 2964 in
833 2901 1067 2982 assumpcione
1090 2921 1115 2962 s.
1137 2897 1248 2962 Marie
1262 2899 1418 2983 virginis,
1435 2901 1532 2983 quod

231 3007 262 3068 si
284 3008 361 3089 quis
381 3013 618 3092 transgressus
643 3007 757 3090 fuerit,
782 3008 835 3072 bis
858 3009 1006 3072 totidem
1028 3007 1160 3088 reddat,
1184 3013 1219 3070 et
1235 3009 1374 3090 insuper
1389 3013 1535 3088 propter

230 3111 320 3197 legis
343 3111 532 3180 fracturam
555 3117 807 3202 quinquaginta
831 3118 982 3201 quinque
1007 3137 1127 3198 pensas
1150 3113 1322 3180 adhibeat.

340 3219 370 3283 3.
394 3217 447 3284 De
470 3218 639 3288 Palatino
665 3220 801 3288 comite.
826 3223 963 3288 Placuit
988 3225 1104 3304 eciam,
1128 3227 1168 3285 ut
1184 3225 1214 3285 si
1228 3221 1413 3306 aliquando
1429 3221 1495 3286 Pal
1519 3263 1534 3273 -

230 3328 327 3392 tinus
351 3349 462 3392 comes
487 3330 626 3395 domum
644 3333 763 3413 iverit,
786 3334 877 3417 regis
901 3339 936 3396 et
970 3333 1063 3395 curie
1096 3329 1259 3414 sigillum,
1291 3330 1352 3414 qui
1383 3331 1420 3394 111
1451 3331 1534 3394 vice

232 3437 304 3498 eius
327 3439 561 3520 remanserint,
586 3439 638 3502 illi
662 3440 827 3522 dimittat,
852 3447 890 3502 ut
915 3442 1004 3504 sicut
1027 3441 1118 3524 regis
1140 3459 1209 3502 una
1233 3445 1284 3502 est
1308 3440 1411 3519 curia,
1427 3445 1461 3501 et
1479 3440 1535 3503 ita

232 3564 339 3608 unum
362 3545 516 3629 sigillum
541 3550 709 3628 persistat.
733 3547 836 3612 Domi
859 3569 940 3612 vero
956 3568 1068 3611 comes
1084 3547 1177 3612 idem
1193 3546 1358 3630 quamdiu
1375 3567 1535 3629 permun-

231 3653 324 3734 serit,
348 3673 449 3734 super
471 3655 643 3717 neminem
666 3655 821 3740 sigillum
844 3659 972 3738 mittat,
995 3657 1062 3720 nisi
1086 3675 1188 3736 super
1210 3674 1265 3717 eos
1282 3653 1451 3717 duntaxat
1467 3659 1536 3738 qui

231 3765 398 3822 vocantut
421 3759 602 3843 udvornik,
626 3768 660 3824 et
685 3765 744 3846 qui
772 3771 959 3844 spontanea
990 3761 1171 3826 voluntate
1204 3762 1332 3824 iverint
1364 3761 1407 3824 ed
1440 3781 1535 3845 eum,

231 3863 309 3928 illos
333 3867 365 3928 ei
388 3865 489 3929 liceat
513 3868 674 3952 iudicare,
690 3870 782 3954 quod
798 3873 827 3934 si
843 3869 945 3933 aliter
961 3868 1090 3950 fecerit,
1106 3870 1358 3953 quinquaginta
1374 3868 1534 3952 quinque

233 3993 353 4052 pensus
386 3973 506 4038 solvat.
541 3974 709 4040 Similiter
741 3984 775 4041 et
808 3979 906 4042 ducis
938 3997 1058 4058 cornea,
1091 3978 1152 4060 qui
1184 3997 1286 4058 super
1317 3974 1402 4039 alios
1424 3995 1537 4058 quam

233 4100 311 4144 suos
335 4082 551 4165 iudicaverit,
573 4084 693 4148 eadem
717 4087 890 4150 sentencia
914 4088 1115 4171 corrigatur.

342 4189 392 4252 13.
416 4185 469 4253 De
494 4187 742 4256 collectoribus
762 4188 988 4276 furtivorum
1011 4208 1144 4258 rerum.
1170 4192 1301 4258 Rerum
1320 4188 1539 4258 furtivarum

233 4296 401 4380 collector,
425 4320 527 4383 quem
550 4299 743 4384 vulgariter
761 4298 1012 4384 joccerydech¹
1041 4301 1171 4383 dicunt,
1194 4299 1362 4384 quidquid
1386 4297 1538 4384 colligit,

233 4403 277 4467 ad
293 4406 473 4470 civitatem
489 4407 642 4471 eiusdem
659 4409 833 4490 provincie
850 4415 1044 4494 congreget,
1063 4416 1098 4472 et
1117 4409 1208 4493 regis
1224 4427 1326 4492 agaso
1343 4413 1377 4471 et
1393 4407 1539 4472 comitis

329 4639 351 4671 '¹
372 4637 398 4688 Α
418 4633 594 4690 keziratben
614 4635 775 4689 icceedeth.
