<?xml version="1.0" encoding="UTF-8"?>
<!DOCTYPE html PUBLIC "-//W3C//DTD XHTML 1.0 Transitional//EN"
    "http://www.w3.org/TR/xhtml1/DTD/xhtml1-transitional.dtd">
<html xmlns="http://www.w3.org/1999/xhtml" xml:lang="en" lang="en">
 <head>
  <title>
</title>
<meta http-equiv="Content-Type" content="text/html;charset=utf-8" />
  <meta name='ocr-system' content='tesseract 3.04.00' />
  <meta name='ocr-capabilities' content='ocr_page ocr_carea ocr_par ocr_line ocrx_word'/>
</head>
<body>
  <div class='ocr_page' id='page_1' title='image "./enchiridionfont00marcgoog_0571.png"; bbox 0 0 3144 5218; ppageno 0'>
   <div class='ocr_carea' id='block_1_1' title="bbox 1296 381 1362 446">
    <p class='ocr_par' dir='ltr' id='par_1_1' title="bbox 1296 381 1362 446">
     <span class='ocr_line' id='line_1_1' title="bbox 1296 381 1362 446; baseline 0 0"><span class='ocrx_word' id='word_1_1' title='bbox 1296 381 1362 446; x_wconf 77' lang='lat'>549</span> 
     </span>
    </p>
   </div>
   <div class='ocr_carea' id='block_1_2' title="bbox 60 580 1368 4320">
    <p class='ocr_par' dir='ltr' id='par_1_2' title="bbox 61 580 1362 1207">
     <span class='ocr_line' id='line_1_2' title="bbox 64 580 1362 672; baseline -0.007 -20"><span class='ocrx_word' id='word_1_2' title='bbox 64 587 314 672; x_wconf 82' lang='lat' dir='ltr'>possessoribus</span> <span class='ocrx_word' id='word_1_3' title='bbox 343 586 496 650; x_wconf 84' lang='lat' dir='ltr'>usuanda</span> <span class='ocrx_word' id='word_1_4' title='bbox 521 586 641 650; x_wconf 89' lang='lat' dir='ltr'>relicta</span> <span class='ocrx_word' id='word_1_5' title='bbox 665 591 754 650; x_wconf 89' lang='lat' dir='ltr'>sunt.</span> <span class='ocrx_word' id='word_1_6' title='bbox 787 583 968 650; x_wconf 88' lang='lat' dir='ltr'>Praeterea</span> <span class='ocrx_word' id='word_1_7' title='bbox 996 584 1034 646; x_wconf 91' lang='lat' dir='ltr'>in</span> <span class='ocrx_word' id='word_1_8' title='bbox 1057 580 1223 646; x_wconf 87' lang='lat' dir='ltr'>Confiniis</span> <span class='ocrx_word' id='word_1_9' title='bbox 1246 580 1362 664; x_wconf 81' lang='lat' dir='ltr'>Regni</span> 
     </span>
     <span class='ocr_line' id='line_1_3' title="bbox 62 687 1362 781; baseline -0.005 -22"><span class='ocrx_word' id='word_1_10' title='bbox 62 704 99 760; x_wconf 90' lang='lat' dir='ltr'>et</span> <span class='ocrx_word' id='word_1_11' title='bbox 123 695 265 781; x_wconf 90' lang='lat' dir='ltr'>quidem</span> <span class='ocrx_word' id='word_1_12' title='bbox 287 696 325 759; x_wconf 89' lang='lat' dir='ltr'>in</span> <span class='ocrx_word' id='word_1_13' title='bbox 347 693 557 758; x_wconf 82' lang='lat' dir='ltr'>Generalatu</span> <span class='ocrx_word' id='word_1_14' title='bbox 580 701 699 758; x_wconf 87' lang='lat' dir='ltr'>contra</span> <span class='ocrx_word' id='word_1_15' title='bbox 731 693 891 758; x_wconf 87' lang='lat' dir='ltr'>Canisam</span> <span class='ocrx_word' id='word_1_16' title='bbox 909 694 946 756; x_wconf 90' lang='lat' dir='ltr'>in</span> <span class='ocrx_word' id='word_1_17' title='bbox 971 687 1163 775; x_wconf 77' lang='lat' dir='ltr'>Sueutgrot.</span> <span class='ocrx_word' id='word_1_18' title='bbox 1186 689 1230 754; x_wconf 82' lang='lat' dir='ltr'>Iu</span> <span class='ocrx_word' id='word_1_19' title='bbox 1253 689 1362 754; x_wconf 82' lang='lat' dir='ltr'>Gene-</span> 
     </span>
     <span class='ocr_line' id='line_1_4' title="bbox 63 797 1362 886; baseline -0.007 -19"><span class='ocrx_word' id='word_1_20' title='bbox 63 803 179 868; x_wconf 81' lang='lat' dir='ltr'>ralatu</span> <span class='ocrx_word' id='word_1_21' title='bbox 212 803 387 868; x_wconf 88' lang='lat' dir='ltr'>Jauriensi</span> <span class='ocrx_word' id='word_1_22' title='bbox 419 803 456 864; x_wconf 91' lang='lat' dir='ltr'>in</span> <span class='ocrx_word' id='word_1_23' title='bbox 484 801 630 886; x_wconf 80' lang='lat' dir='ltr'>Tihany,</span> <span class='ocrx_word' id='word_1_24' title='bbox 654 802 778 884; x_wconf 89' lang='lat' dir='ltr'>Vason,</span> <span class='ocrx_word' id='word_1_25' title='bbox 809 799 911 884; x_wconf 73' lang='lat' dir='ltr'>Papa,</span> <span class='ocrx_word' id='word_1_26' title='bbox 936 800 1124 884; x_wconf 88' lang='lat' dir='ltr'>Veszprim,</span> <span class='ocrx_word' id='word_1_27' title='bbox 1156 797 1295 864; x_wconf 88' lang='lat' dir='ltr'>Jaurini</span> <span class='ocrx_word' id='word_1_28' title='bbox 1327 802 1362 859; x_wconf 92' lang='lat' dir='ltr'>et</span> 
     </span>
     <span class='ocr_line' id='line_1_5' title="bbox 62 903 1362 992; baseline -0.006 -18"><span class='ocrx_word' id='word_1_29' title='bbox 62 909 283 992; x_wconf 89' lang='lat' dir='ltr'>Comaromii,</span> <span class='ocrx_word' id='word_1_30' title='bbox 325 910 362 972; x_wconf 93' lang='lat' dir='ltr'>in</span> <span class='ocrx_word' id='word_1_31' title='bbox 402 908 611 972; x_wconf 82' lang='lat' dir='ltr'>Generalatu</span> <span class='ocrx_word' id='word_1_32' title='bbox 652 906 908 972; x_wconf 86' lang='lat' dir='ltr'>Antemoutano</span> <span class='ocrx_word' id='word_1_33' title='bbox 951 907 1074 988; x_wconf 89' lang='lat' dir='ltr'>Levae,</span> <span class='ocrx_word' id='word_1_34' title='bbox 1113 903 1288 986; x_wconf 88' lang='lat' dir='ltr'>Carponae</span> <span class='ocrx_word' id='word_1_35' title='bbox 1327 909 1362 966; x_wconf 90' lang='lat' dir='ltr'>et</span> 
     </span>
     <span class='ocr_line' id='line_1_6' title="bbox 62 1010 1362 1098; baseline -0.005 -17"><span class='ocrx_word' id='word_1_36' title='bbox 62 1018 238 1082; x_wconf 81' lang='lat' dir='ltr'>Fiilelrini.</span> <span class='ocrx_word' id='word_1_37' title='bbox 262 1016 305 1081; x_wconf 83' lang='lat' dir='ltr'>ln</span> <span class='ocrx_word' id='word_1_38' title='bbox 328 1015 538 1081; x_wconf 86' lang='lat' dir='ltr'>Generalatu</span> <span class='ocrx_word' id='word_1_39' title='bbox 561 1017 744 1098; x_wconf 88' lang='lat' dir='ltr'>superioris</span> <span class='ocrx_word' id='word_1_40' title='bbox 775 1015 984 1098; x_wconf 86' lang='lat' dir='ltr'>Hungariae.</span> <span class='ocrx_word' id='word_1_41' title='bbox 1016 1013 1059 1077; x_wconf 90' lang='lat' dir='ltr'>In</span> <span class='ocrx_word' id='word_1_42' title='bbox 1081 1011 1230 1094; x_wconf 82' lang='lat' dir='ltr'>Putnolr,</span> <span class='ocrx_word' id='word_1_43' title='bbox 1255 1010 1362 1092; x_wconf 87' lang='lat' dir='ltr'>Onod,</span> 
     </span>
     <span class='ocr_line' id='line_1_7' title="bbox 61 1121 768 1207; baseline -0.001 -20"><span class='ocrx_word' id='word_1_44' title='bbox 61 1122 227 1207; x_wconf 86' lang='lat' dir='ltr'>Szendrb&#39;,</span> <span class='ocrx_word' id='word_1_45' title='bbox 251 1121 369 1207; x_wconf 74' lang='lat' dir='ltr'>Tohaj,</span> <span class='ocrx_word' id='word_1_46' title='bbox 393 1121 497 1187; x_wconf 69' lang='lat' dir='ltr'>Killa</span> <span class='ocrx_word' id='word_1_47' title='bbox 521 1131 555 1186; x_wconf 91' lang='lat' dir='ltr'>et</span> <span class='ocrx_word' id='word_1_48' title='bbox 580 1122 768 1187; x_wconf 75' lang='lat' dir='ltr'>Szathmr&#39;rr.</span> 
     </span>
    </p>

    <p class='ocr_par' dir='ltr' id='par_1_3' title="bbox 60 1225 1368 4320">
     <span class='ocr_line' id='line_1_8' title="bbox 174 1225 1362 1313; baseline -0.008 -17"><span class='ocrx_word' id='word_1_49' title='bbox 174 1231 218 1296; x_wconf 89' lang='lat' dir='ltr'>In</span> <span class='ocrx_word' id='word_1_50' title='bbox 241 1231 359 1296; x_wconf 91' lang='lat' dir='ltr'>liberis</span> <span class='ocrx_word' id='word_1_51' title='bbox 382 1252 464 1296; x_wconf 91' lang='lat' dir='ltr'>vero</span> <span class='ocrx_word' id='word_1_52' title='bbox 497 1230 719 1312; x_wconf 76' lang='lat' dir='ltr'>Civitatibus,</span> <span class='ocrx_word' id='word_1_53' title='bbox 751 1237 871 1313; x_wconf 88' lang='lat' dir='ltr'>utpote</span> <span class='ocrx_word' id='word_1_54' title='bbox 904 1229 1106 1293; x_wconf 88' lang='lat' dir='ltr'>Posoniensi</span> <span class='ocrx_word' id='word_1_55' title='bbox 1137 1225 1362 1310; x_wconf 85' lang='lat' dir='ltr'>Augustanae</span> 
     </span>
     <span class='ocr_line' id='line_1_9' title="bbox 61 1333 1363 1417; baseline -0.008 -13"><span class='ocrx_word' id='word_1_56' title='bbox 61 1337 284 1404; x_wconf 86' lang='lat' dir='ltr'>Confessioni</span> <span class='ocrx_word' id='word_1_57' title='bbox 306 1338 455 1402; x_wconf 75' lang='lat' dir='ltr'>addictis</span> <span class='ocrx_word' id='word_1_58' title='bbox 472 1338 574 1402; x_wconf 86' lang='lat' dir='ltr'>liceat</span> <span class='ocrx_word' id='word_1_59' title='bbox 589 1336 768 1401; x_wconf 89' lang='lat' dir='ltr'>aedificare</span> <span class='ocrx_word' id='word_1_60' title='bbox 785 1338 856 1400; x_wconf 89' lang='lat' dir='ltr'>suis</span> <span class='ocrx_word' id='word_1_61' title='bbox 872 1335 1043 1399; x_wconf 86' lang='lat' dir='ltr'>sumtibus</span> <span class='ocrx_word' id='word_1_62' title='bbox 1059 1333 1241 1417; x_wconf 79' lang='lat' dir='ltr'>Templum</span> <span class='ocrx_word' id='word_1_63' title='bbox 1256 1353 1363 1394; x_wconf 90' lang='lat' dir='ltr'>unum</span> 
     </span>
     <span class='ocr_line' id='line_1_10' title="bbox 60 1440 1363 1529; baseline -0.007 -19"><span class='ocrx_word' id='word_1_64' title='bbox 60 1450 101 1510; x_wconf 92' lang='lat' dir='ltr'>in</span> <span class='ocrx_word' id='word_1_65' title='bbox 125 1445 301 1529; x_wconf 90' lang='lat' dir='ltr'>suburbio,</span> <span class='ocrx_word' id='word_1_66' title='bbox 324 1447 362 1509; x_wconf 93' lang='lat' dir='ltr'>in</span> <span class='ocrx_word' id='word_1_67' title='bbox 378 1445 451 1510; x_wconf 91' lang='lat' dir='ltr'>loco</span> <span class='ocrx_word' id='word_1_68' title='bbox 476 1468 535 1528; x_wconf 92' lang='lat' dir='ltr'>per</span> <span class='ocrx_word' id='word_1_69' title='bbox 550 1446 686 1509; x_wconf 89' lang='lat' dir='ltr'>eosdem</span> <span class='ocrx_word' id='word_1_70' title='bbox 711 1443 968 1508; x_wconf 88' lang='lat' dir='ltr'>Commissarioe</span> <span class='ocrx_word' id='word_1_71' title='bbox 985 1442 1205 1527; x_wconf 84' lang='lat' dir='ltr'>designando</span> <span class='ocrx_word' id='word_1_72' title='bbox 1230 1440 1363 1504; x_wconf 89' lang='lat' dir='ltr'>Civitas</span> 
     </span>
     <span class='ocr_line' id='line_1_11' title="bbox 62 1548 1364 1637; baseline -0.005 -21"><span class='ocrx_word' id='word_1_73' title='bbox 62 1575 168 1637; x_wconf 86' lang='lat' dir='ltr'>porro</span> <span class='ocrx_word' id='word_1_74' title='bbox 193 1553 429 1636; x_wconf 87' lang='lat' dir='ltr'>Soproniensis</span> <span class='ocrx_word' id='word_1_75' title='bbox 453 1559 589 1616; x_wconf 86' lang='lat' dir='ltr'>maneat</span> <span class='ocrx_word' id='word_1_76' title='bbox 613 1554 651 1616; x_wconf 89' lang='lat' dir='ltr'>in</span> <span class='ocrx_word' id='word_1_77' title='bbox 683 1553 891 1634; x_wconf 82' lang='lat' dir='ltr'>possessione</span> <span class='ocrx_word' id='word_1_78' title='bbox 915 1559 950 1614; x_wconf 90' lang='lat' dir='ltr'>et</span> <span class='ocrx_word' id='word_1_79' title='bbox 974 1551 1137 1614; x_wconf 85' lang='lat' dir='ltr'>exercitio</span> <span class='ocrx_word' id='word_1_80' title='bbox 1161 1548 1364 1631; x_wconf 73' lang='lat' dir='ltr'>Religionis,</span> 
     </span>
     <span class='ocr_line' id='line_1_12' title="bbox 60 1655 1363 1744; baseline -0.004 -21"><span class='ocrx_word' id='word_1_81' title='bbox 60 1683 172 1744; x_wconf 72' lang='lat' dir='ltr'>&lt;liram</span> <span class='ocrx_word' id='word_1_82' title='bbox 195 1661 295 1725; x_wconf 91' lang='lat' dir='ltr'>modo</span> <span class='ocrx_word' id='word_1_83' title='bbox 320 1659 509 1744; x_wconf 87' lang='lat' dir='ltr'>profitetur,</span> <span class='ocrx_word' id='word_1_84' title='bbox 532 1683 594 1724; x_wconf 89' lang='lat' dir='ltr'>neo</span> <span class='ocrx_word' id='word_1_85' title='bbox 617 1655 656 1724; x_wconf 90' lang='lat' dir='ltr'>in</span> <span class='ocrx_word' id='word_1_86' title='bbox 677 1660 742 1724; x_wconf 87' lang='lat' dir='ltr'>hoc</span> <span class='ocrx_word' id='word_1_87' title='bbox 765 1659 934 1724; x_wconf 87' lang='lat' dir='ltr'>turbetur.</span> <span class='ocrx_word' id='word_1_88' title='bbox 957 1657 1010 1722; x_wconf 87' lang='lat' dir='ltr'>Ao</span> <span class='ocrx_word' id='word_1_89' title='bbox 1026 1658 1167 1722; x_wconf 88' lang='lat' dir='ltr'>tandem</span> <span class='ocrx_word' id='word_1_90' title='bbox 1185 1659 1222 1720; x_wconf 91' lang='lat' dir='ltr'>in</span> <span class='ocrx_word' id='word_1_91' title='bbox 1247 1655 1363 1720; x_wconf 91' lang='lat' dir='ltr'>liberis</span> 
     </span>
     <span class='ocr_line' id='line_1_13' title="bbox 62 1763 1363 1851; baseline -0.004 -20"><span class='ocrx_word' id='word_1_92' title='bbox 62 1777 98 1832; x_wconf 88' lang='lat' dir='ltr'>et</span> <span class='ocrx_word' id='word_1_93' title='bbox 124 1770 300 1832; x_wconf 88' lang='lat' dir='ltr'>montanis</span> <span class='ocrx_word' id='word_1_94' title='bbox 325 1767 537 1832; x_wconf 83' lang='lat' dir='ltr'>Civitatibus</span> <span class='ocrx_word' id='word_1_95' title='bbox 561 1775 681 1851; x_wconf 86' lang='lat' dir='ltr'>utpote</span> <span class='ocrx_word' id='word_1_96' title='bbox 704 1767 974 1850; x_wconf 80' lang='lat' dir='ltr'>Tronohiniensi,</span> <span class='ocrx_word' id='word_1_97' title='bbox 1003 1767 1187 1848; x_wconf 90' lang='lat' dir='ltr'>Modrensi,</span> <span class='ocrx_word' id='word_1_98' title='bbox 1211 1763 1363 1828; x_wconf 88' lang='lat' dir='ltr'>Cremni-</span> 
     </span>
     <span class='ocr_line' id='line_1_14' title="bbox 61 1870 1362 1958; baseline -0.004 -20"><span class='ocrx_word' id='word_1_99' title='bbox 61 1877 204 1958; x_wconf 84' lang='lat' dir='ltr'>cziensi,</span> <span class='ocrx_word' id='word_1_100' title='bbox 228 1881 262 1938; x_wconf 88' lang='lat' dir='ltr'>et</span> <span class='ocrx_word' id='word_1_101' title='bbox 286 1874 529 1957; x_wconf 82' lang='lat' dir='ltr'>Novizoliensi,</span> <span class='ocrx_word' id='word_1_102' title='bbox 552 1897 592 1938; x_wconf 90' lang='lat' dir='ltr'>ac</span> <span class='ocrx_word' id='word_1_103' title='bbox 615 1876 653 1938; x_wconf 91' lang='lat' dir='ltr'>in</span> <span class='ocrx_word' id='word_1_104' title='bbox 675 1876 842 1956; x_wconf 87' lang='lat' dir='ltr'>superiori</span> <span class='ocrx_word' id='word_1_105' title='bbox 865 1873 1046 1958; x_wconf 88' lang='lat' dir='ltr'>Hungaria</span> <span class='ocrx_word' id='word_1_106' title='bbox 1066 1871 1224 1937; x_wconf 90' lang='lat' dir='ltr'>omnibus</span> <span class='ocrx_word' id='word_1_107' title='bbox 1240 1870 1362 1935; x_wconf 91' lang='lat' dir='ltr'>itidem</span> 
     </span>
     <span class='ocr_line' id='line_1_15' title="bbox 62 1979 1364 2063; baseline -0.002 -19"><span class='ocrx_word' id='word_1_108' title='bbox 62 1981 272 2046; x_wconf 87' lang='lat' dir='ltr'>civitatibus</span> <span class='ocrx_word' id='word_1_109' title='bbox 295 1981 456 2045; x_wconf 88' lang='lat' dir='ltr'>similiter</span> <span class='ocrx_word' id='word_1_110' title='bbox 471 1981 545 2044; x_wconf 88' lang='lat' dir='ltr'>loca</span> <span class='ocrx_word' id='word_1_111' title='bbox 562 2001 623 2063; x_wconf 92' lang='lat' dir='ltr'>pro</span> <span class='ocrx_word' id='word_1_112' title='bbox 638 1979 860 2045; x_wconf 87' lang='lat' dir='ltr'>aedificandis</span> <span class='ocrx_word' id='word_1_113' title='bbox 876 1980 1037 2063; x_wconf 83' lang='lat' dir='ltr'>Templis,</span> <span class='ocrx_word' id='word_1_114' title='bbox 1061 1979 1194 2044; x_wconf 81' lang='lat' dir='ltr'>Scholia</span> <span class='ocrx_word' id='word_1_115' title='bbox 1210 1985 1245 2042; x_wconf 88' lang='lat' dir='ltr'>et</span> <span class='ocrx_word' id='word_1_116' title='bbox 1261 1979 1364 2042; x_wconf 89' lang='lat' dir='ltr'>Paro-</span> 
     </span>
     <span class='ocr_line' id='line_1_16' title="bbox 62 2085 1364 2174; baseline -0.005 -19"><span class='ocrx_word' id='word_1_117' title='bbox 62 2093 156 2156; x_wconf 89' lang='lat' dir='ltr'>ohiis</span> <span class='ocrx_word' id='word_1_118' title='bbox 180 2089 386 2174; x_wconf 88' lang='lat' dir='ltr'>assignanda</span> <span class='ocrx_word' id='word_1_119' title='bbox 410 2089 653 2154; x_wconf 89' lang='lat' dir='ltr'>conceduntur.</span> <span class='ocrx_word' id='word_1_120' title='bbox 677 2089 819 2172; x_wconf 81' lang='lat' dir='ltr'>Templa</span> <span class='ocrx_word' id='word_1_121' title='bbox 844 2089 991 2170; x_wconf 90' lang='lat' dir='ltr'>demum,</span> <span class='ocrx_word' id='word_1_122' title='bbox 1013 2090 1052 2152; x_wconf 90' lang='lat' dir='ltr'>in</span> <span class='ocrx_word' id='word_1_123' title='bbox 1075 2107 1220 2172; x_wconf 87' lang='lat' dir='ltr'>quorum</span> <span class='ocrx_word' id='word_1_124' title='bbox 1236 2085 1364 2149; x_wconf 87' lang='lat' dir='ltr'>actuali</span> 
     </span>
     <span class='ocr_line' id='line_1_17' title="bbox 66 2193 1364 2281; baseline -0.006 -19"><span class='ocrx_word' id='word_1_125' title='bbox 66 2200 279 2281; x_wconf 84' lang='lat' dir='ltr'>possessione</span> <span class='ocrx_word' id='word_1_126' title='bbox 312 2198 418 2261; x_wconf 92' lang='lat' dir='ltr'>iidem</span> <span class='ocrx_word' id='word_1_127' title='bbox 450 2195 674 2280; x_wconf 79' lang='lat' dir='ltr'>Augustanae</span> <span class='ocrx_word' id='word_1_128' title='bbox 707 2205 742 2260; x_wconf 91' lang='lat' dir='ltr'>et</span> <span class='ocrx_word' id='word_1_129' title='bbox 766 2196 968 2260; x_wconf 84' lang='lat' dir='ltr'>Helveticae</span> <span class='ocrx_word' id='word_1_130' title='bbox 993 2193 1209 2258; x_wconf 87' lang='lat' dir='ltr'>Confessioni</span> <span class='ocrx_word' id='word_1_131' title='bbox 1232 2193 1364 2256; x_wconf 88' lang='lat' dir='ltr'>addicti</span> 
     </span>
     <span class='ocr_line' id='line_1_18' title="bbox 63 2301 1364 2386; baseline -0.005 -17"><span class='ocrx_word' id='word_1_132' title='bbox 63 2307 108 2369; x_wconf 91' lang='lat' dir='ltr'>de</span> <span class='ocrx_word' id='word_1_133' title='bbox 136 2305 230 2369; x_wconf 82' lang='lat' dir='ltr'>facto</span> <span class='ocrx_word' id='word_1_134' title='bbox 254 2310 351 2384; x_wconf 83' lang='lat' dir='ltr'>sunt;</span> <span class='ocrx_word' id='word_1_135' title='bbox 376 2305 476 2368; x_wconf 89' lang='lat' dir='ltr'>modo</span> <span class='ocrx_word' id='word_1_136' title='bbox 501 2306 639 2386; x_wconf 89' lang='lat' dir='ltr'>praevio</span> <span class='ocrx_word' id='word_1_137' title='bbox 665 2325 743 2385; x_wconf 90' lang='lat' dir='ltr'>prae</span> <span class='ocrx_word' id='word_1_138' title='bbox 776 2301 935 2366; x_wconf 91' lang='lat' dir='ltr'>manibus</span> <span class='ocrx_word' id='word_1_139' title='bbox 968 2301 1161 2382; x_wconf 90' lang='lat' dir='ltr'>eorundem,</span> <span class='ocrx_word' id='word_1_140' title='bbox 1194 2321 1364 2364; x_wconf 87' lang='lat' dir='ltr'>unacum</span> 
     </span>
     <span class='ocr_line' id='line_1_19' title="bbox 64 2407 1364 2494; baseline -0.005 -16"><span class='ocrx_word' id='word_1_141' title='bbox 64 2413 247 2478; x_wconf 88' lang='lat' dir='ltr'>Parochiis</span> <span class='ocrx_word' id='word_1_142' title='bbox 270 2421 305 2476; x_wconf 87' lang='lat' dir='ltr'>et</span> <span class='ocrx_word' id='word_1_143' title='bbox 329 2411 470 2488; x_wconf 80' lang='lat' dir='ltr'>Scholia,</span> <span class='ocrx_word' id='word_1_144' title='bbox 502 2409 800 2494; x_wconf 87' lang='lat' dir='ltr'>Proventibusque</span> <span class='ocrx_word' id='word_1_145' title='bbox 832 2409 1037 2491; x_wconf 88' lang='lat' dir='ltr'>eorumdem,</span> <span class='ocrx_word' id='word_1_146' title='bbox 1070 2415 1209 2491; x_wconf 86' lang='lat' dir='ltr'>propter</span> <span class='ocrx_word' id='word_1_147' title='bbox 1237 2407 1364 2472; x_wconf 91' lang='lat' dir='ltr'>bonum</span> 
     </span>
     <span class='ocr_line' id='line_1_20' title="bbox 66 2516 1366 2605; baseline -0.005 -20"><span class='ocrx_word' id='word_1_148' title='bbox 66 2523 173 2605; x_wconf 72' lang='lat' dir='ltr'>pacis,</span> <span class='ocrx_word' id='word_1_149' title='bbox 206 2527 245 2584; x_wconf 92' lang='lat' dir='ltr'>ut</span> <span class='ocrx_word' id='word_1_150' title='bbox 279 2521 443 2582; x_wconf 89' lang='lat' dir='ltr'>nimirum</span> <span class='ocrx_word' id='word_1_151' title='bbox 476 2521 591 2603; x_wconf 88' lang='lat' dir='ltr'>quiete</span> <span class='ocrx_word' id='word_1_152' title='bbox 625 2525 660 2581; x_wconf 89' lang='lat' dir='ltr'>et</span> <span class='ocrx_word' id='word_1_153' title='bbox 693 2517 832 2600; x_wconf 87' lang='lat' dir='ltr'>pacifice</span> <span class='ocrx_word' id='word_1_154' title='bbox 864 2520 996 2599; x_wconf 87' lang='lat' dir='ltr'>vivant,</span> <span class='ocrx_word' id='word_1_155' title='bbox 1019 2516 1277 2600; x_wconf 88' lang='lat' dir='ltr'>relinquuntur:</span> <span class='ocrx_word' id='word_1_156' title='bbox 1302 2537 1366 2578; x_wconf 90' lang='lat' dir='ltr'>usu</span> 
     </span>
     <span class='ocr_line' id='line_1_21' title="bbox 64 2623 1364 2712; baseline -0.005 -19"><span class='ocrx_word' id='word_1_157' title='bbox 64 2629 265 2712; x_wconf 89' lang='lat' dir='ltr'>sepulturae</span> <span class='ocrx_word' id='word_1_158' title='bbox 289 2635 324 2691; x_wconf 92' lang='lat' dir='ltr'>et</span> <span class='ocrx_word' id='word_1_159' title='bbox 341 2626 592 2710; x_wconf 77' lang='lat' dir='ltr'>Campanorum</span> <span class='ocrx_word' id='word_1_160' title='bbox 609 2647 668 2709; x_wconf 93' lang='lat' dir='ltr'>pro</span> <span class='ocrx_word' id='word_1_161' title='bbox 688 2625 876 2689; x_wconf 76' lang='lat' dir='ltr'>Catholicis</span> <span class='ocrx_word' id='word_1_162' title='bbox 892 2624 1022 2688; x_wconf 89' lang='lat' dir='ltr'>ibidem</span> <span class='ocrx_word' id='word_1_163' title='bbox 1038 2623 1242 2708; x_wconf 87' lang='lat' dir='ltr'>degentibus</span> <span class='ocrx_word' id='word_1_164' title='bbox 1258 2645 1364 2707; x_wconf 88' lang='lat' dir='ltr'>aeque</span> 
     </span>
     <span class='ocr_line' id='line_1_22' title="bbox 65 2731 1365 2818; baseline -0.004 -19"><span class='ocrx_word' id='word_1_165' title='bbox 65 2759 107 2799; x_wconf 85' lang='lat' dir='ltr'>ac</span> <span class='ocrx_word' id='word_1_166' title='bbox 148 2738 232 2818; x_wconf 91' lang='lat' dir='ltr'>ipsis</span> <span class='ocrx_word' id='word_1_167' title='bbox 270 2733 378 2799; x_wconf 90' lang='lat' dir='ltr'>libero</span> <span class='ocrx_word' id='word_1_168' title='bbox 418 2734 546 2797; x_wconf 84' lang='lat' dir='ltr'>relicto</span> <span class='ocrx_word' id='word_1_169' title='bbox 585 2733 722 2797; x_wconf 76' lang='lat' dir='ltr'>interea</span> <span class='ocrx_word' id='word_1_170' title='bbox 760 2755 842 2798; x_wconf 92' lang='lat' dir='ltr'>vero</span> <span class='ocrx_word' id='word_1_171' title='bbox 881 2756 942 2796; x_wconf 89' lang='lat' dir='ltr'>nec</span> <span class='ocrx_word' id='word_1_172' title='bbox 982 2732 1161 2814; x_wconf 82' lang='lat' dir='ltr'>Catholici,</span> <span class='ocrx_word' id='word_1_173' title='bbox 1194 2731 1365 2795; x_wconf 89' lang='lat' dir='ltr'>Ministris</span> 
     </span>
     <span class='ocr_line' id='line_1_23' title="bbox 66 2837 1366 2927; baseline -0.004 -20"><span class='ocrx_word' id='word_1_174' title='bbox 66 2843 295 2927; x_wconf 86' lang='lat' dir='ltr'>Augustanae</span> <span class='ocrx_word' id='word_1_175' title='bbox 319 2849 354 2906; x_wconf 90' lang='lat' dir='ltr'>et</span> <span class='ocrx_word' id='word_1_176' title='bbox 377 2841 581 2905; x_wconf 88' lang='lat' dir='ltr'>Helveticae</span> <span class='ocrx_word' id='word_1_177' title='bbox 614 2839 829 2904; x_wconf 83' lang='lat' dir='ltr'>Confessioni</span> <span class='ocrx_word' id='word_1_178' title='bbox 852 2840 1010 2922; x_wconf 87' lang='lat' dir='ltr'>addictis,</span> <span class='ocrx_word' id='word_1_179' title='bbox 1042 2861 1104 2902; x_wconf 88' lang='lat' dir='ltr'>neo</span> <span class='ocrx_word' id='word_1_180' title='bbox 1128 2859 1209 2902; x_wconf 91' lang='lat' dir='ltr'>vero</span> <span class='ocrx_word' id='word_1_181' title='bbox 1242 2837 1366 2903; x_wconf 90' lang='lat' dir='ltr'>horum</span> 
     </span>
     <span class='ocr_line' id='line_1_24' title="bbox 66 2946 1365 3035; baseline -0.004 -21"><span class='ocrx_word' id='word_1_182' title='bbox 66 2973 231 3035; x_wconf 83' lang='lat' dir='ltr'>sequaces</span> <span class='ocrx_word' id='word_1_183' title='bbox 262 2949 424 3013; x_wconf 87' lang='lat' dir='ltr'>Plebanis</span> <span class='ocrx_word' id='word_1_184' title='bbox 457 2947 645 3012; x_wconf 86' lang='lat' dir='ltr'>Catholicis</span> <span class='ocrx_word' id='word_1_185' title='bbox 678 2948 721 3010; x_wconf 91' lang='lat' dir='ltr'>ad</span> <span class='ocrx_word' id='word_1_186' title='bbox 746 2955 896 3011; x_wconf 89' lang='lat' dir='ltr'>mentem</span> <span class='ocrx_word' id='word_1_187' title='bbox 924 2947 1063 3011; x_wconf 89' lang='lat' dir='ltr'>articuli</span> <span class='ocrx_word' id='word_1_188' title='bbox 1095 2946 1235 3010; x_wconf 85' lang='lat' dir='ltr'>XXXI.</span> <span class='ocrx_word' id='word_1_189' title='bbox 1269 2946 1365 3010; x_wconf 78' lang='lat'><strong>1647.</strong></span> 
     </span>
     <span class='ocr_line' id='line_1_25' title="bbox 68 3052 1367 3141; baseline -0.003 -20"><span class='ocrx_word' id='word_1_190' title='bbox 68 3057 202 3121; x_wconf 91' lang='lat' dir='ltr'>soluere</span> <span class='ocrx_word' id='word_1_191' title='bbox 236 3057 441 3141; x_wconf 90' lang='lat' dir='ltr'>obligentur.</span> <span class='ocrx_word' id='word_1_192' title='bbox 475 3055 642 3119; x_wconf 88' lang='lat' dir='ltr'>Omnibus</span> <span class='ocrx_word' id='word_1_193' title='bbox 676 3076 775 3138; x_wconf 89' lang='lat' dir='ltr'>porro</span> <span class='ocrx_word' id='word_1_194' title='bbox 808 3053 1030 3137; x_wconf 89' lang='lat' dir='ltr'>Magnatibus</span> <span class='ocrx_word' id='word_1_195' title='bbox 1064 3061 1098 3117; x_wconf 87' lang='lat' dir='ltr'>et</span> <span class='ocrx_word' id='word_1_196' title='bbox 1121 3052 1305 3117; x_wconf 89' lang='lat' dir='ltr'>Nobilibus</span> <span class='ocrx_word' id='word_1_197' title='bbox 1329 3055 1367 3117; x_wconf 89' lang='lat' dir='ltr'>in</span> 
     </span>
     <span class='ocr_line' id='line_1_26' title="bbox 68 3162 1366 3250; baseline -0.004 -21"><span class='ocrx_word' id='word_1_198' title='bbox 68 3165 194 3250; x_wconf 83' lang='lat' dir='ltr'>Regno</span> <span class='ocrx_word' id='word_1_199' title='bbox 219 3164 431 3250; x_wconf 65' lang='lat' dir='ltr'>degentibus</span> <span class='ocrx_word' id='word_1_200' title='bbox 456 3167 493 3227; x_wconf 91' lang='lat' dir='ltr'>in</span> <span class='ocrx_word' id='word_1_201' title='bbox 515 3162 664 3227; x_wconf 87' lang='lat' dir='ltr'>Arcibus</span> <span class='ocrx_word' id='word_1_202' title='bbox 688 3170 722 3226; x_wconf 93' lang='lat' dir='ltr'>et</span> <span class='ocrx_word' id='word_1_203' title='bbox 747 3162 857 3226; x_wconf 90' lang='lat' dir='ltr'>solitis</span> <span class='ocrx_word' id='word_1_204' title='bbox 880 3162 1092 3226; x_wconf 88' lang='lat' dir='ltr'>Residentiis</span> <span class='ocrx_word' id='word_1_205' title='bbox 1117 3163 1186 3225; x_wconf 90' lang='lat' dir='ltr'>suis</span> <span class='ocrx_word' id='word_1_206' title='bbox 1211 3183 1271 3244; x_wconf 90' lang='lat' dir='ltr'>pro</span> <span class='ocrx_word' id='word_1_207' title='bbox 1295 3163 1366 3225; x_wconf 89' lang='lat' dir='ltr'>ritu</span> 
     </span>
     <span class='ocr_line' id='line_1_27' title="bbox 68 3267 1365 3356; baseline -0.003 -20"><span class='ocrx_word' id='word_1_208' title='bbox 68 3270 236 3356; x_wconf 83' lang='lat' dir='ltr'>cujusque</span> <span class='ocrx_word' id='word_1_209' title='bbox 270 3271 496 3336; x_wconf 84' lang='lat' dir='ltr'>Professionis</span> <span class='ocrx_word' id='word_1_210' title='bbox 529 3271 687 3335; x_wconf 85' lang='lat' dir='ltr'>Oratoria</span> <span class='ocrx_word' id='word_1_211' title='bbox 729 3277 763 3333; x_wconf 90' lang='lat' dir='ltr'>et</span> <span class='ocrx_word' id='word_1_212' title='bbox 797 3268 928 3334; x_wconf 87' lang='lat' dir='ltr'>Sacella</span> <span class='ocrx_word' id='word_1_213' title='bbox 966 3267 1147 3332; x_wconf 87' lang='lat' dir='ltr'>aedificare</span> <span class='ocrx_word' id='word_1_214' title='bbox 1180 3277 1215 3332; x_wconf 91' lang='lat' dir='ltr'>et</span> <span class='ocrx_word' id='word_1_215' title='bbox 1247 3267 1365 3332; x_wconf 88' lang='lat' dir='ltr'>dotare</span> 
     </span>
     <span class='ocr_line' id='line_1_28' title="bbox 68 3374 1366 3462; baseline -0.004 -20"><span class='ocrx_word' id='word_1_216' title='bbox 68 3379 220 3444; x_wconf 87' lang='lat' dir='ltr'>liberum</span> <span class='ocrx_word' id='word_1_217' title='bbox 243 3382 297 3444; x_wconf 91' lang='lat' dir='ltr'>sit.</span> <span class='ocrx_word' id='word_1_218' title='bbox 330 3379 476 3443; x_wconf 89' lang='lat' dir='ltr'>Posthac</span> <span class='ocrx_word' id='word_1_219' title='bbox 509 3399 599 3462; x_wconf 83' lang='lat' dir='ltr'>vem,</span> <span class='ocrx_word' id='word_1_220' title='bbox 632 3377 745 3441; x_wconf 91' lang='lat' dir='ltr'>nullae</span> <span class='ocrx_word' id='word_1_221' title='bbox 779 3376 999 3459; x_wconf 81' lang='lat' dir='ltr'>Templorum</span> <span class='ocrx_word' id='word_1_222' title='bbox 1031 3374 1298 3460; x_wconf 85' lang='lat' dir='ltr'>Scholarnmque</span> <span class='ocrx_word' id='word_1_223' title='bbox 1331 3383 1366 3438; x_wconf 87' lang='lat' dir='ltr'>et</span> 
     </span>
     <span class='ocr_line' id='line_1_29' title="bbox 70 3483 1366 3569; baseline -0.005 -18"><span class='ocrx_word' id='word_1_224' title='bbox 70 3487 316 3552; x_wconf 88' lang='lat' dir='ltr'>Parochiarum</span> <span class='ocrx_word' id='word_1_225' title='bbox 339 3489 586 3569; x_wconf 87' lang='lat' dir='ltr'>occupationes,</span> <span class='ocrx_word' id='word_1_226' title='bbox 619 3485 677 3549; x_wconf 91' lang='lat' dir='ltr'>vel</span> <span class='ocrx_word' id='word_1_227' title='bbox 699 3485 868 3549; x_wconf 83' lang='lat' dir='ltr'>Exercitii</span> <span class='ocrx_word' id='word_1_228' title='bbox 900 3483 1115 3549; x_wconf 91' lang='lat' dir='ltr'>turbationes</span> <span class='ocrx_word' id='word_1_229' title='bbox 1137 3483 1181 3547; x_wconf 89' lang='lat' dir='ltr'>ab</span> <span class='ocrx_word' id='word_1_230' title='bbox 1205 3484 1366 3566; x_wconf 89' lang='lat' dir='ltr'>utrinque</span> 
     </span>
     <span class='ocr_line' id='line_1_30' title="bbox 68 3587 1366 3676; baseline -0.005 -19"><span class='ocrx_word' id='word_1_231' title='bbox 68 3592 136 3657; x_wconf 90' lang='lat' dir='ltr'>sub</span> <span class='ocrx_word' id='word_1_232' title='bbox 161 3615 268 3676; x_wconf 88' lang='lat' dir='ltr'>poena</span> <span class='ocrx_word' id='word_1_233' title='bbox 292 3595 328 3656; x_wconf 92' lang='lat' dir='ltr'>in</span> <span class='ocrx_word' id='word_1_234' title='bbox 351 3591 510 3656; x_wconf 83' lang='lat' dir='ltr'>Articulo</span> <span class='ocrx_word' id='word_1_235' title='bbox 533 3594 563 3655; x_wconf 88' lang='grc'>8.</span> <span class='ocrx_word' id='word_1_236' title='bbox 596 3590 765 3656; x_wconf 89' lang='lat' dir='ltr'>Uladislai</span> <span class='ocrx_word' id='word_1_237' title='bbox 789 3589 928 3654; x_wconf 88' lang='lat' dir='ltr'>Decreti</span> <span class='ocrx_word' id='word_1_238' title='bbox 961 3589 1059 3653; x_wconf 86' lang='lat' dir='ltr'>Sexti</span> <span class='ocrx_word' id='word_1_239' title='bbox 1082 3609 1240 3672; x_wconf 82' lang='lat' dir='ltr'>expressa</span> <span class='ocrx_word' id='word_1_240' title='bbox 1272 3587 1366 3662; x_wconf 77' lang='lat' dir='ltr'>fiant,</span> 
     </span>
     <span class='ocr_line' id='line_1_31' title="bbox 70 3695 1367 3785; baseline -0.005 -21"><span class='ocrx_word' id='word_1_241' title='bbox 70 3702 139 3764; x_wconf 87' lang='lat' dir='ltr'>Per</span> <span class='ocrx_word' id='word_1_242' title='bbox 171 3701 325 3785; x_wconf 83' lang='lat' dir='ltr'>hancque</span> <span class='ocrx_word' id='word_1_243' title='bbox 358 3699 590 3763; x_wconf 84' lang='lat' dir='ltr'>Articularem</span> <span class='ocrx_word' id='word_1_244' title='bbox 630 3698 889 3761; x_wconf 87' lang='lat' dir='ltr'>Concessionern</span> <span class='ocrx_word' id='word_1_245' title='bbox 922 3697 1044 3760; x_wconf 88' lang='lat' dir='ltr'>iisdem</span> <span class='ocrx_word' id='word_1_246' title='bbox 1076 3695 1298 3778; x_wconf 86' lang='lat' dir='ltr'>Augustanae</span> <span class='ocrx_word' id='word_1_247' title='bbox 1332 3703 1367 3758; x_wconf 89' lang='lat' dir='ltr'>et</span> 
     </span>
     <span class='ocr_line' id='line_1_32' title="bbox 71 3803 1366 3888; baseline -0.005 -16"><span class='ocrx_word' id='word_1_248' title='bbox 71 3808 276 3872; x_wconf 84' lang='lat' dir='ltr'>Helveticae</span> <span class='ocrx_word' id='word_1_249' title='bbox 294 3807 509 3871; x_wconf 84' lang='lat' dir='ltr'>Confessioni</span> <span class='ocrx_word' id='word_1_250' title='bbox 526 3805 675 3869; x_wconf 89' lang='lat' dir='ltr'>addictis</span> <span class='ocrx_word' id='word_1_251' title='bbox 694 3805 838 3869; x_wconf 85' lang='lat' dir='ltr'>ulterior</span> <span class='ocrx_word' id='word_1_252' title='bbox 861 3807 1137 3888; x_wconf 88' lang='lat' dir='ltr'>praetensionum</span> <span class='ocrx_word' id='word_1_253' title='bbox 1156 3824 1294 3866; x_wconf 88' lang='lat' dir='ltr'>suarum</span> <span class='ocrx_word' id='word_1_254' title='bbox 1309 3803 1366 3866; x_wconf 90' lang='lat' dir='ltr'>via</span> 
     </span>
     <span class='ocr_line' id='line_1_33' title="bbox 71 3907 1367 3995; baseline -0.006 -17"><span class='ocrx_word' id='word_1_255' title='bbox 71 3919 109 3979; x_wconf 90' lang='lat' dir='ltr'>in</span> <span class='ocrx_word' id='word_1_256' title='bbox 133 3915 261 3979; x_wconf 87' lang='lat' dir='ltr'>futuris</span> <span class='ocrx_word' id='word_1_257' title='bbox 285 3913 418 3978; x_wconf 89' lang='lat' dir='ltr'>Diaetis</span> <span class='ocrx_word' id='word_1_258' title='bbox 452 3914 635 3976; x_wconf 78' lang='lat' dir='ltr'>instantias</span> <span class='ocrx_word' id='word_1_259' title='bbox 668 3935 745 3976; x_wconf 87' lang='lat' dir='ltr'>suas</span> <span class='ocrx_word' id='word_1_260' title='bbox 779 3911 1003 3995; x_wconf 86' lang='lat' dir='ltr'>promovendi</span> <span class='ocrx_word' id='word_1_261' title='bbox 1035 3911 1117 3992; x_wconf 82' lang='lat' dir='ltr'>(non</span> <span class='ocrx_word' id='word_1_262' title='bbox 1149 3907 1367 3973; x_wconf 90' lang='lat' dir='ltr'>obstantibus</span> 
     </span>
     <span class='ocr_line' id='line_1_34' title="bbox 70 4013 1367 4092; baseline -0.007 -7"><span class='ocrx_word' id='word_1_263' title='bbox 70 4021 167 4085; x_wconf 88' lang='lat' dir='ltr'>Cleri</span> <span class='ocrx_word' id='word_1_264' title='bbox 206 4029 239 4085; x_wconf 89' lang='lat' dir='ltr'>et</span> <span class='ocrx_word' id='word_1_265' title='bbox 273 4021 418 4084; x_wconf 85' lang='lat' dir='ltr'>aliorum</span> <span class='ocrx_word' id='word_1_266' title='bbox 453 4019 679 4084; x_wconf 86' lang='lat' dir='ltr'>saecularium</span> <span class='ocrx_word' id='word_1_267' title='bbox 718 4018 975 4083; x_wconf 88' lang='lat' dir='ltr'>Catholicorum</span> <span class='ocrx_word' id='word_1_268' title='bbox 1014 4013 1367 4092; x_wconf 89' lang='lat' dir='ltr'>Contradictionibus)</span> 
     </span>
     <span class='ocr_line' id='line_1_35' title="bbox 70 4121 1368 4210; baseline -0.008 -17"><span class='ocrx_word' id='word_1_269' title='bbox 70 4131 214 4192; x_wconf 87' lang='lat' dir='ltr'>minime</span> <span class='ocrx_word' id='word_1_270' title='bbox 240 4127 487 4210; x_wconf 87' lang='lat' dir='ltr'>praecludatur.</span> <span class='ocrx_word' id='word_1_271' title='bbox 512 4125 625 4190; x_wconf 80' lang='lat' dir='ltr'>Salvis</span> <span class='ocrx_word' id='word_1_272' title='bbox 649 4147 781 4208; x_wconf 88' lang='lat' dir='ltr'>semper</span> <span class='ocrx_word' id='word_1_273' title='bbox 796 4132 936 4188; x_wconf 90' lang='lat' dir='ltr'>eatenus</span> <span class='ocrx_word' id='word_1_274' title='bbox 952 4123 1105 4206; x_wconf 86' lang='lat' dir='ltr'>Legibus</span> <span class='ocrx_word' id='word_1_275' title='bbox 1120 4123 1235 4207; x_wconf 87' lang='lat' dir='ltr'>Regni</span> <span class='ocrx_word' id='word_1_276' title='bbox 1251 4121 1368 4204; x_wconf 91' lang='lat' dir='ltr'>Diplo-</span> 
     </span>
     <span class='ocr_line' id='line_1_36' title="bbox 72 4234 478 4320; baseline -0.002 -22"><span class='ocrx_word' id='word_1_277' title='bbox 72 4245 164 4300; x_wconf 88' lang='lat' dir='ltr'>mate</span> <span class='ocrx_word' id='word_1_278' title='bbox 189 4235 300 4320; x_wconf 88' lang='lat' dir='ltr'>Regio</span> <span class='ocrx_word' id='word_1_279' title='bbox 324 4234 478 4298; x_wconf 83' lang='lat' dir='ltr'>firmatis</span> 
     </span>
    </p>
   </div>
   <div class='ocr_carea' id='block_1_3' title="bbox 0 0 1586 5218">
    <p class='ocr_par' dir='ltr' id='par_1_4' title="bbox 0 0 1586 5218">
     <span class='ocr_line' id='line_1_37' title="bbox 0 0 1586 5218; baseline 0 0"><span class='ocrx_word' id='word_1_280' title='bbox 0 0 1586 5218; x_wconf 95' lang='lat' dir='ltr'> </span> 
     </span>
    </p>
   </div>
  </div>
 </body>
</html>
