<?xml version="1.0" encoding="UTF-8"?>
<!DOCTYPE html PUBLIC "-//W3C//DTD XHTML 1.0 Transitional//EN"
    "http://www.w3.org/TR/xhtml1/DTD/xhtml1-transitional.dtd">
<html xmlns="http://www.w3.org/1999/xhtml" xml:lang="en" lang="en">
 <head>
  <title>
</title>
<meta http-equiv="Content-Type" content="text/html;charset=utf-8" />
  <meta name='ocr-system' content='tesseract 3.04.00' />
  <meta name='ocr-capabilities' content='ocr_page ocr_carea ocr_par ocr_line ocrx_word'/>
</head>
<body>
  <div class='ocr_page' id='page_1' title='image "./enchiridionfont00marcgoog_0347.png"; bbox 0 0 3160 5212; ppageno 0'>
   <div class='ocr_carea' id='block_1_1' title="bbox 1291 369 1356 431">
    <p class='ocr_par' dir='ltr' id='par_1_1' title="bbox 1291 369 1356 431">
     <span class='ocr_line' id='line_1_1' title="bbox 1291 369 1356 431; baseline 0 0"><span class='ocrx_word' id='word_1_1' title='bbox 1291 369 1356 431; x_wconf 70' lang='grc'><strong>3211</strong></span> 
     </span>
    </p>
   </div>
   <div class='ocr_carea' id='block_1_2' title="bbox 48 565 1407 4725">
    <p class='ocr_par' dir='ltr' id='par_1_2' title="bbox 48 565 1407 4725">
     <span class='ocr_line' id='line_1_2' title="bbox 62 565 1355 650; baseline 0.001 -19"><span class='ocrx_word' id='word_1_2' title='bbox 62 565 262 650; x_wconf 67' lang='lat' dir='ltr'>Imperaton</span> <span class='ocrx_word' id='word_1_3' title='bbox 301 566 563 630; x_wconf 85' lang='lat' dir='ltr'>Serenissimum</span> <span class='ocrx_word' id='word_1_4' title='bbox 602 566 779 629; x_wconf 91' lang='lat' dir='ltr'>dominum</span> <span class='ocrx_word' id='word_1_5' title='bbox 817 573 974 628; x_wconf 86' lang='lat' dir='ltr'>nostrum</span> <span class='ocrx_word' id='word_1_6' title='bbox 1012 565 1182 628; x_wconf 90' lang='lat' dir='ltr'>Mathiam</span> <span class='ocrx_word' id='word_1_7' title='bbox 1213 566 1355 650; x_wconf 83' lang='lat' dir='ltr'>Regem.</span> 
     </span>
     <span class='ocr_line' id='line_1_3' title="bbox 61 671 1355 758; baseline -0.002 -20"><span class='ocrx_word' id='word_1_8' title='bbox 61 676 238 739; x_wconf 90' lang='lat' dir='ltr'>dominum</span> <span class='ocrx_word' id='word_1_9' title='bbox 253 683 410 739; x_wconf 87' lang='lat' dir='ltr'>nostrum</span> <span class='ocrx_word' id='word_1_10' title='bbox 428 677 744 758; x_wconf 84' lang='lat' dir='ltr'>graciossissimum,</span> <span class='ocrx_word' id='word_1_11' title='bbox 769 694 829 758; x_wconf 89' lang='lat' dir='ltr'>pro</span> <span class='ocrx_word' id='word_1_12' title='bbox 846 672 917 736; x_wconf 89' lang='lat' dir='ltr'>filio</span> <span class='ocrx_word' id='word_1_13' title='bbox 937 694 997 736; x_wconf 89' lang='lat' dir='ltr'>suo</span> <span class='ocrx_word' id='word_1_14' title='bbox 1021 673 1184 756; x_wconf 90' lang='lat' dir='ltr'>adoptiuo</span> <span class='ocrx_word' id='word_1_15' title='bbox 1204 671 1355 752; x_wconf 72' lang='lat' dir='ltr'>habebit,</span> 
     </span>
     <span class='ocr_line' id='line_1_4' title="bbox 60 780 1353 866; baseline -0.003 -20"><span class='ocrx_word' id='word_1_16' title='bbox 60 796 92 846; x_wconf 87' lang='lat' dir='ltr'>et</span> <span class='ocrx_word' id='word_1_17' title='bbox 120 791 261 866; x_wconf 89' lang='lat' dir='ltr'>paterne</span> <span class='ocrx_word' id='word_1_18' title='bbox 289 782 525 866; x_wconf 73' lang='lat' dir='ltr'>amplectetur,</span> <span class='ocrx_word' id='word_1_19' title='bbox 559 791 594 845; x_wconf 86' lang='lat' dir='ltr'>et</span> <span class='ocrx_word' id='word_1_20' title='bbox 618 783 920 864; x_wconf 87' lang='lat' dir='ltr'>impresenciarum</span> <span class='ocrx_word' id='word_1_21' title='bbox 945 783 989 864; x_wconf 24' lang='lat' dir='ltr'>,in</span> <span class='ocrx_word' id='word_1_22' title='bbox 1022 780 1132 844; x_wconf 90' lang='lat' dir='ltr'>filium</span> <span class='ocrx_word' id='word_1_23' title='bbox 1165 783 1286 864; x_wconf 80' lang='lat' dir='ltr'>recipit</span> <span class='ocrx_word' id='word_1_24' title='bbox 1320 787 1353 843; x_wconf 89' lang='lat' dir='ltr'>et</span> 
     </span>
     <span class='ocr_line' id='line_1_5' title="bbox 60 887 1356 974; baseline -0.002 -21"><span class='ocrx_word' id='word_1_25' title='bbox 60 891 204 973; x_wconf 85' lang='lat' dir='ltr'>adoptat</span> <span class='ocrx_word' id='word_1_26' title='bbox 229 893 326 974; x_wconf 90' lang='lat' dir='ltr'>eique</span> <span class='ocrx_word' id='word_1_27' title='bbox 352 897 384 953; x_wconf 91' lang='lat' dir='ltr'>et</span> <span class='ocrx_word' id='word_1_28' title='bbox 409 890 531 974; x_wconf 90' lang='lat' dir='ltr'>Regno</span> <span class='ocrx_word' id='word_1_29' title='bbox 555 889 761 954; x_wconf 87' lang='lat' dir='ltr'>Amiciciam</span> <span class='ocrx_word' id='word_1_30' title='bbox 785 887 921 952; x_wconf 86' lang='lat' dir='ltr'>fauores</span> <span class='ocrx_word' id='word_1_31' title='bbox 938 895 972 952; x_wconf 90' lang='lat' dir='ltr'>et</span> <span class='ocrx_word' id='word_1_32' title='bbox 990 889 1221 971; x_wconf 90' lang='lat' dir='ltr'>promociones</span> <span class='ocrx_word' id='word_1_33' title='bbox 1245 894 1356 970; x_wconf 88' lang='lat' dir='ltr'>pater-</span> 
     </span>
     <span class='ocr_line' id='line_1_6' title="bbox 59 993 1355 1082; baseline -0.002 -21"><span class='ocrx_word' id='word_1_34' title='bbox 59 1019 120 1061; x_wconf 85' lang='lat' dir='ltr'>nas</span> <span class='ocrx_word' id='word_1_35' title='bbox 144 1001 286 1060; x_wconf 88' lang='lat' dir='ltr'>inantea</span> <span class='ocrx_word' id='word_1_36' title='bbox 310 997 654 1082; x_wconf 68' lang='lat' dir='ltr'>facieteundemque</span> <span class='ocrx_word' id='word_1_37' title='bbox 671 995 848 1059; x_wconf 89' lang='lat' dir='ltr'>dominum</span> <span class='ocrx_word' id='word_1_38' title='bbox 865 1003 1020 1059; x_wconf 89' lang='lat' dir='ltr'>nostrum</span> <span class='ocrx_word' id='word_1_39' title='bbox 1036 996 1168 1080; x_wconf 82' lang='lat' dir='ltr'>Regem</span> <span class='ocrx_word' id='word_1_40' title='bbox 1185 993 1355 1059; x_wconf 88' lang='lat' dir='ltr'>Mathiam</span> 
     </span>
     <span class='ocr_line' id='line_1_7' title="bbox 59 1103 1354 1189; baseline -0.002 -21"><span class='ocrx_word' id='word_1_41' title='bbox 59 1104 172 1168; x_wconf 79' lang='lat' dir='ltr'>filiuni</span> <span class='ocrx_word' id='word_1_42' title='bbox 198 1127 297 1168; x_wconf 86' lang='lat' dir='ltr'>suum</span> <span class='ocrx_word' id='word_1_43' title='bbox 321 1103 522 1186; x_wconf 60' lang='lat' dir='ltr'>nominabit7</span> <span class='ocrx_word' id='word_1_44' title='bbox 546 1105 593 1168; x_wconf 89' lang='lat' dir='ltr'>Et</span> <span class='ocrx_word' id='word_1_45' title='bbox 617 1107 654 1168; x_wconf 91' lang='lat' dir='ltr'>in</span> <span class='ocrx_word' id='word_1_46' title='bbox 677 1106 950 1189; x_wconf 88' lang='lat' dir='ltr'>recognicionem</span> <span class='ocrx_word' id='word_1_47' title='bbox 973 1111 1070 1167; x_wconf 87' lang='lat' dir='ltr'>tante</span> <span class='ocrx_word' id='word_1_48' title='bbox 1090 1104 1272 1167; x_wconf 79' lang='lat' dir='ltr'>clemencie</span> <span class='ocrx_word' id='word_1_49' title='bbox 1288 1124 1354 1187; x_wconf 89' lang='lat' dir='ltr'>que</span> 
     </span>
     <span class='ocr_line' id='line_1_8' title="bbox 58 1211 1354 1296; baseline -0.002 -22"><span class='ocrx_word' id='word_1_50' title='bbox 58 1212 180 1275; x_wconf 85' lang='lat' dir='ltr'>multis</span> <span class='ocrx_word' id='word_1_51' title='bbox 196 1211 408 1296; x_wconf 78' lang='lat' dir='ltr'>respectibus</span> <span class='ocrx_word' id='word_1_52' title='bbox 431 1235 450 1276; x_wconf 93' lang='lat' dir='ltr'>a</span> <span class='ocrx_word' id='word_1_53' title='bbox 474 1234 533 1276; x_wconf 89' lang='lat' dir='ltr'>sua</span> <span class='ocrx_word' id='word_1_54' title='bbox 559 1211 773 1276; x_wconf 88' lang='lat' dir='ltr'>sublimitate</span> <span class='ocrx_word' id='word_1_55' title='bbox 797 1211 941 1276; x_wconf 84' lang='lat' dir='ltr'>Cesarea</span> <span class='ocrx_word' id='word_1_56' title='bbox 958 1211 1069 1275; x_wconf 91' lang='lat' dir='ltr'>eidem</span> <span class='ocrx_word' id='word_1_57' title='bbox 1085 1211 1222 1275; x_wconf 90' lang='lat' dir='ltr'>domino</span> <span class='ocrx_word' id='word_1_58' title='bbox 1238 1217 1354 1273; x_wconf 90' lang='lat' dir='ltr'>nostro</span> 
     </span>
     <span class='ocr_line' id='line_1_9' title="bbox 56 1318 1355 1404; baseline -0.003 -21"><span class='ocrx_word' id='word_1_59' title='bbox 56 1319 149 1404; x_wconf 84' lang='lat' dir='ltr'>Regi</span> <span class='ocrx_word' id='word_1_60' title='bbox 184 1320 317 1384; x_wconf 86' lang='lat' dir='ltr'>Mathia</span> <span class='ocrx_word' id='word_1_61' title='bbox 350 1321 393 1383; x_wconf 92' lang='lat' dir='ltr'>ad</span> <span class='ocrx_word' id='word_1_62' title='bbox 426 1318 590 1382; x_wconf 84' lang='lat' dir='ltr'>honorem</span> <span class='ocrx_word' id='word_1_63' title='bbox 623 1327 657 1382; x_wconf 89' lang='lat' dir='ltr'>et</span> <span class='ocrx_word' id='word_1_64' title='bbox 681 1319 857 1382; x_wconf 90' lang='lat' dir='ltr'>commoda</span> <span class='ocrx_word' id='word_1_65' title='bbox 891 1319 998 1401; x_wconf 54' lang='lat' dir='ltr'>cedet,</span> <span class='ocrx_word' id='word_1_66' title='bbox 1031 1325 1071 1382; x_wconf 85' lang='lat' dir='ltr'>vt</span> <span class='ocrx_word' id='word_1_67' title='bbox 1094 1318 1200 1402; x_wconf 91' lang='lat' dir='ltr'>digna</span> <span class='ocrx_word' id='word_1_68' title='bbox 1223 1319 1355 1380; x_wconf 84' lang='lat' dir='ltr'>vicissi-</span> 
     </span>
     <span class='ocr_line' id='line_1_10' title="bbox 58 1425 1354 1512; baseline 0 -24"><span class='ocrx_word' id='word_1_69' title='bbox 58 1427 182 1490; x_wconf 88' lang='lat' dir='ltr'>tudine</span> <span class='ocrx_word' id='word_1_70' title='bbox 204 1427 430 1512; x_wconf 76' lang='lat' dir='ltr'>gratitudinis</span> <span class='ocrx_word' id='word_1_71' title='bbox 455 1426 571 1490; x_wconf 89' lang='lat' dir='ltr'>debite</span> <span class='ocrx_word' id='word_1_72' title='bbox 595 1447 630 1489; x_wconf 91' lang='lat' dir='ltr'>se</span> <span class='ocrx_word' id='word_1_73' title='bbox 654 1447 735 1510; x_wconf 89' lang='lat' dir='ltr'>erga</span> <span class='ocrx_word' id='word_1_74' title='bbox 759 1448 855 1489; x_wconf 89' lang='lat' dir='ltr'>suam</span> <span class='ocrx_word' id='word_1_75' title='bbox 887 1425 1105 1508; x_wconf 87' lang='lat' dir='ltr'>Imperialem</span> <span class='ocrx_word' id='word_1_76' title='bbox 1137 1425 1354 1488; x_wconf 82' lang='lat' dir='ltr'>Maiestatem</span> 
     </span>
     <span class='ocr_line' id='line_1_11' title="bbox 54 1532 1354 1616; baseline 0 -20"><span class='ocrx_word' id='word_1_77' title='bbox 54 1533 230 1614; x_wconf 71' lang='lat' dir='ltr'>exhibeat,</span> <span class='ocrx_word' id='word_1_78' title='bbox 255 1534 452 1598; x_wconf 90' lang='lat' dir='ltr'>conclusum</span> <span class='ocrx_word' id='word_1_79' title='bbox 476 1541 537 1616; x_wconf 71' lang='lat' dir='ltr'>est7</span> <span class='ocrx_word' id='word_1_80' title='bbox 560 1533 656 1611; x_wconf 85' lang='lat' dir='ltr'>Quod</span> <span class='ocrx_word' id='word_1_81' title='bbox 682 1535 774 1597; x_wconf 88' lang='lat' dir='ltr'>idern</span> <span class='ocrx_word' id='word_1_82' title='bbox 798 1534 956 1597; x_wconf 88' lang='lat' dir='ltr'>dominus</span> <span class='ocrx_word' id='word_1_83' title='bbox 971 1539 1087 1596; x_wconf 88' lang='lat' dir='ltr'>noster</span> <span class='ocrx_word' id='word_1_84' title='bbox 1102 1533 1178 1597; x_wconf 82' lang='lat' dir='ltr'>Rex</span> <span class='ocrx_word' id='word_1_85' title='bbox 1195 1532 1354 1611; x_wconf 78' lang='lat' dir='ltr'>Mathia-a,</span> 
     </span>
     <span class='ocr_line' id='line_1_12' title="bbox 55 1639 1354 1724; baseline 0.001 -22"><span class='ocrx_word' id='word_1_86' title='bbox 55 1640 244 1723; x_wconf 89' lang='lat' dir='ltr'>adoptiuus</span> <span class='ocrx_word' id='word_1_87' title='bbox 267 1641 359 1705; x_wconf 89' lang='lat' dir='ltr'>filius</span> <span class='ocrx_word' id='word_1_88' title='bbox 383 1665 442 1705; x_wconf 87' lang='lat' dir='ltr'>sue</span> <span class='ocrx_word' id='word_1_89' title='bbox 472 1642 684 1724; x_wconf 79' lang='lat' dir='ltr'>Serenitatis,</span> <span class='ocrx_word' id='word_1_90' title='bbox 710 1639 882 1723; x_wconf 83' lang='lat' dir='ltr'>prefatum</span> <span class='ocrx_word' id='word_1_91' title='bbox 907 1641 1084 1704; x_wconf 88' lang='lat' dir='ltr'>dominum</span> <span class='ocrx_word' id='word_1_92' title='bbox 1109 1639 1354 1723; x_wconf 82' lang='lat' dir='ltr'>Imperatorem</span> 
     </span>
     <span class='ocr_line' id='line_1_13' title="bbox 56 1747 1353 1834; baseline 0 -24"><span class='ocrx_word' id='word_1_93' title='bbox 56 1748 247 1812; x_wconf 79' lang='lat' dir='ltr'>exaduerso</span> <span class='ocrx_word' id='word_1_94' title='bbox 272 1750 383 1834; x_wconf 88' lang='lat' dir='ltr'>quoad</span> <span class='ocrx_word' id='word_1_95' title='bbox 403 1752 540 1830; x_wconf 79' lang='lat' dir='ltr'>uixerit,</span> <span class='ocrx_word' id='word_1_96' title='bbox 565 1770 625 1832; x_wconf 90' lang='lat' dir='ltr'>pro</span> <span class='ocrx_word' id='word_1_97' title='bbox 651 1755 746 1832; x_wconf 87' lang='lat' dir='ltr'>patre</span> <span class='ocrx_word' id='word_1_98' title='bbox 769 1747 935 1811; x_wconf 90' lang='lat' dir='ltr'>honorare</span> <span class='ocrx_word' id='word_1_99' title='bbox 969 1754 1137 1829; x_wconf 82' lang='lat' dir='ltr'>reputare,</span> <span class='ocrx_word' id='word_1_100' title='bbox 1169 1749 1353 1830; x_wconf 80' lang='lat' dir='ltr'>nominare,</span> 
     </span>
     <span class='ocr_line' id='line_1_14' title="bbox 57 1853 1355 1931; baseline 0.001 -15"><span class='ocrx_word' id='word_1_101' title='bbox 57 1853 209 1918; x_wconf 80' lang='lat' dir='ltr'>scribere</span> <span class='ocrx_word' id='word_1_102' title='bbox 233 1862 267 1918; x_wconf 92' lang='lat' dir='ltr'>et</span> <span class='ocrx_word' id='word_1_103' title='bbox 292 1863 408 1920; x_wconf 89' lang='lat' dir='ltr'>tenere</span> <span class='ocrx_word' id='word_1_104' title='bbox 431 1854 563 1919; x_wconf 86' lang='lat' dir='ltr'>debeat.</span> <span class='ocrx_word' id='word_1_105' title='bbox 586 1853 780 1919; x_wconf 84' lang='lat' dir='ltr'>Annuendo</span> <span class='ocrx_word' id='word_1_106' title='bbox 804 1855 901 1931; x_wconf 82' lang='lat' dir='ltr'>Quod</span> <span class='ocrx_word' id='word_1_107' title='bbox 926 1854 1023 1917; x_wconf 86' lang='lat' dir='ltr'>Idem</span> <span class='ocrx_word' id='word_1_108' title='bbox 1047 1855 1206 1918; x_wconf 90' lang='lat' dir='ltr'>dominus</span> <span class='ocrx_word' id='word_1_109' title='bbox 1238 1861 1355 1918; x_wconf 90' lang='lat' dir='ltr'>noster</span> 
     </span>
     <span class='ocr_line' id='line_1_15' title="bbox 56 1961 1354 2047; baseline -0.002 -22"><span class='ocrx_word' id='word_1_110' title='bbox 56 1961 133 2026; x_wconf 83' lang='lat' dir='ltr'>Rex</span> <span class='ocrx_word' id='word_1_111' title='bbox 159 1963 311 2027; x_wconf 87' lang='lat' dir='ltr'>Mathias</span> <span class='ocrx_word' id='word_1_112' title='bbox 345 1964 517 2047; x_wconf 86' lang='lat' dir='ltr'>prefatum</span> <span class='ocrx_word' id='word_1_113' title='bbox 546 1963 722 2026; x_wconf 90' lang='lat' dir='ltr'>dominum</span> <span class='ocrx_word' id='word_1_114' title='bbox 755 1971 910 2025; x_wconf 85' lang='lat' dir='ltr'>nostrum</span> <span class='ocrx_word' id='word_1_115' title='bbox 943 1961 1188 2044; x_wconf 81' lang='lat' dir='ltr'>Imperatorem</span> <span class='ocrx_word' id='word_1_116' title='bbox 1222 1968 1354 2043; x_wconf 88' lang='lat' dir='ltr'>patrem</span> 
     </span>
     <span class='ocr_line' id='line_1_16' title="bbox 57 2069 1354 2154; baseline -0.001 -22"><span class='ocrx_word' id='word_1_117' title='bbox 57 2080 89 2132; x_wconf 84' lang='lat' dir='ltr'>et</span> <span class='ocrx_word' id='word_1_118' title='bbox 125 2070 260 2154; x_wconf 86' lang='lat' dir='ltr'>Regem</span> <span class='ocrx_word' id='word_1_119' title='bbox 294 2073 457 2153; x_wconf 72' lang='lat' dir='ltr'>nominet,</span> <span class='ocrx_word' id='word_1_120' title='bbox 492 2069 644 2150; x_wconf 73' lang='lat' dir='ltr'>honoret,</span> <span class='ocrx_word' id='word_1_121' title='bbox 677 2077 823 2152; x_wconf 75' lang='lat' dir='ltr'>reputet,</span> <span class='ocrx_word' id='word_1_122' title='bbox 857 2077 890 2132; x_wconf 85' lang='lat' dir='ltr'>et</span> <span class='ocrx_word' id='word_1_123' title='bbox 923 2069 1035 2132; x_wconf 89' lang='lat' dir='ltr'>eidem</span> <span class='ocrx_word' id='word_1_124' title='bbox 1068 2071 1158 2152; x_wconf 88' lang='lat' dir='ltr'>patri</span> <span class='ocrx_word' id='word_1_125' title='bbox 1197 2075 1231 2132; x_wconf 91' lang='lat' dir='ltr'>et</span> <span class='ocrx_word' id='word_1_126' title='bbox 1264 2069 1354 2152; x_wconf 89' lang='lat' dir='ltr'>Regi</span> 
     </span>
     <span class='ocr_line' id='line_1_17' title="bbox 58 2175 1353 2260; baseline -0.001 -21"><span class='ocrx_word' id='word_1_127' title='bbox 58 2177 242 2260; x_wconf 88' lang='lat' dir='ltr'>Hungarie</span> <span class='ocrx_word' id='word_1_128' title='bbox 267 2177 403 2242; x_wconf 86' lang='lat' dir='ltr'>scribat.</span> <span class='ocrx_word' id='word_1_129' title='bbox 427 2179 573 2260; x_wconf 87' lang='lat' dir='ltr'>Insuper</span> <span class='ocrx_word' id='word_1_130' title='bbox 595 2177 772 2240; x_wconf 90' lang='lat' dir='ltr'>dominum</span> <span class='ocrx_word' id='word_1_131' title='bbox 796 2184 951 2240; x_wconf 88' lang='lat' dir='ltr'>nostrum</span> <span class='ocrx_word' id='word_1_132' title='bbox 974 2177 1106 2260; x_wconf 88' lang='lat' dir='ltr'>Regem</span> <span class='ocrx_word' id='word_1_133' title='bbox 1131 2175 1300 2239; x_wconf 83' lang='lat' dir='ltr'>Mathiani</span> <span class='ocrx_word' id='word_1_134' title='bbox 1315 2198 1353 2239; x_wconf 88' lang='lat' dir='ltr'>ac</span> 
     </span>
     <span class='ocr_line' id='line_1_18' title="bbox 56 2281 1355 2348; baseline 0 -2"><span class='ocrx_word' id='word_1_135' title='bbox 56 2283 218 2347; x_wconf 88' lang='lat' dir='ltr'>Prelatos</span> <span class='ocrx_word' id='word_1_136' title='bbox 241 2285 393 2348; x_wconf 82' lang='lat' dir='ltr'>Berones</span> <span class='ocrx_word' id='word_1_137' title='bbox 416 2285 577 2348; x_wconf 88' lang='lat' dir='ltr'>Proceres</span> <span class='ocrx_word' id='word_1_138' title='bbox 601 2283 743 2347; x_wconf 86' lang='lat' dir='ltr'>Nobiles</span> <span class='ocrx_word' id='word_1_139' title='bbox 765 2283 899 2346; x_wconf 83' lang='lat' dir='ltr'>Incolae</span> <span class='ocrx_word' id='word_1_140' title='bbox 931 2291 965 2346; x_wconf 91' lang='lat' dir='ltr'>et</span> <span class='ocrx_word' id='word_1_141' title='bbox 991 2281 1245 2346; x_wconf 89' lang='lat' dir='ltr'>Inhabitatores</span> <span class='ocrx_word' id='word_1_142' title='bbox 1268 2284 1355 2347; x_wconf 87' lang='lat' dir='ltr'>dicti</span> 
     </span>
     <span class='ocr_line' id='line_1_19' title="bbox 58 2385 1353 2477; baseline -0.001 -23"><span class='ocrx_word' id='word_1_143' title='bbox 58 2391 178 2474; x_wconf 89' lang='lat' dir='ltr'>Regni</span> <span class='ocrx_word' id='word_1_144' title='bbox 217 2391 405 2476; x_wconf 72' lang='lat' dir='ltr'>Hungarie</span> <span class='ocrx_word' id='word_1_145' title='bbox 445 2399 549 2477; x_wconf 88' lang='lat' dir='ltr'>atque</span> <span class='ocrx_word' id='word_1_146' title='bbox 588 2392 668 2474; x_wconf 59' lang='lat' dir='ltr'>Nos,</span> <span class='ocrx_word' id='word_1_147' title='bbox 707 2395 886 2476; x_wconf 89' lang='lat' dir='ltr'>ipsumque</span> <span class='ocrx_word' id='word_1_148' title='bbox 929 2392 1090 2475; x_wconf 86' lang='lat' dir='ltr'>Regnum</span> <span class='ocrx_word' id='word_1_149' title='bbox 1132 2385 1353 2474; x_wconf 75' lang='lat' dir='ltr'>supradictos⁷</span> 
     </span>
     <span class='ocr_line' id='line_1_20' title="bbox 54 2499 1354 2584; baseline 0.002 -24"><span class='ocrx_word' id='word_1_150' title='bbox 54 2500 179 2582; x_wconf 77' lang='lat' dir='ltr'>vigore</span> <span class='ocrx_word' id='word_1_151' title='bbox 197 2500 352 2562; x_wconf 88' lang='lat' dir='ltr'>mandati</span> <span class='ocrx_word' id='word_1_152' title='bbox 375 2499 473 2563; x_wconf 92' lang='lat' dir='ltr'>nobis</span> <span class='ocrx_word' id='word_1_153' title='bbox 497 2499 628 2582; x_wconf 85' lang='lat' dir='ltr'>traditi,</span> <span class='ocrx_word' id='word_1_154' title='bbox 645 2499 837 2584; x_wconf 88' lang='lat' dir='ltr'>obligamus</span> <span class='ocrx_word' id='word_1_155' title='bbox 854 2505 888 2562; x_wconf 90' lang='lat' dir='ltr'>et</span> <span class='ocrx_word' id='word_1_156' title='bbox 905 2501 1129 2582; x_wconf 85' lang='lat' dir='ltr'>astringimus</span> <span class='ocrx_word' id='word_1_157' title='bbox 1146 2521 1205 2582; x_wconf 88' lang='lat' dir='ltr'>per</span> <span class='ocrx_word' id='word_1_158' title='bbox 1220 2523 1354 2582; x_wconf 86' lang='lat' dir='ltr'>presen-</span> 
     </span>
     <span class='ocr_line' id='line_1_21' title="bbox 56 2606 1353 2690; baseline 0 -22"><span class='ocrx_word' id='word_1_159' title='bbox 56 2619 109 2668; x_wconf 86' lang='lat' dir='ltr'>tes</span> <span class='ocrx_word' id='word_1_160' title='bbox 134 2606 178 2668; x_wconf 88' lang='lat' dir='ltr'>ad</span> <span class='ocrx_word' id='word_1_161' title='bbox 203 2608 405 2671; x_wconf 88' lang='lat' dir='ltr'>seruandam</span> <span class='ocrx_word' id='word_1_162' title='bbox 429 2609 636 2690; x_wconf 82' lang='lat' dir='ltr'>inconcusse,</span> <span class='ocrx_word' id='word_1_163' title='bbox 657 2615 828 2690; x_wconf 74' lang='lat' dir='ltr'>perpetuo,</span> <span class='ocrx_word' id='word_1_164' title='bbox 853 2629 930 2670; x_wconf 88' lang='lat' dir='ltr'>cum</span> <span class='ocrx_word' id='word_1_165' title='bbox 947 2608 1066 2670; x_wconf 89' lang='lat' dir='ltr'>eodem</span> <span class='ocrx_word' id='word_1_166' title='bbox 1083 2607 1220 2670; x_wconf 89' lang='lat' dir='ltr'>domino</span> <span class='ocrx_word' id='word_1_167' title='bbox 1236 2613 1353 2668; x_wconf 90' lang='lat' dir='ltr'>nostro</span> 
     </span>
     <span class='ocr_line' id='line_1_22' title="bbox 54 2713 1354 2798; baseline -0.002 -22"><span class='ocrx_word' id='word_1_168' title='bbox 54 2713 296 2777; x_wconf 87' lang='lat' dir='ltr'>Romanorum</span> <span class='ocrx_word' id='word_1_169' title='bbox 319 2713 530 2797; x_wconf 89' lang='lat' dir='ltr'>Imperatore</span> <span class='ocrx_word' id='word_1_170' title='bbox 554 2721 587 2777; x_wconf 89' lang='lat' dir='ltr'>et</span> <span class='ocrx_word' id='word_1_171' title='bbox 612 2713 807 2777; x_wconf 89' lang='lat' dir='ltr'>Heredibus</span> <span class='ocrx_word' id='word_1_172' title='bbox 836 2713 1017 2798; x_wconf 78' lang='lat' dir='ltr'>Terrisque</span> <span class='ocrx_word' id='word_1_173' title='bbox 1042 2722 1076 2777; x_wconf 92' lang='lat' dir='ltr'>et</span> <span class='ocrx_word' id='word_1_174' title='bbox 1100 2714 1260 2777; x_wconf 89' lang='lat' dir='ltr'>dominiis</span> <span class='ocrx_word' id='word_1_175' title='bbox 1284 2715 1354 2775; x_wconf 89' lang='lat' dir='ltr'>suis</span> 
     </span>
     <span class='ocr_line' id='line_1_23' title="bbox 57 2819 1354 2906; baseline -0.002 -22"><span class='ocrx_word' id='word_1_176' title='bbox 57 2843 178 2904; x_wconf 86' lang='lat' dir='ltr'>pacem</span> <span class='ocrx_word' id='word_1_177' title='bbox 203 2819 453 2902; x_wconf 69' lang='lat' dir='ltr'>Inuiolabilem,</span> <span class='ocrx_word' id='word_1_178' title='bbox 477 2823 575 2906; x_wconf 89' lang='lat' dir='ltr'>Ligis</span> <span class='ocrx_word' id='word_1_179' title='bbox 599 2829 633 2884; x_wconf 91' lang='lat' dir='ltr'>et</span> <span class='ocrx_word' id='word_1_180' title='bbox 650 2820 933 2903; x_wconf 87' lang='lat' dir='ltr'>inscripcionibus</span> <span class='ocrx_word' id='word_1_181' title='bbox 959 2822 1206 2883; x_wconf 80' lang='lat' dir='ltr'>incont-rarium</span> <span class='ocrx_word' id='word_1_182' title='bbox 1228 2820 1354 2883; x_wconf 86' lang='lat' dir='ltr'>facien-</span> 
     </span>
     <span class='ocr_line' id='line_1_24' title="bbox 54 2925 1350 3012; baseline -0.002 -22"><span class='ocrx_word' id='word_1_183' title='bbox 54 2927 153 2990; x_wconf 84' lang='lat' dir='ltr'>tibus</span> <span class='ocrx_word' id='word_1_184' title='bbox 183 2949 252 2990; x_wconf 89' lang='grc'>000</span> <span class='ocrx_word' id='word_1_185' title='bbox 284 2925 502 2991; x_wconf 89' lang='lat' dir='ltr'>obstantibus</span> <span class='ocrx_word' id='word_1_186' title='bbox 535 2927 803 3012; x_wconf 73' lang='lat' dir='ltr'>quibuscunque,</span> <span class='ocrx_word' id='word_1_187' title='bbox 836 2927 946 2990; x_wconf 91' lang='lat' dir='ltr'>Immo</span> <span class='ocrx_word' id='word_1_188' title='bbox 979 2927 1124 2989; x_wconf 87' lang='lat' dir='ltr'>sublatis</span> <span class='ocrx_word' id='word_1_189' title='bbox 1157 2927 1284 2990; x_wconf 89' lang='lat' dir='ltr'>eisdem</span> <span class='ocrx_word' id='word_1_190' title='bbox 1318 2933 1350 2989; x_wconf 87' lang='lat' dir='ltr'>et</span> 
     </span>
     <span class='ocr_line' id='line_1_25' title="bbox 56 3033 1353 3117; baseline -0.002 -19"><span class='ocrx_word' id='word_1_191' title='bbox 56 3035 201 3098; x_wconf 83' lang='lat' dir='ltr'>consilia</span> <span class='ocrx_word' id='word_1_192' title='bbox 218 3035 347 3098; x_wconf 84' lang='grc'><strong>00111110</strong></span> <span class='ocrx_word' id='word_1_193' title='bbox 371 3042 404 3098; x_wconf 88' lang='grc'>01</span> <span class='ocrx_word' id='word_1_194' title='bbox 429 3034 581 3098; x_wconf 84' lang='lat' dir='ltr'>subsidia</span> <span class='ocrx_word' id='word_1_195' title='bbox 606 3057 664 3097; x_wconf 89' lang='lat' dir='ltr'>sue</span> <span class='ocrx_word' id='word_1_196' title='bbox 688 3033 863 3117; x_wconf 88' lang='lat' dir='ltr'>Imperiali</span> <span class='ocrx_word' id='word_1_197' title='bbox 887 3034 1095 3098; x_wconf 86' lang='lat' dir='ltr'>Celsitudini</span> <span class='ocrx_word' id='word_1_198' title='bbox 1111 3055 1242 3097; x_wconf 87' lang='lat' dir='ltr'>nec-non</span> <span class='ocrx_word' id='word_1_199' title='bbox 1259 3035 1353 3098; x_wconf 79' lang='lat' dir='ltr'>Sere-</span> 
     </span>
     <span class='ocr_line' id='line_1_26' title="bbox 56 3140 1353 3224; baseline -0.003 -19"><span class='ocrx_word' id='word_1_200' title='bbox 56 3144 200 3205; x_wconf 84' lang='lat' dir='ltr'>nissimo</span> <span class='ocrx_word' id='word_1_201' title='bbox 225 3143 378 3224; x_wconf 85' lang='lat' dir='ltr'>Principi</span> <span class='ocrx_word' id='word_1_202' title='bbox 402 3142 539 3204; x_wconf 89' lang='lat' dir='ltr'>domino</span> <span class='ocrx_word' id='word_1_203' title='bbox 573 3141 809 3204; x_wconf 81' lang='lat' dir='ltr'>Maximiliano</span> <span class='ocrx_word' id='word_1_204' title='bbox 843 3163 901 3204; x_wconf 87' lang='lat' dir='ltr'>sue</span> <span class='ocrx_word' id='word_1_205' title='bbox 934 3140 1127 3223; x_wconf 89' lang='lat' dir='ltr'>Imperialis</span> <span class='ocrx_word' id='word_1_206' title='bbox 1161 3140 1353 3202; x_wconf 82' lang='lat' dir='ltr'>Maiestatis</span> 
     </span>
     <span class='ocr_line' id='line_1_27' title="bbox 56 3247 1352 3333; baseline -0.002 -21"><span class='ocrx_word' id='word_1_207' title='bbox 56 3249 140 3312; x_wconf 81' lang='lat' dir='ltr'>filio.</span> <span class='ocrx_word' id='word_1_208' title='bbox 164 3251 298 3312; x_wconf 87' lang='lat' dir='ltr'>cunctis</span> <span class='ocrx_word' id='word_1_209' title='bbox 322 3251 358 3311; x_wconf 91' lang='lat' dir='ltr'>in</span> <span class='ocrx_word' id='word_1_210' title='bbox 374 3249 527 3312; x_wconf 77' lang='lat' dir='ltr'>adversis</span> <span class='ocrx_word' id='word_1_211' title='bbox 551 3255 669 3311; x_wconf 87' lang='lat' dir='ltr'>contra</span> <span class='ocrx_word' id='word_1_212' title='bbox 689 3269 907 3333; x_wconf 68' lang='lat' dir='ltr'>quomunque</span> <span class='ocrx_word' id='word_1_213' title='bbox 925 3251 1054 3311; x_wconf 89' lang='lat' dir='ltr'>tociens</span> <span class='ocrx_word' id='word_1_214' title='bbox 1070 3250 1230 3332; x_wconf 84' lang='lat' dir='ltr'>quociens</span> <span class='ocrx_word' id='word_1_215' title='bbox 1247 3247 1352 3310; x_wconf 85' lang='lat' dir='ltr'>fuerit.</span> 
     </span>
     <span class='ocr_line' id='line_1_28' title="bbox 54 3355 1407 3438; baseline 0.001 -23"><span class='ocrx_word' id='word_1_216' title='bbox 54 3365 298 3438; x_wconf 74' lang='lat' dir='ltr'>opportunum,</span> <span class='ocrx_word' id='word_1_217' title='bbox 322 3355 545 3419; x_wconf 81' lang='lat' dir='ltr'>Sanctissimo</span> <span class='ocrx_word' id='word_1_218' title='bbox 570 3357 707 3419; x_wconf 90' lang='lat' dir='ltr'>domino</span> <span class='ocrx_word' id='word_1_219' title='bbox 731 3363 848 3418; x_wconf 86' lang='lat' dir='ltr'>nostro</span> <span class='ocrx_word' id='word_1_220' title='bbox 873 3379 968 3438; x_wconf 84' lang='lat' dir='ltr'>papa,</span> <span class='ocrx_word' id='word_1_221' title='bbox 993 3356 1078 3418; x_wconf 73' lang='lat' dir='ltr'>Sede</span> <span class='ocrx_word' id='word_1_222' title='bbox 1103 3355 1301 3437; x_wconf 84' lang='lat' dir='ltr'>Apostolica</span> <span class='ocrx_word' id='word_1_223' title='bbox 1318 3364 1352 3417; x_wconf 86' lang='lat' dir='ltr'>et</span> <span class='ocrx_word' id='word_1_224' title='bbox 1404 3405 1407 3410; x_wconf 94' lang='lat'>.</span> 
     </span>
     <span class='ocr_line' id='line_1_29' title="bbox 54 3461 1351 3545; baseline 0 -21"><span class='ocrx_word' id='word_1_225' title='bbox 54 3471 177 3525; x_wconf 85' lang='lat' dir='ltr'>sancta</span> <span class='ocrx_word' id='word_1_226' title='bbox 201 3463 357 3525; x_wconf 90' lang='lat' dir='ltr'>Romana</span> <span class='ocrx_word' id='word_1_227' title='bbox 380 3462 534 3525; x_wconf 88' lang='lat' dir='ltr'>Ecclesia</span> <span class='ocrx_word' id='word_1_228' title='bbox 559 3463 739 3525; x_wconf 79' lang='lat' dir='ltr'>dumtaxat</span> <span class='ocrx_word' id='word_1_229' title='bbox 766 3465 927 3545; x_wconf 71' lang='lat' dir='ltr'>exceptis⁷</span> <span class='ocrx_word' id='word_1_230' title='bbox 952 3461 1140 3526; x_wconf 85' lang='lat' dir='ltr'>efficaciter</span> <span class='ocrx_word' id='word_1_231' title='bbox 1173 3483 1232 3544; x_wconf 86' lang='lat' dir='ltr'>pro</span> <span class='ocrx_word' id='word_1_232' title='bbox 1258 3484 1351 3544; x_wconf 86' lang='lat' dir='ltr'>posse</span> 
     </span>
     <span class='ocr_line' id='line_1_30' title="bbox 55 3567 1351 3654; baseline 0 -22"><span class='ocrx_word' id='word_1_233' title='bbox 55 3569 171 3633; x_wconf 87' lang='lat' dir='ltr'>danda</span> <span class='ocrx_word' id='word_1_234' title='bbox 199 3567 355 3633; x_wconf 86' lang='lat' dir='ltr'>facienda</span> <span class='ocrx_word' id='word_1_235' title='bbox 380 3577 414 3633; x_wconf 90' lang='lat' dir='ltr'>et</span> <span class='ocrx_word' id='word_1_236' title='bbox 438 3571 672 3654; x_wconf 88' lang='lat' dir='ltr'>prosequenda</span> <span class='ocrx_word' id='word_1_237' title='bbox 696 3571 738 3634; x_wconf 93' lang='lat' dir='ltr'>ad</span> <span class='ocrx_word' id='word_1_238' title='bbox 763 3592 822 3634; x_wconf 92' lang='lat' dir='ltr'>sue</span> <span class='ocrx_word' id='word_1_239' title='bbox 846 3571 1038 3634; x_wconf 85' lang='lat' dir='ltr'>Maiestatis</span> <span class='ocrx_word' id='word_1_240' title='bbox 1062 3571 1285 3652; x_wconf 82' lang='lat' dir='ltr'>Imperatoria</span> <span class='ocrx_word' id='word_1_241' title='bbox 1318 3582 1351 3632; x_wconf 84' lang='lat' dir='ltr'>et</span> 
     </span>
     <span class='ocr_line' id='line_1_31' title="bbox 57 3675 1351 3762; baseline -0.001 -23"><span class='ocrx_word' id='word_1_242' title='bbox 57 3676 189 3759; x_wconf 78' lang='lat' dir='ltr'>prelati</span> <span class='ocrx_word' id='word_1_243' title='bbox 222 3675 286 3738; x_wconf 93' lang='lat' dir='ltr'>filii</span> <span class='ocrx_word' id='word_1_244' title='bbox 320 3679 372 3739; x_wconf 91' lang='lat' dir='ltr'>sui</span> <span class='ocrx_word' id='word_1_245' title='bbox 405 3679 666 3761; x_wconf 84' lang='lat' dir='ltr'>requisicionem</span> <span class='ocrx_word' id='word_1_246' title='bbox 700 3675 919 3759; x_wconf 78' lang='lat' dir='ltr'>prefatorum,</span> <span class='ocrx_word' id='word_1_247' title='bbox 952 3678 1067 3762; x_wconf 89' lang='lat' dir='ltr'>Regni</span> <span class='ocrx_word' id='word_1_248' title='bbox 1099 3678 1278 3761; x_wconf 86' lang='lat' dir='ltr'>Hungarie</span> <span class='ocrx_word' id='word_1_249' title='bbox 1317 3683 1351 3738; x_wconf 87' lang='lat' dir='ltr'>et</span> 
     </span>
     <span class='ocr_line' id='line_1_32' title="bbox 53 3784 1352 3869; baseline -0.001 -22"><span class='ocrx_word' id='word_1_250' title='bbox 53 3785 168 3869; x_wconf 87' lang='lat' dir='ltr'>Regis</span> <span class='ocrx_word' id='word_1_251' title='bbox 195 3805 253 3866; x_wconf 90' lang='lat' dir='ltr'>pro</span> <span class='ocrx_word' id='word_1_252' title='bbox 277 3792 428 3867; x_wconf 90' lang='lat' dir='ltr'>tempore</span> <span class='ocrx_word' id='word_1_253' title='bbox 453 3788 618 3868; x_wconf 76' lang='lat' dir='ltr'>expensis,</span> <span class='ocrx_word' id='word_1_254' title='bbox 642 3785 724 3848; x_wconf 92' lang='lat' dir='ltr'>dum</span> <span class='ocrx_word' id='word_1_255' title='bbox 749 3791 864 3849; x_wconf 85' lang='lat' dir='ltr'>tamen</span> <span class='ocrx_word' id='word_1_256' title='bbox 888 3788 925 3849; x_wconf 92' lang='lat' dir='ltr'>in</span> <span class='ocrx_word' id='word_1_257' title='bbox 948 3787 1166 3868; x_wconf 84' lang='lat' dir='ltr'>expedicione</span> <span class='ocrx_word' id='word_1_258' title='bbox 1199 3784 1352 3868; x_wconf 87' lang='lat' dir='ltr'>generali</span> 
     </span>
     <span class='ocr_line' id='line_1_33' title="bbox 53 3890 1348 3975; baseline -0.001 -21"><span class='ocrx_word' id='word_1_259' title='bbox 53 3901 178 3955; x_wconf 86' lang='lat' dir='ltr'>contra</span> <span class='ocrx_word' id='word_1_260' title='bbox 202 3891 329 3954; x_wconf 83' lang='lat' dir='ltr'>Turcos</span> <span class='ocrx_word' id='word_1_261' title='bbox 353 3895 390 3954; x_wconf 91' lang='lat' dir='ltr'>in</span> <span class='ocrx_word' id='word_1_262' title='bbox 413 3890 476 3955; x_wconf 91' lang='lat' dir='ltr'>hoc</span> <span class='ocrx_word' id='word_1_263' title='bbox 500 3914 568 3955; x_wconf 90' lang='lat' dir='ltr'>non</span> <span class='ocrx_word' id='word_1_264' title='bbox 585 3892 752 3955; x_wconf 84' lang='lat' dir='ltr'>fuerimus</span> <span class='ocrx_word' id='word_1_265' title='bbox 769 3893 938 3975; x_wconf 87' lang='lat' dir='ltr'>prepediti</span> <span class='ocrx_word' id='word_1_266' title='bbox 956 3915 993 3955; x_wconf 86' lang='grc'>00</span> <span class='ocrx_word' id='word_1_267' title='bbox 1011 3891 1242 3955; x_wconf 84' lang='lat' dir='ltr'>irracionabili</span> <span class='ocrx_word' id='word_1_268' title='bbox 1258 3912 1348 3954; x_wconf 88' lang='lat' dir='ltr'>mora</span> 
     </span>
     <span class='ocr_line' id='line_1_34' title="bbox 54 3998 1352 4085; baseline -0.002 -22"><span class='ocrx_word' id='word_1_269' title='bbox 54 4011 85 4063; x_wconf 85' lang='lat' dir='ltr'>et</span> <span class='ocrx_word' id='word_1_270' title='bbox 114 4001 390 4063; x_wconf 84' lang='lat' dir='ltr'>contradiccione</span> <span class='ocrx_word' id='word_1_271' title='bbox 423 4001 602 4085; x_wconf 88' lang='lat' dir='ltr'>quibusuis</span> <span class='ocrx_word' id='word_1_272' title='bbox 619 4001 663 4062; x_wconf 88' lang='lat' dir='ltr'>&#39;in</span> <span class='ocrx_word' id='word_1_273' title='bbox 686 3999 753 4062; x_wconf 87' lang='lat' dir='ltr'>hiis</span> <span class='ocrx_word' id='word_1_274' title='bbox 777 4002 915 4062; x_wconf 89' lang='lat' dir='ltr'>omnino</span> <span class='ocrx_word' id='word_1_275' title='bbox 940 3999 1159 4078; x_wconf 66' lang='lat' dir='ltr'>cessantibus</span> <span class='ocrx_word' id='word_1_276' title='bbox 1183 3998 1352 4062; x_wconf 85' lang='lat' dir='ltr'>libertati-</span> 
     </span>
     <span class='ocr_line' id='line_1_35' title="bbox 53 4106 1349 4192; baseline -0.003 -22"><span class='ocrx_word' id='word_1_277' title='bbox 53 4106 120 4170; x_wconf 91' lang='lat' dir='ltr'>bus</span> <span class='ocrx_word' id='word_1_278' title='bbox 156 4107 242 4169; x_wconf 91' lang='lat' dir='ltr'>dicti</span> <span class='ocrx_word' id='word_1_279' title='bbox 274 4107 389 4192; x_wconf 90' lang='lat' dir='ltr'>Regni</span> <span class='ocrx_word' id='word_1_280' title='bbox 422 4109 458 4170; x_wconf 91' lang='lat' dir='ltr'>in</span> <span class='ocrx_word' id='word_1_281' title='bbox 491 4107 567 4169; x_wconf 88' lang='lat' dir='ltr'>aliis</span> <span class='ocrx_word' id='word_1_282' title='bbox 601 4129 734 4189; x_wconf 87' lang='lat' dir='ltr'>semper</span> <span class='ocrx_word' id='word_1_283' title='bbox 766 4107 878 4170; x_wconf 84' lang='lat' dir='ltr'>saluis</span> <span class='ocrx_word' id='word_1_284' title='bbox 913 4107 966 4170; x_wconf 89' lang='lat' dir='ltr'>Ob</span> <span class='ocrx_word' id='word_1_285' title='bbox 998 4107 1086 4191; x_wconf 86' lang='lat' dir='ltr'>quod</span> <span class='ocrx_word' id='word_1_286' title='bbox 1127 4107 1349 4189; x_wconf 77' lang='lat' dir='ltr'>imperatoria</span> 
     </span>
     <span class='ocr_line' id='line_1_36' title="bbox 51 4213 1351 4298; baseline -0.002 -21"><span class='ocrx_word' id='word_1_287' title='bbox 51 4213 223 4278; x_wconf 85' lang='lat' dir='ltr'>Maiestas</span> <span class='ocrx_word' id='word_1_288' title='bbox 245 4221 344 4298; x_wconf 86' lang='lat' dir='ltr'>grata</span> <span class='ocrx_word' id='word_1_289' title='bbox 369 4213 616 4296; x_wconf 69' lang='lat' dir='ltr'>vicissitudine</span> <span class='ocrx_word' id='word_1_290' title='bbox 645 4213 822 4276; x_wconf 75' lang='lat' dir='ltr'>fiauoribus</span> <span class='ocrx_word' id='word_1_291' title='bbox 846 4223 879 4277; x_wconf 89' lang='lat' dir='ltr'>et</span> <span class='ocrx_word' id='word_1_292' title='bbox 913 4213 1186 4296; x_wconf 62' lang='grc'><strong>11100100101111100</strong></span> <span class='ocrx_word' id='word_1_293' title='bbox 1219 4213 1351 4276; x_wconf 90' lang='lat' dir='ltr'>dictum</span> 
     </span>
     <span class='ocr_line' id='line_1_37' title="bbox 50 4320 1351 4404; baseline -0.003 -18"><span class='ocrx_word' id='word_1_294' title='bbox 50 4323 237 4386; x_wconf 88' lang='lat' dir='ltr'>dominum</span> <span class='ocrx_word' id='word_1_295' title='bbox 260 4329 415 4383; x_wconf 89' lang='lat' dir='ltr'>nostrum</span> <span class='ocrx_word' id='word_1_296' title='bbox 439 4320 571 4402; x_wconf 87' lang='lat' dir='ltr'>Regem</span> <span class='ocrx_word' id='word_1_297' title='bbox 594 4321 764 4384; x_wconf 85' lang='lat' dir='ltr'>Mathiarn</span> <span class='ocrx_word' id='word_1_298' title='bbox 797 4328 829 4384; x_wconf 89' lang='lat' dir='ltr'>et</span> <span class='ocrx_word' id='word_1_299' title='bbox 864 4322 978 4404; x_wconf 84' lang='lat' dir='ltr'>Regni</span> <span class='ocrx_word' id='word_1_300' title='bbox 1012 4321 1190 4402; x_wconf 88' lang='lat' dir='ltr'>Hungarie</span> <span class='ocrx_word' id='word_1_301' title='bbox 1224 4320 1351 4383; x_wconf 90' lang='lat' dir='ltr'>bonum</span> 
     </span>
     <span class='ocr_line' id='line_1_38' title="bbox 50 4425 1350 4511; baseline -0.001 -20"><span class='ocrx_word' id='word_1_302' title='bbox 50 4442 188 4491; x_wconf 83' lang='lat' dir='ltr'>statum</span> <span class='ocrx_word' id='word_1_303' title='bbox 213 4429 390 4511; x_wconf 86' lang='lat' dir='ltr'>signanter</span> <span class='ocrx_word' id='word_1_304' title='bbox 413 4433 531 4489; x_wconf 88' lang='lat' dir='ltr'>contra</span> <span class='ocrx_word' id='word_1_305' title='bbox 555 4427 705 4490; x_wconf 55' lang='grc' dir='ltr'>Γ,1101110111</span> <span class='ocrx_word' id='word_1_306' title='bbox 730 4435 764 4490; x_wconf 87' lang='lat' dir='ltr'>et</span> <span class='ocrx_word' id='word_1_307' title='bbox 788 4426 943 4490; x_wconf 89' lang='lat' dir='ltr'>infideles</span> <span class='ocrx_word' id='word_1_308' title='bbox 968 4425 1098 4489; x_wconf 79' lang='lat' dir='ltr'>Christi</span> <span class='ocrx_word' id='word_1_309' title='bbox 1121 4426 1236 4490; x_wconf 87' lang='lat' dir='ltr'>hostes</span> <span class='ocrx_word' id='word_1_310' title='bbox 1259 4427 1350 4510; x_wconf 86' lang='lat' dir='ltr'>apud</span> 
     </span>
     <span class='ocr_line' id='line_1_39' title="bbox 50 4533 1351 4618; baseline -0.002 -20"><span class='ocrx_word' id='word_1_311' title='bbox 50 4535 319 4598; x_wconf 84' lang='lat' dir='ltr'>Sanctissimum</span> <span class='ocrx_word' id='word_1_312' title='bbox 336 4533 513 4597; x_wconf 91' lang='lat' dir='ltr'>dominum</span> <span class='ocrx_word' id='word_1_313' title='bbox 529 4543 684 4598; x_wconf 88' lang='lat' dir='ltr'>nostrum</span> <span class='ocrx_word' id='word_1_314' title='bbox 701 4535 880 4598; x_wconf 77' lang='lat' dir='ltr'>Summum</span> <span class='ocrx_word' id='word_1_315' title='bbox 897 4534 1101 4616; x_wconf 72' lang='lat' dir='ltr'>pontificem</span> <span class='ocrx_word' id='word_1_316' title='bbox 1121 4534 1244 4598; x_wconf 80' lang='lat' dir='ltr'>Sedem</span> <span class='ocrx_word' id='word_1_317' title='bbox 1260 4534 1351 4618; x_wconf 84' lang='lat' dir='ltr'>Apo-</span> 
     </span>
     <span class='ocr_line' id='line_1_40' title="bbox 48 4641 1351 4725; baseline -0.001 -21"><span class='ocrx_word' id='word_1_318' title='bbox 48 4642 223 4725; x_wconf 83' lang='lat' dir='ltr'>stolicam,</span> <span class='ocrx_word' id='word_1_319' title='bbox 240 4641 416 4724; x_wconf 88' lang='lat' dir='ltr'>Principes</span> <span class='ocrx_word' id='word_1_320' title='bbox 433 4643 527 4706; x_wconf 77' lang='lat' dir='ltr'>Sacri</span> <span class='ocrx_word' id='word_1_321' title='bbox 546 4644 694 4706; x_wconf 86' lang='lat' dir='ltr'>Romani</span> <span class='ocrx_word' id='word_1_322' title='bbox 710 4643 851 4724; x_wconf 86' lang='lat' dir='ltr'>Imperii</span> <span class='ocrx_word' id='word_1_323' title='bbox 875 4650 909 4704; x_wconf 90' lang='lat' dir='ltr'>et</span> <span class='ocrx_word' id='word_1_324' title='bbox 933 4641 1017 4705; x_wconf 80' lang='grc'><strong>01100</strong></span> <span class='ocrx_word' id='word_1_325' title='bbox 1040 4641 1100 4706; x_wconf 84' lang='lat' dir='ltr'>vbi</span> <span class='ocrx_word' id='word_1_326' title='bbox 1120 4648 1351 4725; x_wconf 86' lang='lat' dir='ltr'>opportunum</span> 
     </span>
    </p>
   </div>
   <div class='ocr_carea' id='block_1_3' title="bbox 0 0 1584 5212">
    <p class='ocr_par' dir='ltr' id='par_1_3' title="bbox 0 0 1584 5212">
     <span class='ocr_line' id='line_1_41' title="bbox 0 0 1584 5212; baseline 0 3"><span class='ocrx_word' id='word_1_327' title='bbox 0 0 1584 5212; x_wconf 95' lang='lat' dir='ltr'> </span> 
     </span>
    </p>
   </div>
  </div>
 </body>
</html>
