3138 5212
224 370 292 434 402

333 569 384 633 27.
409 568 508 648 Item,
532 568 624 653 quod
647 570 760 631 omnia
794 567 933 631 castella
968 577 1002 632 et
1036 568 1208 633 fortalicia
1232 567 1384 652 aliaeque
1409 569 1521 630 muni-

225 681 336 742 tiones
361 681 454 740 inter
475 677 560 740 haec
583 675 754 740 disturbia
783 697 842 759 per
876 675 1033 740 subditos
1058 679 1236 762 utriusque
1260 683 1416 740 nostrum
1439 696 1522 759 quo-

226 785 389 849 rumlibet
413 793 448 848 et
472 783 668 867 ubicunque
692 791 803 846 erecta
820 791 855 846 et
872 791 1087 848 constructae
1114 786 1250 868 penitus
1273 781 1521 852 distrahantur,

225 899 259 956 et
285 890 460 976 publicata
484 913 566 974 pace
590 890 828 954 demoliantur.
868 931 871 940 ι

333 1000 385 1062 28.
410 999 509 1072 Item,
534 997 624 1082 quod
658 998 859 1062 donationes
892 1007 926 1064 et
952 999 1133 1083 privilegia
1163 999 1341 1082 utriusque
1364 1001 1520 1059 nostrum

226 1106 291 1171 sub
311 1104 552 1189 jurisdictione
577 1105 761 1170 cuiuslibet
800 1115 957 1171 nostrum
989 1110 1055 1170 rite
1087 1106 1311 1191 legitimeque
1344 1101 1520 1167 confectae

226 1215 263 1279 et
285 1223 453 1281 emanata.
477 1235 516 1277 ac
540 1212 751 1278 infuturum
771 1235 905 1300 quoque
928 1213 1158 1280 conficiendae
1181 1222 1217 1278 et
1240 1211 1427 1278 emanando
1445 1217 1520 1273 rata

226 1343 359 1405 semper
383 1329 542 1384 maneant
567 1329 670 1405 atque
695 1319 801 1384 firma.

335 1429 386 1492 31.
402 1427 493 1492 Item
510 1428 600 1513 quod
617 1428 661 1491 ad
678 1450 743 1510 eos,
758 1431 818 1513 qui
835 1426 915 1492 huic
933 1431 1007 1511 paci
1023 1437 1058 1492 et
1078 1436 1218 1493 mutuae
1228 1427 1521 1492 confoederatioui

227 1544 362 1600 nostrae
387 1536 666 1619 ordinationique
683 1538 874 1599 consentire
891 1543 926 1598 et
942 1534 1080 1599 obedire
1097 1535 1237 1617 nollent,
1261 1535 1448 1600 domandos
1470 1544 1522 1597 at-

227 1665 292 1729 que
317 1643 535 1727 castigandos
559 1642 770 1725 deputentur
785 1642 830 1706 ab
845 1651 991 1727 utroque
1008 1649 1163 1706 nostrum
1187 1645 1306 1706 statim
1330 1641 1422 1705 facta
1440 1663 1520 1724 pace

226 1750 320 1814 mille
345 1753 488 1836 equites,
511 1758 545 1814 et
578 1751 725 1814 totidem
759 1750 891 1833 pedites
926 1752 1096 1834 pinidarii,
1120 1750 1176 1814 vel
1200 1759 1284 1836 quot
1307 1749 1521 1814 videbuntur

228 1856 418 1940 necessarij,
452 1866 486 1922 et
520 1860 693 1940 capitanei
724 1861 904 1942 utriusque
931 1867 1086 1921 nostrum
1118 1879 1195 1922 cum
1218 1858 1416 1923 huiusmodi
1439 1879 1521 1942 gen-

226 1963 321 2028 tibus
345 1971 471 2049 cogant
496 1963 573 2029 illos
596 1973 630 2028 et
656 1989 716 2048 per
737 1968 850 2029 omnia
881 1965 1031 2029 remedia
1055 1965 1261 2048 compellant
1285 1988 1334 2048 ea,
1357 1987 1444 2050 (quae
1462 1987 1522 2048 per

227 2094 288 2136 nos
312 2081 432 2136 mutuo
457 2073 616 2136 ordinata
640 2081 838 2158 statutaque
867 2081 957 2156 sunt,
990 2072 1134 2137 rebelles
1159 2075 1248 2155 ipsos
1272 2071 1523 2136 inviolabiliter

228 2179 418 2244 observare.

336 2288 386 2350 32.
411 2287 509 2370 Item,
535 2288 625 2372 quod
643 2289 914 2373 quandocunque
935 2291 1106 2352 exercitus
1129 2288 1255 2371 aliquis
1269 2285 1441 2370 generalis
1464 2287 1522 2350 vel

227 2393 444 2476 particularis
469 2397 610 2479 navigio
633 2405 693 2459 aut
718 2417 819 2478 super
847 2405 974 2459 terram
998 2398 1035 2458 in
1058 2395 1275 2479 Hungariam
1298 2393 1340 2457 de
1365 2392 1523 2476 partibus

226 2499 430 2565 Germaniae
455 2502 670 2567 descenderit
693 2511 796 2587 atque
816 2505 960 2585 venerit,
988 2505 1126 2588 utrique
1149 2509 1305 2566 nostrum
1328 2508 1363 2565 et
1387 2503 1448 2564 isti
1472 2521 1525 2564 re-

226 2629 295 2693 gno
319 2617 436 2673 nostro
461 2610 662 2694 Huugariae
685 2610 849 2673 damnum
882 2609 1151 2694 violentiamque
1175 2630 1243 2673 non
1267 2606 1437 2672 inferant:
1461 2609 1524 2672 sed

227 2714 354 2799 absque
378 2719 472 2780 omni
496 2716 574 2780 dolo
599 2717 787 2801 fraudeque
811 2725 845 2780 et
870 2717 994 2780 damno
1019 2717 1213 2800 procedant.

335 2821 386 2884 33.
411 2821 502 2886 Item
525 2824 722 2887 ordinatum
747 2832 781 2887 et
814 2823 1012 2888 conclusum
1040 2831 1101 2907 est,
1124 2824 1216 2908 quod
1239 2824 1410 2888 Civitates
1427 2845 1525 2887 mon-

227 2934 418 3011 1111111111,ἵ
443 2953 520 2994 cum
544 2934 627 3014 ipsis
652 2935 824 2996 montanis
839 2941 874 2996 11
894 2935 1043 3014 mineris,
1067 2935 1151 2996 item
1179 2931 1310 3013 Castra,
1325 2931 1525 3015 Antiquum

227 3035 371 3121 Zolium,
396 3039 556 3121 O-Waar,
581 3035 791 3104 Munkatsch
814 3048 850 3104 et
873 3040 970 3104 Huzt
987 3062 1065 3104 cum
1089 3042 1231 3104 camaris
1255 3038 1379 3102 salium
1401 3037 1524 3102 atalia

230 3144 318 3208 bona
357 3149 526 3228 universa,
565 3169 787 3232 quaecunque
827 3147 896 3212 Ser.
931 3150 1079 3231 principi
1102 3147 1142 3211 D.
1166 3147 1296 3211 Mariae
1319 3145 1525 3230 Hungariae

226 3261 288 3316 etc.
312 3254 476 3338 Reginae,
510 3257 631 3335 (sorori
663 3264 798 3319 nostrae
832 3255 981 3334 charnu)
1013 3254 1225 3338 temporibus
1258 3253 1315 3319 SS.
1347 3253 1526 3338 quondam

227 3360 301 3424 DD.
325 3362 510 3427 Wladislai
533 3371 568 3426 et
602 3364 771 3428 Ludovici
803 3386 924 3448 regum
949 3367 1114 3447 inscripta
1138 3369 1227 3444 sunt,
1251 3365 1349 3425 iuxta
1373 3358 1526 3424 formam

227 3471 490 3552 inscriptionum
513 3474 587 3534 vita
611 3475 683 3535 eius
708 3472 853 3536 durante
887 3472 940 3536 illi
973 3477 1134 3535 maneant
1172 3469 1298 3552 illaesa,
1322 3475 1357 3532 et
1380 3469 1410 3531 si
1433 3489 1525 3552 quae

226 3575 372 3642 fuissent
390 3577 514 3660 oblata,
531 3589 683 3663 tempore
701 3579 943 3662 publicationis
961 3583 1053 3662 pacis
1069 3579 1314 3656 restituantur,
1338 3578 1388 3638 ita
1404 3583 1527 3638 tamen

226 3691 265 3747 ut
289 3684 331 3748 de
365 3685 487 3750 Castro
522 3687 714 3770 Diosgyaor
752 3688 935 3752 modernus
976 3707 1145 3770 possessor
1176 3685 1233 3750 vel
1265 3687 1321 3748 via
1341 3680 1441 3766 juris,
1466 3681 1527 3748 vel

228 3794 427 3857 concordiae
452 3816 511 3877 per
535 3798 644 3877 ipsam
671 3794 712 3858 D.
746 3796 919 3879 Reginam
952 3800 1181 3876 contentatur,
1204 3800 1238 3856 11
1262 3799 1345 3855 tunc
1369 3799 1527 3857 castrum

227 3898 313 3964 illud
338 3903 520 3966 restituere
544 3911 719 3983 teneatur3
744 3911 779 3966 et
811 3926 850 3966 ea
885 3911 1020 3968 mortua
1045 3903 1134 3967 bona
1159 3903 1367 3985 praescripta
1389 3901 1435 3964 ad
1462 3923 1526 3965 nos

226 4015 260 4070 et
284 4007 426 4071 heredes
451 4016 585 4073 nostros
609 4012 645 4073 in
668 4010 790 4095 Regno
824 4031 1032 4073 successores
1066 4010 1257 4093 praedictos
1281 4006 1526 4072 devolvantur.

334 4115 385 4178 34.
409 4113 508 4197 Item,
532 4115 623 4200 quod
647 4115 697 4180 sal
721 4115 986 4180 Transilvanum
1006 4118 1142 4179 nonnisi
1165 4119 1202 4179 in
1221 4115 1381 4196 dominic,
1405 4123 1440 4179 et
1459 4116 1526 4181 sub

227 4221 357 4286 ditione
391 4218 486 4287 Sernli
515 4223 556 4287 D.
580 4223 749 4288 Johannis
773 4224 880 4308 Regis
904 4224 1076 4287 vendatur
1098 4229 1133 4286 et
1158 4223 1365 4306 dipensetur.
1388 4223 1420 4286 E
1444 4246 1527 4287 con-

226 4350 323 4393 verso
348 4338 464 4393 autem
489 4329 540 4393 sal
563 4330 866 4395 Maromarosiense
900 4331 963 4395 sub
997 4331 1127 4394 ditione
1160 4330 1371 4394 solummodo
1404 4341 1525 4397 nostra

335 4585 344 4612 1
365 4575 445 4630 Ezek
464 4575 638 4632 ndvszerint
657 4579 885 4634 akdvetkazdk:
906 4578 1061 4646 Ktrmtcz,
1080 4575 1322 4648 Selmecabtuya,
1335 4576 1527 4634 Besztercze-

226 4662 331 4734 btnya,
351 4662 532 4738 Bdlablmya,
553 4667 750 4738 Libetbtnya,
771 4667 996 4738 Brezndbdnya‚
1017 4665 1157 4738 ujbanya
1176 4663 1208 4720 11
1227 4665 1375 4736 Korpoua.
