3160 5212
1304 346 1369 410 299

75 545 242 610 celebrari
267 549 406 628 possint,
430 551 600 610 statutum
624 552 692 609 est:
716 545 815 623 Quod
839 543 929 609 fores
948 545 1068 608 domus
1084 544 1269 608 iudicariae
1286 565 1370 608 sem-

75 675 135 735 per
159 661 309 736 pateant,
333 661 368 717 et
391 675 499 736 nem0,
523 655 590 717 nisi
613 659 764 734 vocatus,
784 656 912 716 intrare
929 652 1061 716 audeat.
1078 650 1245 735 Alioquin
1260 658 1370 714 trans-

73 781 220 844 gressor,
237 783 379 842 poenam
399 761 484 825 alias
504 761 686 844 superinde
710 761 892 844 decretam,
914 761 979 826 hoc
1002 766 1063 840 est,
1088 766 1226 823 centum
1254 779 1371 822 aureo-

74 889 152 931 rum
186 871 348 950 incurrat,
382 891 441 952 pro
474 869 599 954 quibus
632 873 751 934 statim
783 872 946 954 capiatur,
980 877 1015 933 ct
1047 871 1084 931 in
1113 869 1203 930 turri
1226 870 1370 948 manca,8

74 997 184 1060 usque
208 977 251 1040 ad
276 980 532 1043 restitutionem
556 983 723 1040 teneatur.

184 1085 262 1149 Art.
285 1085 417 1149 LXIX.
441 1085 532 1149 Item
565 1083 675 1148 solent
708 1083 958 1162 Procuratores,
992 1081 1079 1146 lucri
1111 1083 1232 1166 gratia,
1267 1079 1372 1164 pluri-

72 1213 212 1256 marum
249 1214 469 1276 personarum
502 1213 619 1256 causas
652 1195 830 1273 suscipere,
863 1198 898 1254 et
931 1193 1015 1254 satis
1053 1189 1290 1274 negleigenter
1327 1188 1369 1251 ad

72 1319 195 1363 earum
220 1299 454 1366 defensionem
477 1301 665 1382 attendere,
688 1299 890 1384 nullumque
914 1319 1030 1362 casum
1054 1296 1175 1380 facere,
1191 1299 1219 1360 si
1235 1297 1371 1381 quando

71 1427 195 1470 eorum
225 1409 429 1492 principales
453 1412 490 1473 in
514 1410 674 1494 birsagiis
698 1411 968 1473 convincuntur:
992 1415 1026 1472 et
1059 1407 1123 1472 hoc
1156 1407 1371 1491 potissimum

72 1537 115 1576 ex
142 1535 194 1596 ec,
218 1516 309 1598 quod
343 1519 485 1602 antiqua
518 1515 763 1579 consuetudine
797 1514 947 1600 birsagia
980 1514 1185 1596 huiusmodi,
1220 1523 1371 1596 tempore

71 1621 261 1686 dumtaxat
277 1621 517 1686 celebrationis
536 1622 742 1686 iudiciorum
758 1621 979 1707 generalium,
996 1623 1192 1705 extorqueri
1208 1619 1372 1684 solebant.

71 1729 166 1793 Cum
190 1750 272 1792 vero
305 1730 511 1793 eiuscemodi
544 1730 670 1793 iudicia
703 1729 885 1814 generalia,
919 1735 1020 1812 prout
1052 1730 1208 1811 superius
1240 1721 1372 1790 tactum

71 1843 136 1917 est,
162 1835 293 1900 abolita
317 1839 396 1919 sint,
419 1844 454 1900 et
471 1836 630 1919 deinceps
647 1857 824 1921 nunquam
840 1834 1073 1899 celebrentur:
1089 1833 1222 1898 Idcirco
1239 1833 1373 1898 ordina-

74 1953 153 2007 tum
187 1951 249 2026 est,
283 1943 374 2029 quod
408 1943 575 2026 deinceps
608 1942 724 2006 nullus
757 1943 1032 2024 Procuratorem,
1071 1941 1230 2024 plurium,
1270 1963 1372 2026 quarn

72 2058 244 2134 ‹puattuor
267 2050 378 2114 decim
402 2071 623 2132 personarum
646 2072 764 2114 causas
788 2052 958 2132 suscipere
973 2057 1008 2112 et
1025 2055 1225 2132 supportare
1239 2048 1373 2112 audeat.

73 2159 147 2224 Ubi
181 2166 299 2223 autem
332 2158 492 2243 birsagiis
526 2162 782 2242 convincentur,
815 2160 934 2222 statim
977 2167 1052 2242 post
1086 2157 1189 2222 finem
1227 2156 1299 2219 litis
1338 2165 1373 2216 et

73 2287 199 2329 causae
225 2264 440 2347 decisionem,
465 2265 507 2329 de
532 2265 629 2329 bonis
653 2273 688 2330 et
713 2265 981 2348 possessionibus
997 2267 1051 2328 sui
1068 2262 1274 2346 principalia,
1290 2269 1373 2325 tunc

71 2373 116 2436 ad
145 2379 281 2455 partem
304 2372 438 2454 iudicia,
462 2395 565 2457 quam
588 2375 693 2436 etiarn
717 2373 905 2437 adversarii
928 2371 1107 2436 satisfiant.

187 2611 198 2638 ⁸
218 2599 335 2654 Csonka
354 2605 467 2670 torony.
