3124 5216
244 385 308 450 772

243 581 354 665 Regio
378 580 547 644 Camerali
571 581 748 666 quidpiam
771 580 884 642 oneris
907 577 1092 641 adcrescat.
1117 575 1301 641 Occasione
1323 585 1437 640 autem
1463 599 1524 641 ere-

244 691 367 753 ctionis
390 697 450 752 111
474 689 699 771 reparationis
722 686 950 769 Templorum,
973 683 1224 766 Parochiarum,
1248 693 1309 747 aut
1325 683 1523 767 Scholamm,

244 818 305 860 nec
328 793 507 860 Catholica
531 792 633 858 Plebs
657 791 887 878 EvangeliciS,
907 813 969 855 nec
985 789 1194 874 Evangelica
1209 789 1313 855 Plebs
1328 790 1524 874 Catholicae,

244 901 417 966 manuales
454 909 516 965 aut
554 900 706 964 currules
737 921 855 983 operas
888 898 969 962 dare
1000 896 1182 981 obligetur,
1214 907 1424 983 catenasque
1455 903 1522 964 initi

245 1008 450 1073 Contractus
474 1029 534 1091 pro
557 1008 698 1070 cassatis
720 1003 921 1069 habeantur.

354 1117 382 1182 7.
414 1117 567 1181 Ministri
598 1117 777 1199 utriusque
803 1110 1034 1177 Confessionis
1066 1113 1278 1200 Evangelici,
1311 1127 1470 1200 aegrotos
1497 1133 1523 1178 et

245 1227 400 1308 captivos
445 1246 524 1288 suae
567 1220 807 1302 Confessionis,
848 1218 1015 1284 adhibitis
1056 1219 1166 1284 solitis
1206 1221 1344 1304 politiae
1384 1217 1555 1292 cautelis}

246 1332 351 1416 libere
398 1355 531 1416 semper
584 1337 619 1394 et
665 1327 793 1413 ubique
838 1330 991 1410 visitare,
1037 1329 1079 1392 ad
1134 1337 1279 1394 mortem
1325 1351 1527 1414 praeparare,

245 1440 351 1504 acad
385 1438 591 1523 supplicium
623 1438 866 1519 condemnatis
890 1435 1026 1520 publice
1058 1439 1162 1502 etiam
1195 1440 1231 1502 in
1262 1438 1335 1502 loco
1369 1438 1528 1522 supplicii,

246 1547 330 1630 quin
354 1555 469 1610 tamen
501 1545 544 1609 ad
578 1544 784 1609 Contionem
808 1543 934 1626 dicant,
972 1545 1129 1608 assistere
1165 1553 1343 1628 poterimt;
1377 1545 1529 1611 Sacerdo

247 1652 340 1718 tibus
364 1659 480 1716 autem
511 1651 880 1734 Romano-Catholicis,
913 1652 995 1715 dum
1028 1675 1087 1736 per
1118 1661 1282 1738 aegrotos,
1306 1658 1474 1739 captivos,
1500 1674 1529 1720 et

246 1761 488 1824 condemnatos
511 1760 670 1824 advocati
709 1758 847 1842 fuerint,
879 1781 1041 1843 accessus,
1064 1759 1230 1825 adhibitis
1253 1761 1365 1826 solitis
1400 1763 1528 1847 politiae

247 1867 397 1950 cautelis,
421 1867 515 1930 nulla
538 1870 670 1931 ratione
698 1868 894 1950 denegetur.

354 1975 383 2037 8.
397 1974 515 2051 Quoad
533 1971 657 2038 Officia
681 1972 817 2057 publica
833 1983 904 2038 tam
928 1972 1065 2058 majora,
1080 1997 1184 2060 quam
1207 1979 1338 2041 minora
1363 1981 1531 2056 statuitur,

248 2089 287 2144 ut
312 2081 371 2145 illa
404 2083 541 2146 Patriae
574 2080 655 2145 filiis
678 2082 720 2146 de
743 2079 934 2164 Republica
972 2081 1172 2166 Hungarica
1204 2082 1289 2148 bene
1325 2088 1471 2167 meritis,
1499 2109 1529 2150 ac
1554 2097 1555 2126 ³

248 2191 429 2274 requisitas
446 2213 505 2275 per
528 2190 657 2273 Legem
672 2190 857 2276 qualitates
873 2189 1087 2272 habentibus,
1106 2191 1201 2255 nullo
1225 2194 1433 2276 interposito
1448 2194 1532 2258 Reli-

248 2299 360 2381 gionia
384 2297 579 2362 discrimine
611 2297 840 2361 conferantur.

356 2405 384 2468 9.
423 2405 625 2489 Evangelici
653 2407 758 2468 etiam
791 2427 811 2468 a
846 2405 1066 2489 Depositione
1105 2405 1301 2472 Juramenti
1339 2407 1555 2510 11101111111,

248 2512 358 2595 quoad
384 2511 581 2576 Clausulam
605 2512 761 2592 (Beatam
784 2513 963 2596 Virginem
987 2513 1140 2596 Mariam,
1164 2512 1314 2598 Sanctus,
1342 2525 1377 2580 11
1403 2516 1555 2584 Electus

249 2619 359 2699 Dei)
350 2641 517 2684 1mmunes
548 2619 773 2702 declarantur,
1553 2663 1555 2728 ,

357 2729 407 2791 10.
444 2727 679 2792 Fundationes
718 2727 1006 2812 Evangelicorum
1044 2751 1105 2813 pro
1143 2730 1313 2814 Ecclesiis,
1353 2752 1535 2818 eorumque

249 2836 427 2918 Ministris,
452 2834 585 2899 Scholia
608 2838 691 2899 item
714 2833 946 2920 cujuscunque
970 2837 1136 2922 Nominis,
1164 2838 1384 2922 Nosocomiis,
1411 2839 1537 2923 Orpha-

250 2942 448 3026 notrophiis,
487 2949 522 3005 11
563 2940 823 3026 quibuscunque
864 2943 1075 3027 Pauperibus
1108 2944 1165 3009 vel
1196 2944 1383 3010 Juventuti
1423 2947 1538 3032 Augu-

249 3059 375 3132 stanae,
416 3059 451 3113 et
474 3048 677 3113 Helveticae
700 3047 932 3114 Confessionis
963 3053 1178 3136 constitutae,
1201 3061 1262 3117 aut
1295 3055 1332 3117 in
1365 3070 1536 3136 posterum

251 3157 518 3239 constituendae,
543 3163 644 3239 prout
667 3158 772 3220 etiam
795 3157 1040 3242 Eleemosynae
1063 3159 1107 3223 ab
1140 3162 1261 3226 iisdem
1287 3162 1383 3226 nulla.
1409 3166 1537 3227 ratione

248 3265 453 3348 adimantur,
481 3286 543 3328 nec
576 3285 594 3326 e
627 3261 792 3347 manibus,
826 3273 861 3329 11
892 3266 1189 3332 administratione
1222 3289 1338 3332 eorum
1371 3269 1447 3332 ullo
1482 3270 1555 3336 snb÷

251 3381 431 3457 praetextu
463 3375 666 3453 eximantur,
690 3369 843 3435 Directio
876 3381 1049 3456 praeterea
1073 3373 1194 3438 harum
1220 3373 1472 3441 fundationum
1502 3380 1555 3441 111

250 3481 292 3544 de
326 3483 477 3563 ipsorum
508 3477 629 3560 medic,
662 3477 787 3562 quibus
820 3479 861 3543 de
892 3489 985 3544 recto
1017 3481 1136 3545 ordine
1170 3485 1342 3566 competit,
1375 3484 1479 3548 salva
1508 3483 1555 3548 11

251 3585 385 3650 illibata
418 3585 673 3669 relinquantur,
698 3585 777 3649 illae
810 3607 890 3651 vero
923 3587 1166 3670 Fundationes
1189 3611 1285 3674 ,quae
1317 3590 1538 3676 Evangelicis

250 3697 429 3778 utriusque
463 3691 696 3757 Confessionis
737 3692 800 3758 sub
841 3695 965 3760 ultimo
997 3698 1179 3782 Regimine
1211 3697 1326 3763 nefors
1357 3701 1535 3786 ademptae

250 3803 405 3885 fuissent,
438 3803 481 3865 iis
504 3802 597 3866 illico
630 3804 865 3885 restituantur,
899 3803 1218 3890 Superinspectione
1250 3807 1368 3890 Regia,
1405 3816 1448 3872 ut
1482 3808 1555 3884 hae,

249 3909 484 3975 Fundationes
507 3908 550 3972 ad
575 3916 724 3972 mentem
747 3909 985 3975 Fundatorum
1017 3913 1309 3996 administrentur,
1332 3934 1371 3976 ac
1407 3913 1555 3999 (11111111

250 4025 376 4098 sentur,
400 4015 443 4079 ad
468 4015 603 4078 easdem
625 4035 759 4099 quoque
786 4023 934 4082 extensa.

310 4141 312 4146 ’
360 4124 410 4186 11.
433 4121 622 4187 Universae
646 4120 776 4186 Causae
799 4123 1070 4188 Matrimoniales
1102 4125 1391 4210 Evangelicorum
1416 4131 1555 4208 utriusq

250 4254 315 4317 que
356 4229 595 4310 ConfessioniS,
645 4231 790 4312 propriis
831 4232 982 4314 ipsorum
1030 4231 1249 4297 Consiston'is
1297 4230 1536 4316 dijudicandae

250 4339 495 4422 relinquantur,
529 4335 597 4400 Sua
630 4345 746 4401 tamen
778 4335 941 4422 Majestaa
980 4339 1215 4404 Sacratissima
1248 4361 1307 4424 pro
1334 4341 1451 4426 Regio
1485 4353 1555 4450 111,

250 4469 389 4511 munere
405 4446 533 4510 auditis
549 4445 631 4527 ipsis
651 4444 871 4528 Evangelicis
889 4448 1068 4530 utriusque
1093 4446 1332 4530 Confessionis,
1352 4461 1555 4533 congruam

252 4557 387 4637 praevie
411 4557 540 4618 initura
573 4559 625 4615 111
648 4554 824 4634 rationem,
848 4574 918 4616 non
940 4554 1049 4637 modo,
1081 4563 1121 4618 ut
1144 4554 1188 4618 ad
1221 4557 1443 4638 omnigenam
1476 4558 1538 4621 liti-

250 4663 409 4744 gantium
433 4663 582 4743 partium
600 4663 820 4725 securitatem
840 4661 1049 4726 Consistoria
1065 4662 1148 4727 haec
1169 4663 1283 4729 debite
1300 4667 1539 4749 organisentm
