3138 5212
200 328 267 392 448

200 533 235 590 et
267 525 371 591 isthic
402 527 530 613 ubique
562 529 739 612 splendide
772 529 922 594 donariis
954 535 1125 613 exceptus,
1158 531 1341 594 convivare
1373 536 1409 594 et
1442 531 1493 594 ita

200 632 331 717 aliquot
355 655 487 698 menses
511 637 583 699 sine
606 638 763 718 expensis
787 636 980 720 producere.

308 740 397 806 Oum
419 763 501 806 vero
524 751 576 806 est
595 742 688 807 domi
704 745 870 827 princeps,
886 743 990 810 boves
1006 742 1215 827 mactabiles,
1230 747 1321 827 vina,
1339 765 1492 827 avenam,

201 853 236 912 et
269 869 368 912 omne
400 870 509 933 genus
538 847 705 914 frumenti
736 853 845 935 gratis
878 853 915 915 in
946 851 1060 916 aulem
1088 853 1252 935 principis
1284 851 1491 934 convehunt,

201 977 346 1039 quarum
369 961 542 1040 praecium
565 983 608 1025 ex
631 967 712 1024 taxa
735 960 822 1024 solet
845 967 962 1044 postea
986 959 1159 1024 defalcari.

307 1061 364 1128 Ad
388 1086 488 1130 usum
511 1088 646 1153 quoque
669 1075 704 1132 et
727 1070 967 1132 necessitatem
991 1069 1162 1151 principis,
1186 1066 1247 1132 ubi
1272 1089 1292 1131 a
1317 1065 1491 1150 praefecto

200 1169 345 1236 Albensi
377 1169 546 1236 admoniti
578 1170 716 1256 fuerint,
749 1194 853 1258 equos
886 1173 1020 1238 curules
1052 1173 1292 1238 administrare
1320 1179 1383 1256 tot,
1407 1180 1493 1258 quot

201 1279 382 1342 necessarii
404 1285 494 1358 sunt,
517 1285 686 1344 tenentur.

309 1386 461 1471 Singulis
485 1390 570 1452 item
592 1391 690 1452 annis
714 1409 830 1453 omnes
853 1389 949 1453 sedes
973 1395 1009 1452 et
1041 1389 1200 1454 civitates
1234 1390 1424 1472 principem
1456 1390 1492 1452 in
1564 1419 1565 1428 ¹

201 1496 275 1576 ipso
298 1495 565 1560 circumcisionis
588 1494 678 1560 festo
701 1499 812 1560 xeniis
827 1496 1019 1561 honorariis
1035 1497 1191 1580 excipere
1207 1495 1326 1578 solent,
1343 1515 1493 1579 praeser-

201 1602 266 1665 tim
289 1601 429 1686 scyphis
453 1602 626 1668 deauratis
649 1603 879 1687 amplissimis.

200 1933 262 2003 Az
285 1935 395 2006 1658.
413 1935 505 2024 Jun.
529 1935 655 2008 5-21
680 1935 880 2026 fejervari
904 1935 1201 2026 orazaggyiiles
1216 1933 1493 2006 hatarozatai.
1563 1953 1565 2030 ,

202 2100 488 2186 Amiqo-scetem
512 2105 747 2171 Brnoaeattaz
779 2126 930 2170 mitreum
963 2103 1234 2170 ke'eirattdrdban
1257 2103 1324 2168 levo*
1348 2103 1494 2186 epytoru
1563 2167 1565 2188 ἶ

198 2209 396 2294 petridayrdl
419 2209 533 2277 kiadtu
557 2211 687 2276 re‘srbeu
706 2211 851 2292 Seiroert,
877 2211 983 2276 Acten
999 2213 1071 2276 aad
1087 2211 1203 2276 Daton
1218 2215 1274 2276 etc.
1291 2210 1342 2276 62.
1359 2209 1494 2293 teljesea
1563 2261 1565 2310 3

379 2317 526 2402 Szddqyz'
550 2319 691 2400 Sdador,
715 2318 855 2404 Erdelyi
881 2317 1134 2404 Orszdppydldsi
1156 2317 1321 2384 Emletek.
1563 2323 1565 2344 ²

309 2479 525 2544 Universitas
548 2479 774 2544 Dominorum
797 2480 971 2544 Saxonum
992 2479 1043 2544 bis
1060 2479 1154 2543 mille
1187 2478 1317 2562 pedites
1349 2478 1493 2543 selectos

201 2587 237 2648 in
270 2587 524 2668 expeditionem
555 2591 693 2652 mittere
727 2587 876 2670 debebit,
909 2609 987 2651 cum
1015 2587 1139 2672 quibus
1163 2586 1304 2652 Judices
1328 2586 1433 2671 Regii
1455 2588 1492 2649 in

201 2714 359 2776 campum
383 2695 578 2778 prodibunt,
603 2716 663 2778 pro
686 2699 797 2759 veteri
820 2695 1066 2759 consuetudine
1090 2715 1168 2759 cum
1196 2693 1333 2758 vexillis
1357 2701 1492 2778 tpunpa-

201 2804 262 2883 nia,
296 2799 500 2884 bombardis,
539 2805 728 2884 tormentis
767 2803 1072 2886 instrumentisque
1111 2800 1243 2865 bellicis
1283 2799 1492 2884 pulveribus,

200 2908 320 2992 globis,
359 2911 534 2993 magistris
573 2909 821 2974 bombardariis
854 2910 897 2973 ad
930 2911 1188 2995 requisitionem
1222 2915 1256 2972 et
1289 2908 1492 2972 mandatum
1564 2971 1565 2974 ,

201 3037 339 3080 suarum
372 3016 632 3080 Maiestatum.¹⁰

257 3183 277 3210 ¹⁰
296 3172 437 3243 Naprdgy
465 3171 577 3225 idcizett
603 3171 792 3226 emle'lxiratb-
901 3171 1075 3225 hadisbtrak
1094 3163 1366 3241 s'zolgaltatbstban
1384 3171 1492 3238 dllott3

202 3262 258 3316 ban
282 3260 393 3316 elrlxdnt
422 3261 580 3316 hattrozza
607 3279 676 3332 meg
695 3279 712 3315 a
730 3262 792 3316 szt-
902 3279 920 3314 a
940 3261 1092 3331 fejedelmi
1120 3260 1320 3331 hadsereghez
1348 3261 1491 3314 rendescn

200 3351 270 3406 szok
288 3349 625 3421 hadikotelezcttsdget:
649 3351 792 3422 Tempore
901 3351 955 3404 500
974 3351 1088 3404 embert
1107 3351 1262 3405 tllltottak
1283 3351 1366 3422 ilyen
1386 3351 1492 3421 artny-

201 3444 301 3492 autem
321 3439 393 3492 belli
412 3445 544 3508 vectura,
567 3447 749 3496 commeatus
762 3449 793 3495 et
902 3439 977 3494 ban:

201 3530 348 3582 maiorum
367 3533 585 3582 tormentorum
610 3531 792 3600 omniunque
973 3529 1083 3583 Szeben
1169 3529 1337 3583 asenberc

201 3620 470 3672 instrumentorum
500 3618 676 3673 bellicorum
711 3635 792 3690 prae·
973 3619 1117 3689 Segesvtr
1169 3620 1206 3672 40
1268 3641 1280 3666 »

200 3709 305 3762 sertim
336 3706 517 3777 capitulares
547 3707 595 3761 illi
625 3708 792 3763 sacerdotes
973 3709 1079 3762 Brassd
1170 3709 1205 3762 95
1268 3729 1280 3756 υ

201 3797 340 3852 Saxonici
356 3797 443 3868 gravi
456 3796 511 3850 sub
530 3814 624 3867 poena
643 3803 792 3852 tenentur.
973 3798 1116 3870 Medgyes
1169 3798 1206 3851 88
1266 3819 1280 3845 ι

254 3888 333 3941 Item
352 3904 389 3941 ex
407 3887 546 3942 omnibus
568 3887 744 3944 civitatibus
763 3893 793 3942 et
973 3889 1144 3943 Besztcrcze
1170 3889 1207 3942 80
1267 3910 1281 3936 ι

200 3976 320 4030 sedibus
347 3994 438 4047 arma,
467 3993 542 4048 quae
570 3979 627 4048 ipsi
646 3978 678 4031 in
698 3996 792 4032 arma·
972 3977 1141 4033 Sztszsebes
1171 3978 1205 4031 13
1267 3999 1280 4026 ›

201 4066 358 4122 mentariis
377 4065 497 4135 habent,
515 4071 546 4120 et
559 4067 688 4120 militem
701 4085 792 4139 quan·
973 4066 1130 4137 Nagysink
1169 4067 1205 4119 42
1267 4089 1280 4114 »

201 4161 266 4208 tum
285 4160 419 4226 possunt,
438 4173 498 4210 non
511 4155 548 4209 ad
562 4161 660 4210 castra
673 4162 793 4211 tantum
973 4155 1131 4228 Ujegyhaz
1170 4159 1206 4210 25
1267 4179 1280 4206 ι

200 4246 369 4299 sedetiam
387 4245 424 4298 ad
447 4245 594 4315 praesidia
622 4246 793 4300 mittereac
973 4245 1122 4300 thalom
1170 4248 1205 4300 29
1268 4269 1280 4295 ι

201 4334 399 4388 communiter
411 4350 513 4388 omnes
526 4350 615 4404 penes
628 4335 793 4405 principem
973 4335 1153 4405 Szerdahely
1171 4336 1206 4388 23
1268 4357 1280 4384 s

202 4425 364 4494 insurgere.
973 4423 1148 4479 Sztszvtros
1172 4424 1206 4478 13
1268 4447 1280 4474 ι

255 4494 417 4567 irenaeus
437 4530 455 4566 a
475 4513 595 4567 szaszok
616 4513 646 4566 aa
671 4512 792 4566 hadiks
956 4515 1012 4569 oie
1064 4511 1386 4584 crundverfassungen
1440 4511 1489 4564 aer

202 4601 393 4673 telezettsdge
412 4602 522 4674 tgyuk,
542 4602 633 4673 ldpor,
652 4601 742 4672 golyd
761 4600 792 4654 ds
901 4603 1030 4658 Sachsen
1049 4604 1081 4656 in
1101 4601 1331 4674 Siebenbttrgen.
1353 4601 1413 4657 118.
1431 4601 1449 4656 l.
