<?xml version="1.0" encoding="UTF-8"?>
<!DOCTYPE html PUBLIC "-//W3C//DTD XHTML 1.0 Transitional//EN"
    "http://www.w3.org/TR/xhtml1/DTD/xhtml1-transitional.dtd">
<html xmlns="http://www.w3.org/1999/xhtml" xml:lang="en" lang="en">
 <head>
  <title>
</title>
<meta http-equiv="Content-Type" content="text/html;charset=utf-8" />
  <meta name='ocr-system' content='tesseract 3.04.00' />
  <meta name='ocr-capabilities' content='ocr_page ocr_carea ocr_par ocr_line ocrx_word'/>
</head>
<body>
  <div class='ocr_page' id='page_1' title='image "./enchiridionfont00marcgoog_0046.png"; bbox 0 0 3182 5208; ppageno 0'>
   <div class='ocr_carea' id='block_1_1' title="bbox 231 339 277 402">
    <p class='ocr_par' dir='ltr' id='par_1_1' title="bbox 231 339 277 402">
     <span class='ocr_line' id='line_1_1' title="bbox 231 339 277 402; baseline 0 0"><span class='ocrx_word' id='word_1_1' title='bbox 231 339 277 402; x_wconf 76' lang='lat'><strong>24</strong></span> 
     </span>
    </p>
   </div>
   <div class='ocr_carea' id='block_1_2' title="bbox 167 519 1574 3952">
    <p class='ocr_par' dir='ltr' id='par_1_2' title="bbox 167 519 1574 3952">
     <span class='ocr_line' id='line_1_2' title="bbox 232 519 1574 621; baseline -0.003 -21"><span class='ocrx_word' id='word_1_2' title='bbox 232 535 348 600; x_wconf 85' lang='lat' dir='ltr'><strong>Sclavi</strong></span> <span class='ocrx_word' id='word_1_3' title='bbox 380 558 399 599; x_wconf 90' lang='lat' dir='ltr'><strong>a</strong></span> <span class='ocrx_word' id='word_1_4' title='bbox 434 537 576 621; x_wconf 80' lang='lat' dir='ltr'>paganis</span> <span class='ocrx_word' id='word_1_5' title='bbox 608 543 644 599; x_wconf 89' lang='lat' dir='ltr'><strong>et</strong></span> <span class='ocrx_word' id='word_1_6' title='bbox 676 536 824 601; x_wconf 76' lang='lat' dir='ltr'><strong>ethnicis</strong></span> <span class='ocrx_word' id='word_1_7' title='bbox 858 542 1028 600; x_wconf 90' lang='lat' dir='ltr'><strong>venerunt</strong></span> <span class='ocrx_word' id='word_1_8' title='bbox 1075 534 1134 600; x_wconf 89' lang='lat' dir='ltr'><strong>Illi</strong></span> <span class='ocrx_word' id='word_1_9' title='bbox 1168 537 1321 618; x_wconf 88' lang='lat' dir='ltr'><strong>potentia</strong></span> <span class='ocrx_word' id='word_1_10' title='bbox 1356 532 1540 616; x_wconf 86' lang='lat' dir='ltr'><strong>imperiali</strong></span> <span class='ocrx_word' id='word_1_11' title='bbox 1572 519 1574 582; x_wconf 53' lang='grc' dir='ltr'>ἶ</span> 
     </span>
     <span class='ocr_line' id='line_1_3' title="bbox 231 639 1574 734; baseline -0.002 -28"><span class='ocrx_word' id='word_1_12' title='bbox 231 662 407 706; x_wconf 89' lang='lat' dir='ltr'><strong>romanam</strong></span> <span class='ocrx_word' id='word_1_13' title='bbox 437 640 685 724; x_wconf 80' lang='lat' dir='ltr'>rempublicam</span> <span class='ocrx_word' id='word_1_14' title='bbox 724 641 1006 724; x_wconf 87' lang='lat' dir='ltr'><strong>sublimaverunt,</strong></span> <span class='ocrx_word' id='word_1_15' title='bbox 1046 644 1112 734; x_wconf 86' lang='lat' dir='ltr'><strong>isti</strong></span> <span class='ocrx_word' id='word_1_16' title='bbox 1143 642 1432 724; x_wconf 74' lang='lat' dir='ltr'><strong>dampnaverunt.</strong></span> <span class='ocrx_word' id='word_1_17' title='bbox 1479 639 1540 704; x_wconf 91' lang='lat' dir='ltr'><strong>Illi</strong></span> <span class='ocrx_word' id='word_1_18' title='bbox 1573 653 1574 656; x_wconf 75' lang='grc'>’</span> 
     </span>
     <span class='ocr_line' id='line_1_4' title="bbox 231 747 1574 836; baseline -0.002 -23"><span class='ocrx_word' id='word_1_19' title='bbox 231 749 458 814; x_wconf 87' lang='lat' dir='ltr'><strong>christianum</strong></span> <span class='ocrx_word' id='word_1_20' title='bbox 481 771 627 836; x_wconf 87' lang='lat' dir='ltr'><strong>regnum</strong></span> <span class='ocrx_word' id='word_1_21' title='bbox 650 749 942 830; x_wconf 70' lang='lat' dir='ltr'><strong>confortaverunt,</strong></span> <span class='ocrx_word' id='word_1_22' title='bbox 965 751 1026 814; x_wconf 88' lang='lat' dir='ltr'><strong>isti</strong></span> <span class='ocrx_word' id='word_1_23' title='bbox 1058 749 1335 814; x_wconf 86' lang='lat' dir='ltr'><strong>infirmaverunt.</strong></span> <span class='ocrx_word' id='word_1_24' title='bbox 1368 747 1432 812; x_wconf 91' lang='lat' dir='ltr'><strong>Illi</strong></span> <span class='ocrx_word' id='word_1_25' title='bbox 1459 754 1541 812; x_wconf 79' lang='lat' dir='ltr'><strong>toto</strong></span> <span class='ocrx_word' id='word_1_26' title='bbox 1573 769 1574 772; x_wconf 44' lang='lat'>¹</span> 
     </span>
     <span class='ocr_line' id='line_1_5' title="bbox 232 855 1540 941; baseline -0.002 -21"><span class='ocrx_word' id='word_1_27' title='bbox 232 857 359 920; x_wconf 91' lang='lat' dir='ltr'><strong>mundo</strong></span> <span class='ocrx_word' id='word_1_28' title='bbox 383 855 586 939; x_wconf 78' lang='lat' dir='ltr'><strong>spectabiles</strong></span> <span class='ocrx_word' id='word_1_29' title='bbox 609 865 849 941; x_wconf 89' lang='lat' dir='ltr'><strong>apparuerunt,</strong></span> <span class='ocrx_word' id='word_1_30' title='bbox 872 861 932 922; x_wconf 88' lang='lat' dir='ltr'><strong>isti</strong></span> <span class='ocrx_word' id='word_1_31' title='bbox 956 857 1111 922; x_wconf 86' lang='lat' dir='ltr'><strong>latibulis</strong></span> <span class='ocrx_word' id='word_1_32' title='bbox 1135 865 1170 922; x_wconf 87' lang='lat' dir='ltr'><strong>et</strong></span> <span class='ocrx_word' id='word_1_33' title='bbox 1194 855 1337 921; x_wconf 88' lang='lat' dir='ltr'><strong>urbibus</strong></span> <span class='ocrx_word' id='word_1_34' title='bbox 1361 855 1540 920; x_wconf 87' lang='lat' dir='ltr'><strong>occultati</strong></span> 
     </span>
     <span class='ocr_line' id='line_1_6' title="bbox 233 961 1541 1048; baseline -0.001 -21"><span class='ocrx_word' id='word_1_35' title='bbox 233 961 382 1028; x_wconf 82' lang='lat' dir='ltr'><strong>fuemmt.</strong></span> <span class='ocrx_word' id='word_1_36' title='bbox 406 964 550 1029; x_wconf 80' lang='lat' dir='ltr'><strong>illorum</strong></span> <span class='ocrx_word' id='word_1_37' title='bbox 566 965 708 1030; x_wconf 89' lang='lat' dir='ltr'><strong>oonsilio</strong></span> <span class='ocrx_word' id='word_1_38' title='bbox 731 965 920 1048; x_wconf 85' lang='lat' dir='ltr'><strong>apostolica</strong></span> <span class='ocrx_word' id='word_1_39' title='bbox 943 965 1039 1030; x_wconf 88' lang='lat' dir='ltr'><strong>sedes</strong></span> <span class='ocrx_word' id='word_1_40' title='bbox 1063 964 1223 1048; x_wconf 86' lang='lat' dir='ltr'><strong>pollebat,</strong></span> <span class='ocrx_word' id='word_1_41' title='bbox 1247 967 1394 1028; x_wconf 87' lang='lat' dir='ltr'><strong>istorum</strong></span> <span class='ocrx_word' id='word_1_42' title='bbox 1419 983 1541 1046; x_wconf 86' lang='lat' dir='ltr'><strong>perse-</strong></span> 
     </span>
     <span class='ocr_line' id='line_1_7' title="bbox 232 1069 1539 1138; baseline 0 -5"><span class='ocrx_word' id='word_1_43' title='bbox 232 1073 437 1136; x_wconf 75' lang='lat' dir='ltr'><strong>cutionem²⁸</strong></span> <span class='ocrx_word' id='word_1_44' title='bbox 460 1072 696 1138; x_wconf 85' lang='lat' dir='ltr'><strong>christianitas</strong></span> <span class='ocrx_word' id='word_1_45' title='bbox 722 1069 869 1137; x_wconf 88' lang='lat' dir='ltr'><strong>dolebat.</strong></span> <span class='ocrx_word' id='word_1_46' title='bbox 901 1071 944 1136; x_wconf 88' lang='lat' dir='ltr'><strong>In</strong></span> <span class='ocrx_word' id='word_1_47' title='bbox 966 1071 1126 1136; x_wconf 86' lang='lat' dir='ltr'><strong>omnibus</strong></span> <span class='ocrx_word' id='word_1_48' title='bbox 1148 1071 1202 1136; x_wconf 91' lang='lat' dir='ltr'><strong>his</strong></span> <span class='ocrx_word' id='word_1_49' title='bbox 1230 1070 1437 1136; x_wconf 86' lang='lat' dir='ltr'><strong>iuvenculus</strong></span> <span class='ocrx_word' id='word_1_50' title='bbox 1476 1093 1539 1134; x_wconf 82' lang='lat' dir='ltr'><strong>rex</strong></span> 
     </span>
     <span class='ocr_line' id='line_1_8' title="bbox 232 1178 1540 1264; baseline 0 -22"><span class='ocrx_word' id='word_1_51' title='bbox 232 1187 355 1262; x_wconf 88' lang='lat' dir='ltr'><strong>noster,</strong></span> <span class='ocrx_word' id='word_1_52' title='bbox 365 1180 454 1244; x_wconf 90' lang='lat' dir='ltr'><strong>nulli</strong></span> <span class='ocrx_word' id='word_1_53' title='bbox 470 1180 766 1264; x_wconf 89' lang='lat' dir='ltr'><strong>praedecessorum</strong></span> <span class='ocrx_word' id='word_1_54' title='bbox 782 1184 951 1244; x_wconf 74' lang='lat' dir='ltr'><strong>snorum⁹⁰</strong></span> <span class='ocrx_word' id='word_1_55' title='bbox 961 1178 1112 1263; x_wconf 82' lang='lat' dir='ltr'><strong>inferior,</strong></span> <span class='ocrx_word' id='word_1_56' title='bbox 1129 1179 1348 1244; x_wconf 60' lang='lat' dir='ltr'><strong>secundumn</strong></span> <span class='ocrx_word' id='word_1_57' title='bbox 1357 1182 1540 1246; x_wconf 88' lang='lat' dir='ltr'><strong>virtutem</strong></span> 
     </span>
     <span class='ocr_line' id='line_1_9' title="bbox 233 1287 1538 1372; baseline 0.001 -22"><span class='ocrx_word' id='word_1_58' title='bbox 233 1309 252 1350; x_wconf 91' lang='lat' dir='ltr'><strong>a</strong></span> <span class='ocrx_word' id='word_1_59' title='bbox 268 1288 331 1352; x_wconf 90' lang='lat' dir='ltr'><strong>deo</strong></span> <span class='ocrx_word' id='word_1_60' title='bbox 347 1287 415 1352; x_wconf 87' lang='lat' dir='ltr'><strong>sibi</strong></span> <span class='ocrx_word' id='word_1_61' title='bbox 437 1289 556 1354; x_wconf 89' lang='lat' dir='ltr'><strong>datam</strong></span> <span class='ocrx_word' id='word_1_62' title='bbox 572 1289 697 1354; x_wconf 87' lang='lat' dir='ltr'><strong>Sancte</strong></span> <span class='ocrx_word' id='word_1_63' title='bbox 713 1309 851 1353; x_wconf 89' lang='lat' dir='ltr'><strong>romane</strong></span> <span class='ocrx_word' id='word_1_64' title='bbox 867 1288 1007 1353; x_wconf 86' lang='lat' dir='ltr'><strong>ecclesie</strong></span> <span class='ocrx_word' id='word_1_65' title='bbox 1024 1296 1059 1352; x_wconf 90' lang='lat' dir='ltr'><strong>et</strong></span> <span class='ocrx_word' id='word_1_66' title='bbox 1074 1287 1174 1354; x_wconf 89' lang='lat' dir='ltr'><strong>vobis</strong></span> <span class='ocrx_word' id='word_1_67' title='bbox 1191 1309 1323 1353; x_wconf 92' lang='lat' dir='ltr'><strong>summo</strong></span> <span class='ocrx_word' id='word_1_68' title='bbox 1340 1287 1538 1372; x_wconf 79' lang='lat' dir='ltr'><strong>pontifici⁸¹</strong></span> 
     </span>
     <span class='ocr_line' id='line_1_10' title="bbox 233 1393 1538 1482; baseline 0.001 -25"><span class='ocrx_word' id='word_1_69' title='bbox 233 1415 311 1458; x_wconf 89' lang='lat' dir='ltr'><strong>cum</strong></span> <span class='ocrx_word' id='word_1_70' title='bbox 334 1395 493 1460; x_wconf 79' lang='lat' dir='ltr'><strong>omnibus</strong></span> <span class='ocrx_word' id='word_1_71' title='bbox 517 1398 616 1482; x_wconf 88' lang='lat' dir='ltr'><strong>regui</strong></span> <span class='ocrx_word' id='word_1_72' title='bbox 639 1398 693 1460; x_wconf 88' lang='lat' dir='ltr'><strong>sui</strong></span> <span class='ocrx_word' id='word_1_73' title='bbox 717 1394 929 1479; x_wconf 83' lang='lat' dir='ltr'><strong>principibus</strong></span> <span class='ocrx_word' id='word_1_74' title='bbox 948 1395 1087 1462; x_wconf 87' lang='lat' dir='ltr'><strong>adiutor</strong></span> <span class='ocrx_word' id='word_1_75' title='bbox 1105 1403 1202 1478; x_wconf 91' lang='lat' dir='ltr'><strong>optat</strong></span> <span class='ocrx_word' id='word_1_76' title='bbox 1218 1415 1290 1460; x_wconf 86' lang='lat' dir='ltr'><strong>esse</strong></span> <span class='ocrx_word' id='word_1_77' title='bbox 1307 1393 1538 1460; x_wconf 79' lang='lat' dir='ltr'><strong>fortissimus.</strong></span> 
     </span>
     <span class='ocr_line' id='line_1_11' title="bbox 234 1485 1539 1589; baseline 0.002 -23"><span class='ocrx_word' id='word_1_78' title='bbox 234 1485 342 1567; x_wconf 87' lang='lat' dir='ltr'><strong>Omne</strong></span> <span class='ocrx_word' id='word_1_79' title='bbox 365 1525 513 1589; x_wconf 90' lang='lat' dir='ltr'><strong>namque</strong></span> <span class='ocrx_word' id='word_1_80' title='bbox 536 1525 681 1589; x_wconf 91' lang='lat' dir='ltr'><strong>regnum</strong></span> <span class='ocrx_word' id='word_1_81' title='bbox 698 1503 867 1568; x_wconf 84' lang='lat' dir='ltr'><strong>divinitus</strong></span> <span class='ocrx_word' id='word_1_82' title='bbox 884 1501 952 1568; x_wconf 85' lang='lat' dir='ltr'><strong>sibi</strong></span> <span class='ocrx_word' id='word_1_83' title='bbox 967 1506 1186 1568; x_wconf 88' lang='lat' dir='ltr'><strong>commissum</strong></span> <span class='ocrx_word' id='word_1_84' title='bbox 1201 1503 1244 1567; x_wconf 89' lang='lat' dir='ltr'><strong>ad</strong></span> <span class='ocrx_word' id='word_1_85' title='bbox 1262 1504 1318 1567; x_wconf 89' lang='lat' dir='ltr'><strong>dei</strong></span> <span class='ocrx_word' id='word_1_86' title='bbox 1332 1505 1539 1576; x_wconf 78' lang='lat' dir='ltr'><strong>servicium.</strong></span> 
     </span>
     <span class='ocr_line' id='line_1_12' title="bbox 233 1609 1538 1696; baseline 0.002 -24"><span class='ocrx_word' id='word_1_87' title='bbox 233 1631 400 1696; x_wconf 88' lang='lat' dir='ltr'><strong>suumque</strong></span> <span class='ocrx_word' id='word_1_88' title='bbox 414 1611 634 1692; x_wconf 90' lang='lat' dir='ltr'><strong>adiutorium,</strong></span> <span class='ocrx_word' id='word_1_89' title='bbox 660 1631 767 1675; x_wconf 89' lang='lat' dir='ltr'><strong>unum</strong></span> <span class='ocrx_word' id='word_1_90' title='bbox 789 1609 868 1674; x_wconf 88' lang='lat' dir='ltr'><strong>vult</strong></span> <span class='ocrx_word' id='word_1_91' title='bbox 891 1618 925 1674; x_wconf 90' lang='lat' dir='ltr'><strong>et</strong></span> <span class='ocrx_word' id='word_1_92' title='bbox 949 1616 1107 1693; x_wconf 79' lang='lat' dir='ltr'><strong>operat⁸⁸.</strong></span> <span class='ocrx_word' id='word_1_93' title='bbox 1131 1610 1232 1676; x_wconf 89' lang='lat' dir='ltr'><strong>Unde</strong></span> <span class='ocrx_word' id='word_1_94' title='bbox 1255 1619 1290 1674; x_wconf 88' lang='lat' dir='ltr'><strong>et</strong></span> <span class='ocrx_word' id='word_1_95' title='bbox 1313 1632 1396 1694; x_wconf 86' lang='lat' dir='ltr'><strong>paee</strong></span> <span class='ocrx_word' id='word_1_96' title='bbox 1423 1613 1538 1696; x_wconf 85' lang='lat' dir='ltr'><strong>viget.</strong></span> 
     </span>
     <span class='ocr_line' id='line_1_13' title="bbox 232 1717 1538 1804; baseline -0.001 -23"><span class='ocrx_word' id='word_1_97' title='bbox 232 1723 267 1781; x_wconf 89' lang='lat' dir='ltr'><strong>et</strong></span> <span class='ocrx_word' id='word_1_98' title='bbox 299 1717 480 1782; x_wconf 87' lang='lat' dir='ltr'><strong>concordia</strong></span> <span class='ocrx_word' id='word_1_99' title='bbox 517 1719 723 1804; x_wconf 79' lang='lat' dir='ltr'><strong>gratulatur,</strong></span> <span class='ocrx_word' id='word_1_100' title='bbox 761 1724 865 1802; x_wconf 90' lang='lat' dir='ltr'><strong>atque</strong></span> <span class='ocrx_word' id='word_1_101' title='bbox 899 1718 941 1781; x_wconf 91' lang='lat' dir='ltr'><strong>ad</strong></span> <span class='ocrx_word' id='word_1_102' title='bbox 973 1725 1126 1781; x_wconf 88' lang='lat' dir='ltr'><strong>vestram</strong></span> <span class='ocrx_word' id='word_1_103' title='bbox 1158 1719 1405 1799; x_wconf 86' lang='lat' dir='ltr'><strong>paternitatem</strong></span> <span class='ocrx_word' id='word_1_104' title='bbox 1441 1719 1538 1782; x_wconf 84' lang='lat' dir='ltr'><strong>sicut</strong></span> 
     </span>
     <span class='ocr_line' id='line_1_14' title="bbox 234 1825 1539 1909; baseline -0.001 -20"><span class='ocrx_word' id='word_1_105' title='bbox 234 1833 349 1908; x_wconf 86' lang='lat' dir='ltr'><strong>patres</strong></span> <span class='ocrx_word' id='word_1_106' title='bbox 373 1829 426 1890; x_wconf 90' lang='lat' dir='ltr'><strong>sui</strong></span> <span class='ocrx_word' id='word_1_107' title='bbox 450 1849 485 1890; x_wconf 89' lang='lat' dir='ltr'><strong>se</strong></span> <span class='ocrx_word' id='word_1_108' title='bbox 510 1829 679 1909; x_wconf 88' lang='lat' dir='ltr'><strong>pertinere</strong></span> <span class='ocrx_word' id='word_1_109' title='bbox 704 1827 840 1890; x_wconf 85' lang='lat' dir='ltr'><strong>letatur.</strong></span> <span class='ocrx_word' id='word_1_110' title='bbox 864 1827 963 1904; x_wconf 79' lang='lat' dir='ltr'><strong>Quod</strong></span> <span class='ocrx_word' id='word_1_111' title='bbox 987 1847 1060 1890; x_wconf 87' lang='lat' dir='ltr'><strong>nos.</strong></span> <span class='ocrx_word' id='word_1_112' title='bbox 1073 1825 1220 1908; x_wconf 88' lang='lat' dir='ltr'><strong>praefati</strong></span> <span class='ocrx_word' id='word_1_113' title='bbox 1244 1825 1351 1889; x_wconf 86' lang='lat' dir='ltr'><strong>sclavi</strong></span> <span class='ocrx_word' id='word_1_114' title='bbox 1368 1827 1539 1888; x_wconf 86' lang='lat' dir='ltr'><strong>crimina-</strong></span> 
     </span>
     <span class='ocr_line' id='line_1_15' title="bbox 233 1933 1538 2020; baseline -0.001 -23"><span class='ocrx_word' id='word_1_115' title='bbox 233 1933 390 1999; x_wconf 80' lang='lat' dir='ltr'><strong>bantur⁸⁸</strong></span> <span class='ocrx_word' id='word_1_116' title='bbox 413 1957 491 2000; x_wconf 88' lang='lat' dir='ltr'><strong>cum</strong></span> <span class='ocrx_word' id='word_1_117' title='bbox 519 1937 690 2020; x_wconf 77' lang='lat' dir='ltr'><strong>ungaris³⁴</strong></span> <span class='ocrx_word' id='word_1_118' title='bbox 713 1935 817 2000; x_wconf 92' lang='lat' dir='ltr'><strong>fidem</strong></span> <span class='ocrx_word' id='word_1_119' title='bbox 840 1934 1045 1998; x_wconf 88' lang='lat' dir='ltr'><strong>catholicam</strong></span> <span class='ocrx_word' id='word_1_120' title='bbox 1066 1933 1222 2015; x_wconf 87' lang='lat' dir='ltr'><strong>violasse,</strong></span> <span class='ocrx_word' id='word_1_121' title='bbox 1255 1939 1290 1998; x_wconf 90' lang='lat' dir='ltr'><strong>et</strong></span> <span class='ocrx_word' id='word_1_122' title='bbox 1314 1955 1374 2016; x_wconf 90' lang='lat' dir='ltr'><strong>per</strong></span> <span class='ocrx_word' id='word_1_123' title='bbox 1407 1955 1538 1996; x_wconf 88' lang='lat' dir='ltr'><strong>canem</strong></span> 
     </span>
     <span class='ocr_line' id='line_1_16' title="bbox 232 2026 1538 2128; baseline -0.001 -24"><span class='ocrx_word' id='word_1_124' title='bbox 232 2061 293 2105; x_wconf 89' lang='lat' dir='ltr'><strong>sen</strong></span> <span class='ocrx_word' id='word_1_125' title='bbox 316 2042 444 2126; x_wconf 89' lang='lat' dir='ltr'><strong>lupum,</strong></span> <span class='ocrx_word' id='word_1_126' title='bbox 477 2043 629 2128; x_wconf 89' lang='lat' dir='ltr'><strong>aliasque</strong></span> <span class='ocrx_word' id='word_1_127' title='bbox 652 2026 915 2108; x_wconf 79' lang='lat' dir='ltr'><strong>nefandissimas</strong></span> <span class='ocrx_word' id='word_1_128' title='bbox 938 2049 974 2105; x_wconf 91' lang='lat' dir='ltr'><strong>et</strong></span> <span class='ocrx_word' id='word_1_129' title='bbox 997 2041 1152 2106; x_wconf 88' lang='lat' dir='ltr'><strong>ethnicas</strong></span> <span class='ocrx_word' id='word_1_130' title='bbox 1176 2063 1230 2105; x_wconf 89' lang='lat' dir='ltr'><strong>res</strong></span> <span class='ocrx_word' id='word_1_131' title='bbox 1253 2047 1474 2104; x_wconf 86' lang='lat' dir='ltr'><strong>sacramenta</strong></span> <span class='ocrx_word' id='word_1_132' title='bbox 1501 2049 1538 2104; x_wconf 88' lang='lat' dir='ltr'><strong>et</strong></span> 
     </span>
     <span class='ocr_line' id='line_1_17' title="bbox 234 2147 1574 2238; baseline -0.001 -25"><span class='ocrx_word' id='word_1_133' title='bbox 234 2171 351 2231; x_wconf 86' lang='lat' dir='ltr'><strong>pacem</strong></span> <span class='ocrx_word' id='word_1_134' title='bbox 373 2154 492 2238; x_wconf 81' lang='lat' dir='ltr'><strong>egisse,</strong></span> <span class='ocrx_word' id='word_1_135' title='bbox 514 2159 618 2236; x_wconf 88' lang='lat' dir='ltr'><strong>atque</strong></span> <span class='ocrx_word' id='word_1_136' title='bbox 642 2159 681 2215; x_wconf 91' lang='lat' dir='ltr'><strong>ut</strong></span> <span class='ocrx_word' id='word_1_137' title='bbox 706 2151 1141 2215; x_wconf 66' lang='grc'><strong>11111111111111111111111115</strong></span> <span class='ocrx_word' id='word_1_138' title='bbox 1170 2151 1349 2232; x_wconf 86' lang='lat' dir='ltr'><strong>pecuniam</strong></span> <span class='ocrx_word' id='word_1_139' title='bbox 1382 2147 1537 2223; x_wconf 82' lang='lat' dir='ltr'><strong>dedisse,</strong></span> <span class='ocrx_word' id='word_1_140' title='bbox 1572 2195 1574 2200; x_wconf 68' lang='lat'><strong>,</strong></span> 
     </span>
     <span class='ocr_line' id='line_1_18' title="bbox 167 2251 1536 2348; baseline 0 -28"><span class='ocrx_word' id='word_1_141' title='bbox 167 2271 170 2278; x_wconf 85' lang='grc'><em>“</em></span> <span class='ocrx_word' id='word_1_142' title='bbox 233 2260 263 2320; x_wconf 85' lang='grc'><strong>11</strong></span> <span class='ocrx_word' id='word_1_143' title='bbox 286 2257 385 2348; x_wconf 90' lang='lat' dir='ltr'><strong>vobis</strong></span> <span class='ocrx_word' id='word_1_144' title='bbox 409 2279 523 2324; x_wconf 89' lang='lat' dir='ltr'><strong>coram</strong></span> <span class='ocrx_word' id='word_1_145' title='bbox 548 2261 667 2342; x_wconf 87' lang='lat' dir='ltr'><strong>positis</strong></span> <span class='ocrx_word' id='word_1_146' title='bbox 692 2261 780 2322; x_wconf 89' lang='lat' dir='ltr'><strong>ratio</strong></span> <span class='ocrx_word' id='word_1_147' title='bbox 803 2251 979 2322; x_wconf 86' lang='lat' dir='ltr'><strong>internos</strong></span> <span class='ocrx_word' id='word_1_148' title='bbox 1002 2259 1202 2341; x_wconf 86' lang='lat' dir='ltr'><strong>agitaretur,</strong></span> <span class='ocrx_word' id='word_1_149' title='bbox 1226 2263 1306 2320; x_wconf 88' lang='lat' dir='ltr'><strong>ante</strong></span> <span class='ocrx_word' id='word_1_150' title='bbox 1330 2255 1445 2324; x_wconf 81' lang='lat' dir='ltr'><strong>deum.</strong></span> <span class='ocrx_word' id='word_1_151' title='bbox 1471 2258 1536 2340; x_wconf 89' lang='lat' dir='ltr'><strong>qui</strong></span> 
     </span>
     <span class='ocr_line' id='line_1_19' title="bbox 232 2363 1537 2451; baseline -0.002 -23"><span class='ocrx_word' id='word_1_152' title='bbox 232 2372 356 2430; x_wconf 87' lang='lat' dir='ltr'><strong>cuncta</strong></span> <span class='ocrx_word' id='word_1_153' title='bbox 379 2371 478 2431; x_wconf 91' lang='lat' dir='ltr'><strong>novit</strong></span> <span class='ocrx_word' id='word_1_154' title='bbox 501 2373 686 2451; x_wconf 89' lang='lat' dir='ltr'><strong>antequam</strong></span> <span class='ocrx_word' id='word_1_155' title='bbox 708 2365 803 2446; x_wconf 79' lang='lat' dir='ltr'><strong>fiant,</strong></span> <span class='ocrx_word' id='word_1_156' title='bbox 826 2373 862 2430; x_wconf 90' lang='lat' dir='ltr'><strong>et</strong></span> <span class='ocrx_word' id='word_1_157' title='bbox 884 2387 998 2428; x_wconf 89' lang='lat' dir='ltr'><strong>coram</strong></span> <span class='ocrx_word' id='word_1_158' title='bbox 1020 2363 1128 2441; x_wconf 83' lang='lat' dir='ltr'><strong>vobio,</strong></span> <span class='ocrx_word' id='word_1_159' title='bbox 1153 2365 1213 2448; x_wconf 94' lang='lat' dir='ltr'><strong>qui</strong></span> <span class='ocrx_word' id='word_1_160' title='bbox 1237 2366 1312 2427; x_wconf 87' lang='lat' dir='ltr'><strong>vice</strong></span> <span class='ocrx_word' id='word_1_161' title='bbox 1346 2365 1421 2427; x_wconf 87' lang='lat' dir='ltr'><strong>eius</strong></span> <span class='ocrx_word' id='word_1_162' title='bbox 1451 2385 1537 2446; x_wconf 86' lang='lat' dir='ltr'><strong>apo-</strong></span> 
     </span>
     <span class='ocr_line' id='line_1_20' title="bbox 232 2469 1535 2554; baseline -0.002 -19"><span class='ocrx_word' id='word_1_163' title='bbox 232 2471 383 2536; x_wconf 77' lang='lat' dir='ltr'><strong>stolica⁸⁸</strong></span> <span class='ocrx_word' id='word_1_164' title='bbox 397 2475 532 2554; x_wconf 87' lang='lat' dir='ltr'><strong>tenetis,</strong></span> <span class='ocrx_word' id='word_1_165' title='bbox 549 2495 666 2538; x_wconf 88' lang='lat' dir='ltr'><strong>eorum</strong></span> <span class='ocrx_word' id='word_1_166' title='bbox 683 2472 816 2536; x_wconf 89' lang='lat' dir='ltr'><strong>falsitas</strong></span> <span class='ocrx_word' id='word_1_167' title='bbox 832 2469 1121 2552; x_wconf 87' lang='lat' dir='ltr'><strong>manifestaretur,</strong></span> <span class='ocrx_word' id='word_1_168' title='bbox 1144 2478 1179 2534; x_wconf 88' lang='lat' dir='ltr'><strong>et</strong></span> <span class='ocrx_word' id='word_1_169' title='bbox 1195 2477 1313 2533; x_wconf 86' lang='lat' dir='ltr'><strong>nostra</strong></span> <span class='ocrx_word' id='word_1_170' title='bbox 1329 2473 1535 2534; x_wconf 87' lang='lat' dir='ltr'><strong>innocentia</strong></span> 
     </span>
     <span class='ocr_line' id='line_1_21' title="bbox 234 2575 1536 2661; baseline 0.001 -20"><span class='ocrx_word' id='word_1_171' title='bbox 234 2578 442 2661; x_wconf 87' lang='lat' dir='ltr'><strong>probaretur.</strong></span> <span class='ocrx_word' id='word_1_172' title='bbox 475 2582 564 2659; x_wconf 78' lang='lat' dir='ltr'><strong>Quia</strong></span> <span class='ocrx_word' id='word_1_173' title='bbox 588 2582 680 2645; x_wconf 89' lang='lat' dir='ltr'><strong>enim</strong></span> <span class='ocrx_word' id='word_1_174' title='bbox 703 2579 900 2643; x_wconf 85' lang='lat' dir='ltr'><strong>christianis</strong></span> <span class='ocrx_word' id='word_1_175' title='bbox 928 2579 1055 2642; x_wconf 87' lang='lat' dir='ltr'><strong>nostris</strong></span> <span class='ocrx_word' id='word_1_176' title='bbox 1087 2576 1188 2661; x_wconf 89' lang='lat' dir='ltr'><strong>longe</strong></span> <span class='ocrx_word' id='word_1_177' title='bbox 1221 2599 1241 2640; x_wconf 89' lang='lat' dir='ltr'><strong>a</strong></span> <span class='ocrx_word' id='word_1_178' title='bbox 1273 2575 1373 2642; x_wconf 86' lang='lat' dir='ltr'><strong>nobis</strong></span> <span class='ocrx_word' id='word_1_179' title='bbox 1405 2579 1536 2660; x_wconf 86' lang='lat' dir='ltr'><strong>positis</strong></span> 
     </span>
     <span class='ocr_line' id='line_1_22' title="bbox 232 2681 1536 2772; baseline -0.002 -22"><span class='ocrx_word' id='word_1_180' title='bbox 232 2708 365 2772; x_wconf 88' lang='lat' dir='ltr'><strong>semper</strong></span> <span class='ocrx_word' id='word_1_181' title='bbox 387 2687 622 2770; x_wconf 88' lang='lat' dir='ltr'><strong>imminebant,</strong></span> <span class='ocrx_word' id='word_1_182' title='bbox 646 2695 680 2751; x_wconf 88' lang='lat' dir='ltr'><strong>et</strong></span> <span class='ocrx_word' id='word_1_183' title='bbox 706 2689 938 2770; x_wconf 87' lang='lat' dir='ltr'><strong>persecutione</strong></span> <span class='ocrx_word' id='word_1_184' title='bbox 963 2685 1069 2749; x_wconf 91' lang='lat' dir='ltr'><strong>nimia</strong></span> <span class='ocrx_word' id='word_1_185' title='bbox 1092 2681 1305 2769; x_wconf 86' lang='lat' dir='ltr'><strong>affligebant,</strong></span> <span class='ocrx_word' id='word_1_186' title='bbox 1322 2684 1536 2750; x_wconf 89' lang='lat' dir='ltr'><strong>donavimus</strong></span> 
     </span>
     <span class='ocr_line' id='line_1_23' title="bbox 233 2791 1536 2878; baseline 0 -22"><span class='ocrx_word' id='word_1_187' title='bbox 233 2792 303 2858; x_wconf 90' lang='lat' dir='ltr'><strong>illis</strong></span> <span class='ocrx_word' id='word_1_188' title='bbox 335 2795 464 2859; x_wconf 86' lang='lat' dir='ltr'><strong>nullius</strong></span> <span class='ocrx_word' id='word_1_189' title='bbox 498 2797 644 2878; x_wconf 89' lang='lat' dir='ltr'><strong>pretiose</strong></span> <span class='ocrx_word' id='word_1_190' title='bbox 681 2795 859 2876; x_wconf 88' lang='lat' dir='ltr'><strong>pecuniam</strong></span> <span class='ocrx_word' id='word_1_191' title='bbox 892 2793 1094 2874; x_wconf 87' lang='lat' dir='ltr'><strong>substantie,</strong></span> <span class='ocrx_word' id='word_1_192' title='bbox 1132 2791 1193 2856; x_wconf 90' lang='lat' dir='ltr'><strong>sed</strong></span> <span class='ocrx_word' id='word_1_193' title='bbox 1232 2798 1370 2856; x_wconf 81' lang='lat' dir='ltr'><strong>tantum</strong></span> <span class='ocrx_word' id='word_1_194' title='bbox 1409 2800 1536 2856; x_wconf 84' lang='lat' dir='ltr'><strong>nostra</strong></span> 
     </span>
     <span class='ocr_line' id='line_1_24' title="bbox 234 2899 1536 2987; baseline 0.001 -23"><span class='ocrx_word' id='word_1_195' title='bbox 234 2900 324 2965; x_wconf 90' lang='lat' dir='ltr'><strong>linea</strong></span> <span class='ocrx_word' id='word_1_196' title='bbox 347 2906 563 2985; x_wconf 86' lang='lat' dir='ltr'><strong>vestimenta,</strong></span> <span class='ocrx_word' id='word_1_197' title='bbox 588 2901 1026 2987; x_wconf 67' lang='grc' dir='ltr'><strong>(1111111111111111111Βτ</strong></span> <span class='ocrx_word' id='word_1_198' title='bbox 1051 2922 1168 2964; x_wconf 87' lang='lat' dir='ltr'><strong>eorum</strong></span> <span class='ocrx_word' id='word_1_199' title='bbox 1192 2899 1369 2964; x_wconf 86' lang='lat' dir='ltr'><strong>feritatem</strong></span> <span class='ocrx_word' id='word_1_200' title='bbox 1401 2901 1536 2965; x_wconf 88' lang='lat' dir='ltr'><strong>mulce-</strong></span> 
     </span>
     <span class='ocr_line' id='line_1_25' title="bbox 233 3007 1535 3093; baseline 0 -20"><span class='ocrx_word' id='word_1_201' title='bbox 233 3031 355 3092; x_wconf 91' lang='lat' dir='ltr'><strong>remus,</strong></span> <span class='ocrx_word' id='word_1_202' title='bbox 379 3017 413 3073; x_wconf 91' lang='lat' dir='ltr'><strong>et</strong></span> <span class='ocrx_word' id='word_1_203' title='bbox 438 3009 482 3073; x_wconf 87' lang='lat' dir='ltr'><strong>ab</strong></span> <span class='ocrx_word' id='word_1_204' title='bbox 505 3031 623 3073; x_wconf 91' lang='lat' dir='ltr'><strong>eorum</strong></span> <span class='ocrx_word' id='word_1_205' title='bbox 648 3011 882 3091; x_wconf 88' lang='lat' dir='ltr'><strong>persecutione</strong></span> <span class='ocrx_word' id='word_1_206' title='bbox 915 3010 1206 3092; x_wconf 82' lang='lat' dir='ltr'><strong>quiesceremus.⁸⁸</strong></span> <span class='ocrx_word' id='word_1_207' title='bbox 1239 3007 1338 3072; x_wconf 78' lang='lat' dir='ltr'><strong>Talia</strong></span> <span class='ocrx_word' id='word_1_208' title='bbox 1370 3029 1535 3093; x_wconf 82' lang='lat' dir='ltr'><strong>namque,</strong></span> 
     </span>
     <span class='ocr_line' id='line_1_26' title="bbox 234 3100 1534 3200; baseline 0 -22"><span class='ocrx_word' id='word_1_209' title='bbox 234 3123 272 3178; x_wconf 92' lang='lat' dir='ltr'><strong>ut</strong></span> <span class='ocrx_word' id='word_1_210' title='bbox 301 3117 588 3198; x_wconf 86' lang='lat' dir='ltr'><strong>praescripsimus,</strong></span> <span class='ocrx_word' id='word_1_211' title='bbox 621 3119 719 3180; x_wconf 84' lang='lat' dir='ltr'><strong>iuxta</strong></span> <span class='ocrx_word' id='word_1_212' title='bbox 742 3115 914 3179; x_wconf 85' lang='lat' dir='ltr'><strong>maliciam</strong></span> <span class='ocrx_word' id='word_1_213' title='bbox 938 3115 1049 3179; x_wconf 87' lang='lat' dir='ltr'><strong>cordis</strong></span> <span class='ocrx_word' id='word_1_214' title='bbox 1082 3118 1136 3179; x_wconf 88' lang='lat' dir='ltr'><strong>sui</strong></span> <span class='ocrx_word' id='word_1_215' title='bbox 1168 3100 1460 3200; x_wconf 82' lang='lat' dir='ltr'><strong>argumentantes,</strong></span> <span class='ocrx_word' id='word_1_216' title='bbox 1498 3125 1534 3180; x_wconf 89' lang='lat' dir='ltr'><strong>et</strong></span> 
     </span>
     <span class='ocr_line' id='line_1_27' title="bbox 234 3221 1533 3306; baseline 0.003 -22"><span class='ocrx_word' id='word_1_217' title='bbox 234 3223 411 3304; x_wconf 87' lang='lat' dir='ltr'><strong>pontifices</strong></span> <span class='ocrx_word' id='word_1_218' title='bbox 434 3230 567 3288; x_wconf 85' lang='lat' dir='ltr'><strong>vestros</strong></span> <span class='ocrx_word' id='word_1_219' title='bbox 589 3223 633 3288; x_wconf 89' lang='lat' dir='ltr'><strong>ad</strong></span> <span class='ocrx_word' id='word_1_220' title='bbox 657 3225 820 3287; x_wconf 87' lang='lat' dir='ltr'><strong>iniuriam</strong></span> <span class='ocrx_word' id='word_1_221' title='bbox 836 3229 988 3286; x_wconf 89' lang='lat' dir='ltr'><strong>nostram</strong></span> <span class='ocrx_word' id='word_1_222' title='bbox 1004 3225 1197 3306; x_wconf 80' lang='grc'>1111111111,</span> <span class='ocrx_word' id='word_1_223' title='bbox 1221 3221 1315 3302; x_wconf 81' lang='lat' dir='ltr'><strong>aden,</strong></span> <span class='ocrx_word' id='word_1_224' title='bbox 1339 3229 1378 3287; x_wconf 91' lang='lat' dir='ltr'><strong>ut</strong></span> <span class='ocrx_word' id='word_1_225' title='bbox 1395 3221 1533 3288; x_wconf 87' lang='lat' dir='ltr'><strong>directa</strong></span> 
     </span>
     <span class='ocr_line' id='line_1_28' title="bbox 233 3329 1535 3416; baseline 0.003 -22"><span class='ocrx_word' id='word_1_226' title='bbox 233 3331 333 3395; x_wconf 90' lang='lat' dir='ltr'><strong>nobis</strong></span> <span class='ocrx_word' id='word_1_227' title='bbox 349 3332 494 3414; x_wconf 88' lang='lat' dir='ltr'><strong>epistola</strong></span> <span class='ocrx_word' id='word_1_228' title='bbox 510 3335 608 3416; x_wconf 89' lang='lat' dir='ltr'><strong>quasi</strong></span> <span class='ocrx_word' id='word_1_229' title='bbox 632 3331 676 3397; x_wconf 91' lang='lat' dir='ltr'><strong>ab</strong></span> <span class='ocrx_word' id='word_1_230' title='bbox 692 3331 877 3414; x_wconf 88' lang='lat' dir='ltr'><strong>apostolica</strong></span> <span class='ocrx_word' id='word_1_231' title='bbox 897 3330 984 3414; x_wconf 90' lang='lat' dir='ltr'><strong>sede,</strong></span> <span class='ocrx_word' id='word_1_232' title='bbox 1006 3331 1091 3396; x_wconf 88' lang='lat' dir='ltr'><strong>haec</strong></span> <span class='ocrx_word' id='word_1_233' title='bbox 1108 3334 1222 3394; x_wconf 90' lang='lat' dir='ltr'><strong>omnia</strong></span> <span class='ocrx_word' id='word_1_234' title='bbox 1237 3329 1535 3413; x_wconf 82' lang='lat' dir='ltr'><strong>improperabant.</strong></span> 
     </span>
     <span class='ocr_line' id='line_1_29' title="bbox 233 3436 1535 3523; baseline 0.002 -22"><span class='ocrx_word' id='word_1_235' title='bbox 233 3445 268 3502; x_wconf 90' lang='lat' dir='ltr'><strong>et</strong></span> <span class='ocrx_word' id='word_1_236' title='bbox 292 3439 444 3503; x_wconf 89' lang='lat' dir='ltr'><strong>diversas</strong></span> <span class='ocrx_word' id='word_1_237' title='bbox 477 3442 620 3504; x_wconf 89' lang='lat' dir='ltr'><strong>iniurias</strong></span> <span class='ocrx_word' id='word_1_238' title='bbox 653 3436 865 3523; x_wconf 85' lang='lat' dir='ltr'><strong>ingerebant,</strong></span> <span class='ocrx_word' id='word_1_239' title='bbox 898 3445 1003 3522; x_wconf 87' lang='lat' dir='ltr'><strong>atque</strong></span> <span class='ocrx_word' id='word_1_240' title='bbox 1034 3439 1126 3502; x_wconf 89' lang='lat' dir='ltr'><strong>inter</strong></span> <span class='ocrx_word' id='word_1_241' title='bbox 1157 3438 1225 3502; x_wconf 88' lang='lat' dir='ltr'><strong>alia</strong></span> <span class='ocrx_word' id='word_1_242' title='bbox 1258 3437 1377 3502; x_wconf 90' lang='lat' dir='ltr'><strong>divino</strong></span> <span class='ocrx_word' id='word_1_243' title='bbox 1410 3438 1535 3523; x_wconf 87' lang='lat' dir='ltr'><strong>gladio</strong></span> 
     </span>
     <span class='ocr_line' id='line_1_30' title="bbox 233 3541 1535 3630; baseline 0.002 -24"><span class='ocrx_word' id='word_1_244' title='bbox 233 3541 404 3608; x_wconf 81' lang='lat' dir='ltr'><strong>feriendos</strong></span> <span class='ocrx_word' id='word_1_245' title='bbox 428 3544 550 3630; x_wconf 89' lang='lat' dir='ltr'><strong>dignos</strong></span> <span class='ocrx_word' id='word_1_246' title='bbox 575 3543 744 3608; x_wconf 90' lang='lat' dir='ltr'><strong>dicebant.</strong></span> <span class='ocrx_word' id='word_1_247' title='bbox 773 3543 942 3625; x_wconf 89' lang='lat' dir='ltr'><strong>Impletur</strong></span> <span class='ocrx_word' id='word_1_248' title='bbox 975 3545 1066 3606; x_wconf 90' lang='lat' dir='ltr'><strong>enim</strong></span> <span class='ocrx_word' id='word_1_249' title='bbox 1099 3543 1230 3608; x_wconf 78' lang='lat' dir='ltr'><strong>nobis³⁹</strong></span> <span class='ocrx_word' id='word_1_250' title='bbox 1260 3544 1351 3628; x_wconf 87' lang='lat' dir='ltr'><strong>qnod</strong></span> <span class='ocrx_word' id='word_1_251' title='bbox 1385 3544 1535 3627; x_wconf 87' lang='lat' dir='ltr'><strong>quidam</strong></span> 
     </span>
     <span class='ocr_line' id='line_1_31' title="bbox 233 3650 1534 3736; baseline 0.003 -24"><span class='ocrx_word' id='word_1_252' title='bbox 233 3651 367 3732; x_wconf 87' lang='lat' dir='ltr'><strong>sapiens</strong></span> <span class='ocrx_word' id='word_1_253' title='bbox 390 3655 458 3715; x_wconf 90' lang='lat' dir='ltr'><strong>ait:</strong></span> <span class='ocrx_word' id='word_1_254' title='bbox 482 3651 605 3716; x_wconf 85' lang='lat' dir='ltr'><strong>Justus</strong></span> <span class='ocrx_word' id='word_1_255' title='bbox 629 3650 713 3714; x_wconf 89' lang='lat' dir='ltr'><strong>tulit</strong></span> <span class='ocrx_word' id='word_1_256' title='bbox 737 3651 867 3714; x_wconf 90' lang='lat' dir='ltr'><strong>crimen</strong></span> <span class='ocrx_word' id='word_1_257' title='bbox 890 3653 1010 3735; x_wconf 90' lang='lat' dir='ltr'><strong>iniqui.</strong></span> <span class='ocrx_word' id='word_1_258' title='bbox 1042 3650 1115 3734; x_wconf 90' lang='lat' dir='ltr'><strong>Ipsi</strong></span> <span class='ocrx_word' id='word_1_259' title='bbox 1138 3654 1230 3716; x_wconf 90' lang='lat' dir='ltr'><strong>enim</strong></span> <span class='ocrx_word' id='word_1_260' title='bbox 1262 3654 1401 3733; x_wconf 88' lang='lat' dir='ltr'><strong>crimen,</strong></span> <span class='ocrx_word' id='word_1_261' title='bbox 1435 3653 1534 3736; x_wconf 90' lang='lat' dir='ltr'><strong>quod</strong></span> 
     </span>
     <span class='ocr_line' id='line_1_32' title="bbox 233 3756 1534 3844; baseline 0.002 -24"><span class='ocrx_word' id='word_1_262' title='bbox 233 3756 332 3822; x_wconf 91' lang='lat' dir='ltr'><strong>nobis</strong></span> <span class='ocrx_word' id='word_1_263' title='bbox 357 3758 444 3823; x_wconf 88' lang='lat' dir='ltr'><strong>falso</strong></span> <span class='ocrx_word' id='word_1_264' title='bbox 467 3759 573 3824; x_wconf 92' lang='lat' dir='ltr'><strong>semel</strong></span> <span class='ocrx_word' id='word_1_265' title='bbox 596 3757 759 3822; x_wconf 85' lang='lat' dir='ltr'><strong>factum⁴⁰</strong></span> <span class='ocrx_word' id='word_1_266' title='bbox 782 3760 1028 3840; x_wconf 79' lang='lat' dir='ltr'><strong>imposuerunt,</strong></span> <span class='ocrx_word' id='word_1_267' title='bbox 1052 3758 1172 3822; x_wconf 91' lang='lat' dir='ltr'><strong>multis</strong></span> <span class='ocrx_word' id='word_1_268' title='bbox 1195 3761 1294 3822; x_wconf 87' lang='lat' dir='ltr'><strong>annis</strong></span> <span class='ocrx_word' id='word_1_269' title='bbox 1312 3769 1534 3844; x_wconf 87' lang='lat' dir='ltr'><strong>peregerunt.</strong></span> 
     </span>
     <span class='ocr_line' id='line_1_33' title="bbox 234 3863 1524 3952; baseline 0.002 -25"><span class='ocrx_word' id='word_1_270' title='bbox 234 3863 306 3947; x_wconf 89' lang='lat' dir='ltr'><strong>Ipsi</strong></span> <span class='ocrx_word' id='word_1_271' title='bbox 330 3865 549 3952; x_wconf 88' lang='lat' dir='ltr'><strong>Ungarorum</strong></span> <span class='ocrx_word' id='word_1_272' title='bbox 573 3886 642 3930; x_wconf 92' lang='lat' dir='ltr'><strong>non</strong></span> <span class='ocrx_word' id='word_1_273' title='bbox 665 3864 835 3930; x_wconf 88' lang='lat' dir='ltr'><strong>modicam</strong></span> <span class='ocrx_word' id='word_1_274' title='bbox 859 3864 1120 3928; x_wconf 86' lang='lat' dir='ltr'><strong>multitudinem</strong></span> <span class='ocrx_word' id='word_1_275' title='bbox 1152 3865 1196 3928; x_wconf 91' lang='lat' dir='ltr'><strong>ad</strong></span> <span class='ocrx_word' id='word_1_276' title='bbox 1230 3888 1264 3928; x_wconf 84' lang='lat' dir='ltr'><strong>se</strong></span> <span class='ocrx_word' id='word_1_277' title='bbox 1298 3873 1524 3948; x_wconf 76' lang='lat' dir='ltr'><strong>sumpserimt</strong></span> 
     </span>
    </p>
   </div>
   <div class='ocr_carea' id='block_1_3' title="bbox 234 4092 1428 4701">
    <p class='ocr_par' dir='ltr' id='par_1_3' title="bbox 234 4092 1428 4701">
     <span class='ocr_line' id='line_1_34' title="bbox 288 4092 1178 4166; baseline -0.004 -16"><span class='ocrx_word' id='word_1_278' title='bbox 288 4105 309 4133; x_wconf 80' lang='lat'><strong>¹⁸</strong></span> <span class='ocrx_word' id='word_1_279' title='bbox 328 4098 541 4166; x_wconf 86' lang='lat' dir='ltr'><strong>persecutione.</strong></span> <span class='ocrx_word' id='word_1_280' title='bbox 984 4103 1006 4130; x_wconf 83' lang='lat'><strong>⁸⁴</strong></span> <span class='ocrx_word' id='word_1_281' title='bbox 1026 4092 1178 4164; x_wconf 85' lang='lat' dir='ltr'><strong>Ungariis.</strong></span> 
     </span>
     <span class='ocr_line' id='line_1_35' title="bbox 288 4186 1190 4256; baseline -0.002 -19"><span class='ocrx_word' id='word_1_282' title='bbox 288 4190 311 4224; x_wconf 78' lang='lat'><strong>⁸·</strong></span> <span class='ocrx_word' id='word_1_283' title='bbox 328 4186 406 4238; x_wconf 89' lang='lat' dir='ltr'><strong>nulli</strong></span> <span class='ocrx_word' id='word_1_284' title='bbox 419 4186 643 4256; x_wconf 86' lang='lat' dir='ltr'><strong>predecesorum</strong></span> <span class='ocrx_word' id='word_1_285' title='bbox 655 4200 776 4238; x_wconf 89' lang='lat' dir='ltr'><strong>suorum</strong></span> <span class='ocrx_word' id='word_1_286' title='bbox 785 4197 829 4237; x_wconf 90' lang='lat' dir='ltr'><strong>se-</strong></span> <span class='ocrx_word' id='word_1_287' title='bbox 985 4192 1007 4219; x_wconf 80' lang='lat'><strong>³⁸</strong></span> <span class='ocrx_word' id='word_1_288' title='bbox 1027 4187 1190 4236; x_wconf 87' lang='lat' dir='ltr'><strong>transeant.</strong></span> 
     </span>
     <span class='ocr_line' id='line_1_36' title="bbox 234 4272 1428 4342; baseline 0 -16"><span class='ocrx_word' id='word_1_289' title='bbox 234 4273 348 4329; x_wconf 88' lang='lat' dir='ltr'><strong>cundus</strong></span> <span class='ocrx_word' id='word_1_290' title='bbox 365 4275 444 4328; x_wconf 91' lang='lat' dir='ltr'><strong>nulli</strong></span> <span class='ocrx_word' id='word_1_291' title='bbox 463 4273 595 4328; x_wconf 86' lang='lat' dir='ltr'><strong>inferior.</strong></span> <span class='ocrx_word' id='word_1_292' title='bbox 987 4281 1009 4309; x_wconf 80' lang='lat'><strong>³·</strong></span> <span class='ocrx_word' id='word_1_293' title='bbox 1028 4272 1125 4326; x_wconf 87' lang='lat' dir='ltr'><strong>vicem</strong></span> <span class='ocrx_word' id='word_1_294' title='bbox 1145 4274 1209 4326; x_wconf 86' lang='lat' dir='ltr'><strong>eius</strong></span> <span class='ocrx_word' id='word_1_295' title='bbox 1228 4273 1428 4342; x_wconf 84' lang='lat' dir='ltr'><strong>apostolicam.</strong></span> 
     </span>
     <span class='ocr_line' id='line_1_37' title="bbox 288 4361 1381 4431; baseline -0.002 -13"><span class='ocrx_word' id='word_1_296' title='bbox 288 4373 309 4402; x_wconf 78' lang='lat'><strong>⁸⁰</strong></span> <span class='ocrx_word' id='word_1_297' title='bbox 327 4363 379 4418; x_wconf 89' lang='lat' dir='ltr'><strong>sed</strong></span> <span class='ocrx_word' id='word_1_298' title='bbox 397 4363 568 4418; x_wconf 87' lang='lat' dir='ltr'><strong>secundum.</strong></span> <span class='ocrx_word' id='word_1_299' title='bbox 987 4371 1008 4400; x_wconf 77' lang='lat'><strong>³¹</strong></span> <span class='ocrx_word' id='word_1_300' title='bbox 1027 4367 1175 4430; x_wconf 89' lang='lat' dir='ltr'><strong>quatenus</strong></span> <span class='ocrx_word' id='word_1_301' title='bbox 1194 4361 1381 4431; x_wconf 87' lang='lat' dir='ltr'><strong>aliquotiens.</strong></span> 
     </span>
     <span class='ocr_line' id='line_1_38' title="bbox 287 4451 1371 4524; baseline -0.003 -18"><span class='ocrx_word' id='word_1_302' title='bbox 287 4461 309 4488; x_wconf 81' lang='lat'><strong>⁸¹</strong></span> <span class='ocrx_word' id='word_1_303' title='bbox 331 4454 419 4524; x_wconf 85' lang='lat' dir='ltr'><strong>patri.</strong></span> <span class='ocrx_word' id='word_1_304' title='bbox 986 4461 1007 4490; x_wconf 80' lang='lat'><strong>³⁸</strong></span> <span class='ocrx_word' id='word_1_305' title='bbox 1026 4452 1178 4520; x_wconf 88' lang='lat' dir='ltr'><strong>quiescere</strong></span> <span class='ocrx_word' id='word_1_306' title='bbox 1197 4451 1371 4506; x_wconf 75' lang='lat' dir='ltr'><strong>laceremus.</strong></span> 
     </span>
     <span class='ocr_line' id='line_1_39' title="bbox 289 4541 1169 4614; baseline -0.002 -18"><span class='ocrx_word' id='word_1_307' title='bbox 289 4550 310 4579; x_wconf 77' lang='lat'><strong>⁸¹</strong></span> <span class='ocrx_word' id='word_1_308' title='bbox 331 4549 479 4614; x_wconf 87' lang='lat' dir='ltr'><strong>operatur.</strong></span> <span class='ocrx_word' id='word_1_309' title='bbox 985 4551 1008 4580; x_wconf 59' lang='grc' dir='ltr'><strong>δ’</strong></span> <span class='ocrx_word' id='word_1_310' title='bbox 1025 4543 1057 4594; x_wconf 88' lang='grc'><strong>11</strong></span> <span class='ocrx_word' id='word_1_311' title='bbox 1077 4541 1169 4594; x_wconf 89' lang='lat' dir='ltr'><strong>nobis.</strong></span> 
     </span>
     <span class='ocr_line' id='line_1_40' title="bbox 289 4630 1355 4701; baseline -0.001 -17"><span class='ocrx_word' id='word_1_312' title='bbox 289 4639 310 4668; x_wconf 75' lang='lat'><strong>³⁸</strong></span> <span class='ocrx_word' id='word_1_313' title='bbox 329 4631 537 4686; x_wconf 85' lang='lat' dir='ltr'><strong>criminabant.</strong></span> <span class='ocrx_word' id='word_1_314' title='bbox 985 4641 1007 4668; x_wconf 83' lang='lat'><strong>⁴⁰</strong></span> <span class='ocrx_word' id='word_1_315' title='bbox 1026 4647 1048 4684; x_wconf 87' lang='grc'><strong>1.</strong></span> <span class='ocrx_word' id='word_1_316' title='bbox 1068 4631 1183 4684; x_wconf 90' lang='lat' dir='ltr'><strong>factum</strong></span> <span class='ocrx_word' id='word_1_317' title='bbox 1202 4630 1355 4701; x_wconf 78' lang='lat' dir='ltr'><strong>hihnyzik.</strong></span> 
     </span>
    </p>
   </div>
   <div class='ocr_carea' id='block_1_4' title="bbox 0 0 1596 5208">
    <p class='ocr_par' dir='ltr' id='par_1_4' title="bbox 0 0 1596 5208">
     <span class='ocr_line' id='line_1_41' title="bbox 0 0 1596 5208; baseline 0 0"><span class='ocrx_word' id='word_1_318' title='bbox 0 0 1596 5208; x_wconf 95' lang='lat' dir='ltr'><strong> </strong></span> 
     </span>
    </p>
   </div>
  </div>
 </body>
</html>
