3160 5212
229 351 296 415 ‘294

228 549 405 614 Nobilium
430 550 513 634 eligi
536 559 796 632 consueverunt,
812 571 879 634 quo
898 549 948 632 fit,
963 557 1002 614 ut
1021 550 1186 633 plurimae
1203 549 1372 631 levitates,
1388 553 1523 632 timore,

228 655 355 738 favore,
372 665 406 720 et
424 660 573 740 praemio
597 679 657 740 per
680 657 757 721 illos
780 661 1053 722 committuntur.
1077 657 1165 722 Eam
1192 656 1327 721 obrem
1350 663 1522 721 statutum

228 771 289 846 est,
313 771 414 847 prout
438 768 542 828 etiam
567 765 778 849 temporibus
810 765 983 849 quondam
1016 765 1232 829 Serenissimi
1264 764 1395 828 domini
1415 765 1523 849 Sigis-

228 872 349 936 mundi
369 871 600 954 Imperatoris⁷
623 881 657 936 et
681 872 826 936 aliorum
858 873 995 956 Regum
1028 871 1248 936 observatum
1282 871 1386 936 fuisse
1421 871 1523 955 plane

228 987 372 1061 constat,
404 979 495 1063 quod
528 979 687 1063 deinceps
710 1001 778 1044 non
811 979 906 1060 taleS,
940 981 999 1044 sed
1034 979 1114 1043 boni
1147 987 1182 1043 et
1221 981 1329 1064 digni,
1368 979 1523 1063 beneque

230 1089 469 1168 possessionati
492 1087 634 1151 Nobiles
657 1091 694 1152 in
713 1087 868 1172 quolibet
884 1088 1071 1169 Comitatu,
1087 1111 1129 1152 ex
1146 1088 1376 1152 residentibus
1392 1085 1523 1170 eligan-

229 1201 294 1256 tur.
318 1193 519 1278 Quicunque
543 1215 625 1258 vero
649 1198 697 1258 sic
721 1194 831 1271 electi,
854 1215 1025 1258 assumere
1049 1216 1134 1258 onus
1158 1194 1245 1258 illud
1278 1197 1523 1259 recusaverint.

229 1303 265 1363 in
289 1303 540 1385 quinquaginta
563 1301 713 1365 Marcis1
737 1303 934 1367 immediate
958 1311 991 1366 et
1017 1301 1307 1370 irremissibiliter.
1326 1324 1385 1386 per
1407 1301 1525 1365 Comi-

228 1417 299 1472 tem
323 1411 510 1493 exigendis,
534 1414 783 1475 convincantur
806 1431 845 1474 eo
868 1411 970 1475 facto
994 1411 1062 1488 Qui
1085 1411 1224 1496 quidem
1247 1409 1382 1474 Iudices
1415 1408 1525 1473 Nobi-

228 1515 322 1598 lium,
346 1537 439 1580 arma
462 1525 497 1582 et
522 1519 635 1603 sigilla
660 1518 903 1603 cognoscibilia
926 1517 1050 1582 habere
1084 1518 1232 1582 debeant
1260 1524 1295 1581 et
1328 1523 1522 1581 teneantur.

335 1623 411 1687 Art.
434 1623 569 1687 XVIII.
593 1625 682 1688 Item
706 1628 785 1709 quia
810 1627 846 1688 in
870 1624 1071 1688 Duellorum
1095 1625 1325 1694 dimicatione,
1355 1621 1523 1705 plurimae

228 1731 308 1796 hinc
342 1732 421 1796 inde
456 1729 593 1796 fraudes
626 1735 796 1795 committi
830 1741 980 1814 possunt,
1013 1753 1088 1796 raro
1122 1734 1214 1796 enim
1237 1730 1298 1812 illi,
1322 1733 1414 1794 inter
1436 1749 1537 1813 quos,

229 1839 314 1904 illud
339 1842 384 1902 sit
409 1839 584 1921 iudicium⁷
607 1862 668 1922 per
691 1862 725 1903 se
749 1840 937 1914 decertant,
961 1841 1018 1903 sed
1046 1840 1203 1924 pugiles²
1233 1838 1436 1909 conducunt,
1461 1838 1525 1920 qui

228 1969 472 2031 nonnunquam
492 1947 590 2028 dono,
614 1946 731 2011 favore
756 1955 790 2011 et
816 1950 989 2030 promissis
1013 1953 1287 2030 corrumpuntur.
1306 1949 1421 2028 sicque
1448 1965 1524 2026 par-

227 2063 298 2118 tem
347 2076 452 2135 suam,
503 2057 726 2138 quantumvis
769 2058 903 2136 iustam,
952 2055 1230 2138 quandoquidem
1276 2074 1344 2116 non
1383 2055 1525 2134 ipsimet

229 2163 402 2225 decertare
436 2169 697 2234 consueverunt,
730 2162 949 2227 succumbere
985 2165 1171 2246 patiuntur.
1205 2161 1316 2238 Quare
1349 2166 1524 2223 statutum

229 2276 298 2332 est:
332 2269 429 2345 Quod
464 2291 483 2332 a
517 2269 617 2332 modo
651 2268 738 2333 illud
772 2269 892 2333 iudicii
923 2292 1040 2355 genus,
1074 2277 1171 2333 extra
1194 2269 1258 2332 hoc
1281 2269 1452 2352 Regnum.
1486 2269 1525 2329 in

228 2377 356 2440 mundo
380 2376 584 2459 inauditum,
617 2388 780 2459 perpetuo
812 2377 990 2441 aboleatur
1023 2385 1057 2440 et
1091 2380 1127 2440 in
1161 2375 1262 2441 factis
1296 2377 1525 2459 potentiariis

228 2486 421 2566 iuriumque
452 2485 798 2565 possessionariorum,
822 2483 897 2548 fieri
920 2505 1095 2568 nunquam
1124 2483 1256 2547 debeat.
1290 2482 1453 2546 Duellum
1478 2485 1526 2545 si-

227 2591 366 2674 quidem
383 2599 466 2654 tunc
483 2590 694 2654 solummodo
711 2590 785 2654 fieri
809 2590 948 2655 deberet
973 2599 1007 2654 et
1031 2592 1074 2655 ad
1098 2591 1163 2655 hoc
1178 2592 1375 2655 ordinatum
1391 2590 1525 2668 extitit,

228 2697 363 2781 quando
387 2700 497 2760 omnis
531 2697 686 2780 probatio
720 2697 888 2762 deficeret.
922 2698 964 2761 In
997 2697 1099 2761 factis
1131 2719 1213 2761 vero
1245 2698 1463 2780 potentiariis
1487 2705 1525 2758 et

229 2807 507 2886 possessionariis.
532 2811 644 2887 partes
669 2805 886 2888 probationes
901 2827 1036 2889 semper
1051 2804 1179 2869 habent
1196 2811 1230 2868 et
1248 2807 1350 2868 etiam
1367 2803 1526 2887 alioquin

229 2912 394 2976 iudicium
417 2911 542 2993 Duelli,
566 2912 609 2975 ad
634 2911 774 2975 Curiam
798 2913 945 2996 Regiam
969 2911 1163 2992 militarem,
1188 2919 1222 2974 et
1245 2931 1315 2975 non
1337 2913 1381 2975 ad
1405 2912 1526 2974 sedem

228 3021 442 3083 iudiciariam
462 3023 621 3103 pertinet.
644 3018 798 3100 Accedit,
817 3019 908 3103 quod
933 3022 969 3082 in
993 3018 1138 3092 iudiciis,
1156 3018 1341 3102 personalis
1366 3041 1527 3101 praesen-

228 3130 277 3190 tia
308 3127 438 3210 Regiae
471 3127 664 3190 Maiestatis
696 3149 829 3209 semper
861 3127 1032 3208 interesse,
1075 3126 1192 3189 literas
1225 3129 1330 3189 etiam
1367 3125 1525 3210 sigillare

227 3232 347 3314 debet3
371 3237 400 3296 is
422 3255 503 3296 vero
528 3243 566 3297 ut
584 3234 769 3318 plurimum
785 3233 999 3316 spiritualis8
1023 3256 1093 3297 esse
1110 3236 1297 3298 consuevit.
1320 3232 1525 3297 Intererunt

230 3349 412 3424 praeterea,
445 3340 712 3425 Arcbiepisoopi,
745 3341 917 3424 Episcopi,
950 3349 984 3404 et
1019 3341 1131 3424 plures
1165 3341 1225 3404 alii
1249 3339 1462 3424 Spirituales.
1487 3349 1527 3403 et

228 3450 354 3513 idcirco
378 3470 447 3512 non
471 3452 640 3526 convenit,
665 3455 703 3511 ut
729 3447 867 3512 insede
901 3449 1080 3512 iudiciaria
1112 3449 1276 3513 Duellum
1308 3449 1527 3512 decernatur.

227 3555 375 3620 Proinde
399 3555 510 3618 biset
545 3554 700 3637 plurimis
733 3554 810 3618 aliis
843 3555 941 3619 bonis
975 3554 1194 3638 respectibus,
1227 3553 1527 3638 rationalibusque

227 3686 268 3726 ex
302 3663 418 3740 causis,
452 3660 516 3724 hoc
540 3662 660 3726 iudicii
691 3683 808 3744 genae,
842 3669 1004 3745 perpetuo
1046 3661 1232 3741 aboleatur,
1271 3669 1305 3724 et
1344 3683 1528 3746 nunquam

228 3770 439 3850 decernatur,
462 3770 530 3830 nisi
554 3770 590 3830 in
614 3770 733 3848 causis,
757 3767 937 3852 inquibus
961 3771 1072 3832 omnis
1095 3767 1252 3852 probatio
1276 3768 1447 3833 deficeret.
1464 3777 1529 3833 ut:

227 3879 257 3940 si
280 3875 371 3940 solus
394 3897 414 3939 a
437 3874 508 3938 solo
533 3877 569 3938 in
593 3877 726 3953 itinere,
750 3875 844 3938 nullo
873 3883 1058 3958 spectante.
1082 3876 1304 3959 spoliaretur;
1335 3879 1528 3960 quicquam

227 3983 447 4064 alteralteri,
476 3985 548 4045 sine
572 3982 717 4045 alicuius
742 3986 939 4046 testimonio
964 3984 1212 4062 commodaret,
1236 3990 1296 4046 aut·
1320 3983 1453 4067 aliquid
1479 3985 1528 4048 ad

227 4097 373 4155 secretas
397 4110 495 4152 aures
519 4089 657 4168 diceret,
682 4097 717 4152 et
741 4089 843 4153 aliter
865 4111 974 4173 neque
1008 4088 1165 4172 spolium,
1197 4111 1307 4172 neque
1341 4090 1528 4164 creditum,

227 4220 335 4282 neque
369 4201 473 4261 etiam
505 4195 610 4260 verba.
644 4196 775 4279 prolata
809 4197 946 4280 probari
980 4205 1124 4281 possent,
1158 4200 1195 4261 in
1228 4197 1352 4281 quibus
1385 4197 1530 4261 casibus

226 4306 462 4370 huiuscemodi
485 4303 647 4367 Duellum
671 4304 808 4367 decerni
831 4305 971 4388 quidem
996 4312 1116 4388 potest,
1140 4311 1348 4368 nontamen
1372 4307 1409 4368 in
1442 4307 1531 4370 sede

337 4471 345 4498 ¹
364 4461 431 4534 Egy
450 4464 554 4516 nrlrrlm
571 4461 650 4533 negy
670 4462 769 4516 l'orint.

337 4563 346 4589 ⁸
367 4553 500 4622 Bujvivd.

336 4653 344 4679 ³
364 4643 498 4713 Egylu'rzi
519 4642 626 4695 arnber.
