3192 5214
183 339 247 402 ree
277 422 280 433 q

180 540 269 635 igen
297 538 412 611 karos
441 537 731 610 visszahatdssel
760 536 839 608 volt
869 561 890 607 a
919 533 1092 630 zsiddsag
1119 535 1341 628 helyzetere.
1374 534 1478 630 Igan

181 667 283 760 hogy
321 664 554 762 oltalomban
591 662 839 752 reszesiilnek‚
877 664 923 734 de
961 662 1053 734 ceak
1089 660 1268 754 akiraly
1304 660 1476 734 reszerdl.

181 767 283 864 Cket
311 791 344 864 is
372 816 394 862 a
422 791 494 863 kir.
513 791 673 863 kamere
702 789 981 884 tulajdonanak
1008 787 1149 860 kezdik
1177 786 1376 876 tekinteni,
1396 786 1477 883 ugy

181 917 279 988 mint
296 916 656 1013 Nemetorszagban.
685 898 1018 1003 llze'rkedhetnek,
1042 912 1328 1008 megszedhetik
1348 937 1477 1008 mago-

181 1043 260 1130 kat,
289 1043 336 1114 de
365 1065 387 1112 a
415 1041 487 1114 mit
516 1043 717 1131 szcreztek,
746 1041 912 1134 utolja'ra
941 1038 1062 1134 megia
1090 1063 1112 1108 a
1141 1036 1298 1130 kirelye'.

288 1166 639 1263 Ekivaltsagleve‘l
668 1167 804 1263 sokaig
838 1165 1053 1258 e'rvenyben
1082 1164 1243 1234 maredt.
1281 1161 1477 1256 Eredetije

180 1293 287 1365 11100
306 1315 404 1387 meg,
424 1292 516 1364 csak
536 1291 717 1386 Hunyadi
746 1288 957 1384 Matyeistdl
985 1285 1175 1362 sztrmazt
1204 1288 1356 1376 atirata,
1375 1287 1478 1380 moly

182 1418 276 1489 utrin
304 1417 440 1490 kiadta
469 1417 683 1508 Endlicher,
711 1417 959 1491 Monumenta
989 1419 1212 1488 473-477.
1240 1413 1262 1485 l.
1319 1463 1324 1474 ,

291 1645 375 1709 Bela
399 1646 455 1710 dei
477 1647 592 1731 gracia
616 1647 805 1732 Hungarie,
828 1645 1013 1728 Dalmaoie,
1036 1644 1186 1726 Croacie,
1209 1643 1327 1726 Rame,
1348 1643 1477 1726 Servie,

181 1753 336 1836 Gallicie,
361 1754 561 1819 Lodomerie
594 1755 825 1842 Comanieqne
858 1777 927 1837 rex,
960 1752 1118 1819 omnibus
1150 1752 1283 1818 Christi
1315 1749 1477 1816 fidelibus

183 1869 356 1945 presentes
379 1861 498 1926 literas
521 1865 726 1946 inspecturis
750 1863 897 1928 salutem
921 1865 957 1926 in
980 1863 1134 1925 omnium
1158 1859 1336 1924 salvatore.

289 1971 402 2048 Quum
434 1973 700 2058 uniuscuiusque
733 1972 944 2037 condicionis
971 1970 1126 2034 homines
1150 1971 1187 2032 in
1219 1974 1336 2032 nostro
1370 1988 1477 2052 regno

181 2087 429 2143 commorantes
453 2079 612 2144 volumus
634 2083 748 2165 gracie
772 2089 808 2146 et
825 2077 1065 2144 benevolencie
1081 2084 1196 2141 nostre
1214 2076 1477 2159 percipienciam

182 2186 346 2268 invenire,
374 2185 497 2251 Judeis
529 2189 698 2252 universis
730 2189 768 2252 in
799 2207 905 2272 regno
938 2193 1055 2252 nostro
1088 2185 1287 2248 constitutis
1314 2182 1378 2246 hec
1402 2185 1477 2247 iura

182 2293 417 2358 ordinavimus
440 2295 522 2378 ipsis
546 2293 796 2360 inviolabiliter
824 2293 1045 2360 observanda.

292 2420 319 2483 1.
353 2419 545 2484 Statuimus
578 2423 695 2506 itaque
729 2423 855 2505 primo:
888 2427 928 2484 ut
961 2439 1021 2503 pro
1054 2418 1197 2501 pecunia
1230 2415 1393 2480 amobili
1416 2425 1478 2479 aut

184 2548 243 2609 pro
267 2549 303 2591 re
327 2527 504 2610 immobili,
528 2530 649 2592 autin
673 2550 774 2592 causa
797 2525 1038 2614 querimoniali
1060 2547 1126 2610 que
1152 2527 1267 2609 tangit
1300 2545 1478 2607 personam

182 2641 242 2696 aut
282 2656 335 2698 100
373 2634 399 2699 J
401 2635 488 2717 ndei,
525 2635 641 2700 nullus
680 2635 898 2701 Christianus
936 2641 1055 2698 contra
1094 2619 1361 2714 ι1111011111οί
1399 2651 1478 2694 cum

182 2740 379 2806 Christiano
396 2751 431 2807 01
455 2742 481 2808 J
482 2743 567 2807 udeo
592 2745 629 2806 in
651 2745 890 2808 testimoninm
913 2743 1128 2822 admittatur,
1152 2740 1220 2804 nisi
1244 2735 1377 2804 facturn
1392 2737 1477 2802 adeo

182 2851 228 2912 sit
251 2850 425 2914 notorium
449 2857 484 2914 et
507 2848 731 2913 manifestum
755 2851 855 2914 utin
888 2847 1032 2924 dubium
1065 2854 1213 2930 nequeat
1246 2847 1409 2926 revocari,
1442 2855 1477 2908 et

183 2955 278 3019 nulla
311 2963 411 3041 egeat
443 2954 655 3039 probaoione.
688 2955 736 3020 Et
768 2955 863 3020 istud
896 2961 1205 3037 temperamentum
1244 2953 1281 3016 in
1320 2950 1476 3036 quolibet

181 3061 333 3146 oalritulo
356 3063 458 3127 huius
482 3062 658 3148 privilegii
680 3062 839 3127 volumus
862 3060 1045 3126 observari.

291 3189 321 3252 2.
353 3187 444 3252 Item
475 3190 505 3251 si
536 3187 754 3254 Christianus
787 3187 940 3252 Judeum
971 3187 1119 3268 impetit,
1152 3206 1305 3250 asserens
1329 3183 1421 3268 quod
1445 3187 1477 3248 ei

184 3317 243 3359 sua
268 3297 411 3380 pignora
434 3295 613 3381 obligavit,
645 3305 680 3360 et
713 3296 846 3361 Judeus
878 3293 941 3358 hoo
975 3292 1164 3375 diffidetur,
1197 3295 1227 3356 si
1259 3291 1477 3356 Christianus

183 3401 289 3466 Judei
321 3401 469 3486 simplici
501 3401 606 3466 verbo
639 3401 743 3466 fidem
775 3401 938 3466 adhibere
976 3399 1134 3482 noluerit,
1167 3399 1300 3464 Judeus
1332 3397 1477 3461 iurando

184 3507 420 3594 equivalenter
443 3508 510 3573 sibi
532 3507 686 3594 obligato
710 3531 807 3573 suam
830 3508 1061 3572 intencionem
1085 3503 1253 3590 probabit,
1278 3511 1312 3568 et
1332 3505 1476 3568 transiet

184 3615 370 3682 absolutus.

291 3741 320 3804 8.
353 3741 444 3805 Item
476 3743 506 3804 si
537 3741 561 3806 J
565 3741 642 3804 ndei
675 3741 716 3805 de
750 3739 842 3806 facto
876 3742 967 3804 inter
999 3762 1033 3804 00
1067 3738 1273 3802 discordiam
1306 3737 1477 3800 moverint

184 3856 244 3913 aut
267 3871 435 3934 guerram,
464 3848 567 3912 index
601 3851 762 3913 civitates
794 3855 909 3912 nostre
941 3846 1073 3912 nullam
1105 3844 1173 3909 sibi
1204 3843 1478 3908 iurisdictionem

183 3958 344 4022 vendicet
382 3959 419 4020 in
450 3957 594 4039 eosdem,
628 3956 686 4022 sed
719 3977 780 4020 nos
813 3964 873 4020 aut
911 3975 1063 4019 summus
1101 3957 1218 4018 noster
1255 3948 1478 4014 cancellarius

184 4065 351 4129 iudicium
386 4061 566 4129 exercebit.
600 4063 637 4128 si
669 4071 785 4127 autem
818 4070 932 4127 reatus
966 4063 1080 4146 vergit
1113 4062 1150 4123 in
1189 4079 1375 4143 personam,
1414 4055 1478 4120 soli

183 4177 299 4236 nostre
323 4193 464 4256 persone
487 4171 544 4235 hio
568 4192 665 4235 casus
689 4168 921 4234 reservabitur
944 4168 1157 4233 iudicandus.

293 4297 321 4360 9.
345 4296 436 4361 Item
460 4298 489 4360 01
512 4295 730 4361 Christianus
753 4294 866 4359 ι1111100
889 4294 1124 4380 qualecunque
1150 4291 1276 4356 vulnus
1301 4287 1478 4370 inflixerit,

184 4426 262 4468 reus
285 4403 383 4468 nobis
406 4403 518 4467 solvat
535 4424 657 4486 penam
673 4402 860 4466 secundum
876 4400 1159 4466 consuetudinem
1174 4399 1281 4484 regni,
1296 4396 1478 4462 vuhrerato

184 4509 365 4575 duodecim
388 4532 518 4574 marcas
542 4511 679 4594 argenti
702 4519 737 4573 01
760 4531 933 4592 expensas
957 4529 1041 4592 quas
1066 4528 1125 4590 pro
1150 4508 1275 4570 suimet
1299 4507 1477 4569 curacione

184 4617 385 4701 expenderit
409 4617 585 4681 medicine.
