3160 5212
227 323 292 388 272

227 519 425 600 forensium,
458 523 576 582 contra
608 519 674 583 hoc
697 515 818 582 foedus
851 517 987 582 unionis
1021 518 1095 598 pari
1127 521 1210 578 voto
1234 535 1465 598 consensuque
1489 522 1524 578 et

226 647 366 692 assensu
389 626 544 688 unanimi
568 623 649 689 fidei
674 631 782 706 pecte,
805 629 846 687 ut
869 623 1072 706 praefertur,
1096 621 1260 703 firmatae,
1285 618 1473 705 infringere
1490 630 1524 685 et

227 757 262 798 se
294 733 466 811 insidiose,
499 754 539 795 ac
571 731 656 798 alias
694 753 909 816 quocumque
942 733 1114 815 exquisito
1147 727 1257 792 colore
1289 748 1457 810 opponere
1490 739 1524 792 et

226 841 311 906 haec
334 840 462 904 Nostra
480 841 636 920 superius
661 838 872 924 inferiusque
897 844 989 902 tacta
1014 841 1193 918 niteretur,
1209 841 1244 898 et
1267 842 1524 916 attemptarent,

227 952 266 1012 in
282 955 357 1013 toto
381 947 438 1012 vel
462 951 498 1012 in
523 957 628 1030 parte,
652 971 693 1013 ex
717 955 800 1012 tunc
822 949 1098 1030 praenominatae
1121 943 1308 1022 Nobilium,
1332 943 1524 1008 Siculorum

228 1063 263 1120 at
287 1056 461 1121 Saxonum
484 1059 728 1120 universitates
751 1077 789 1119 se
823 1055 1054 1119 coadunantes
1089 1052 1191 1116 simul
1227 1060 1260 1116 et
1294 1051 1405 1133 semel,
1429 1051 1525 1115 nullo

228 1164 453 1246 discrepante,
477 1172 596 1228 contra
620 1164 725 1228 talem
749 1165 1025 1244 contrariantem,
1049 1185 1109 1226 seu
1133 1162 1288 1242 Unionis,
1312 1160 1525 1226 concordiae-

229 1293 304 1357 que,
328 1277 363 1334 et
386 1269 630 1352 Dispositionis
647 1269 846 1354 hujusmodi
862 1270 1121 1336 confoederatae
1146 1275 1285 1352 pactum
1308 1289 1474 1350 rumpere,
1490 1278 1524 1330 et

229 1377 419 1463 infringere
453 1385 734 1462 praesumentem,
767 1400 825 1442 seu
860 1385 1122 1461 praesumentes,
1151 1397 1353 1460 consurgere
1385 1371 1525 1457 ejusque

227 1487 399 1550 versutias
433 1485 572 1550 brachio
606 1485 690 1550 forti
723 1493 905 1568 conterere,
938 1509 977 1549 ac
1010 1485 1135 1549 deinde
1168 1486 1204 1546 in
1233 1481 1467 1546 defensionem
1490 1490 1526 1543 et

229 1589 451 1656 sublevamen
484 1594 660 1674 oppressis,
694 1613 753 1656 seu
786 1613 1024 1674 oppressorum
1055 1590 1233 1657 intendere
1266 1595 1457 1654 teneantur.
1491 1595 1527 1650 ct

228 1697 438 1762 eccellerare.
462 1698 613 1775 Quartus
637 1701 722 1762 istae
758 1697 917 1763 fassionis
950 1705 1001 1760 est
1025 1696 1209 1760 articulus:
1242 1695 1435 1781 quodcum
1458 1693 1527 1758 Be-

229 1828 336 1891 gnum
359 1805 424 1870 hoo
447 1812 561 1873 totum
585 1805 901 1870 Transsilvaniense
925 1805 1052 1869 nedum
1085 1803 1286 1886 partialiter,
1310 1803 1367 1865 sed
1392 1811 1427 1866 et
1450 1804 1528 1864 uni-

228 1913 410 1978 versaliter
448 1912 771 1998 importunitatibus
809 1915 1008 1996 nocivisque
1047 1909 1288 1975 vexationibus
1326 1911 1528 1994 agitaretur,

231 2024 404 2104 variisque
421 2019 524 2086 rebus
547 2022 710 2103 adversis,
727 2021 982 2105 inopinatisque
1000 2021 1234 2083 vastationum
1250 2015 1530 2098 impetitionibus

230 2129 382 2212 undique
406 2137 660 2214 conquassatur,
684 2137 718 2192 et
752 2127 886 2192 casibus
919 2131 1082 2192 atteritur
1105 2124 1391 2208 impraetermisse
1415 2145 1530 2204 asper-

231 2239 336 2318 rimis,
360 2240 562 2300 statuissent
588 2257 685 2318 porro
709 2259 748 2300 ec
773 2237 1019 2318 disposuissent
1045 2237 1118 2317 pari
1141 2241 1176 2296 et
1199 2235 1354 2296 unanimi
1376 2229 1530 2314 singulo-

194 2403 195 2410 ,
232 2365 309 2406 rum
325 2351 416 2426 vote,
432 2344 523 2428 quod
540 2347 570 2408 si
586 2345 749 2408 adversae
766 2344 900 2428 aliquae
917 2346 1150 2425 oppressiones
1175 2365 1219 2422 se,
1243 2349 1303 2404 aut
1327 2342 1449 2403 nociva
1465 2340 1530 2402 im-

233 2451 427 2532 pedimenta
452 2453 601 2536 quaeviS,
627 2451 883 2534 praedistinctis
913 2448 1076 2532 pertibus,
1104 2447 1288 2512 Nobilibus
1312 2445 1442 2510 scilicet
1466 2454 1531 2508 aut

232 2557 357 2622 Siculis
379 2557 437 2621 vel
461 2557 662 2640 Senonibus,
686 2559 827 2622 seorsim
851 2579 911 2620 seu
934 2555 1189 2639 particulariter
1205 2559 1277 2620 sive
1301 2556 1533 2617 communiter

231 2670 361 2750 emergi
385 2669 598 2751 contingant,
622 2673 657 2729 et
681 2668 817 2730 evenire
842 2669 879 2729 in
903 2673 1075 2748 posterum
1110 2687 1169 2746 per
1192 2682 1439 2748 quoscumque;
1472 2683 1532 2724 en-

232 2783 314 2838 tunc
340 2782 452 2856 partes
476 2777 569 2856 ipsae
593 2776 630 2836 in
663 2773 878 2856 alterutrum,
913 2783 993 2856 puta
1028 2769 1170 2838 Nobiles
1204 2769 1336 2850 Siculis,
1360 2775 1395 2832 et
1419 2768 1533 2832 Siculi

232 2879 433 2964 Senonibus,
457 2901 611 2944 necnon
645 2881 822 2964 Vayvodis
846 2884 1006 2962 ipsorum,
1040 2903 1078 2943 ac
1102 2878 1297 2944 Comitibus
1325 2876 1533 2956 Siculorum,

231 3011 270 3052 ac
294 3010 411 3052 eorum
433 2992 527 3052 vices
550 2991 694 3074 gerenti,
726 2991 810 3052 item
843 2989 1041 3070 Capitaneis
1076 3009 1134 3069 per
1167 2987 1409 3050 universitates
1435 3005 1535 3064 prae-

232 3095 322 3159 fatas
346 3097 388 3160 ad
413 3097 477 3160 hoc
502 3097 701 3160 constitutis
725 3104 760 3158 et
787 3097 969 3178 deputatis.
1003 3116 1080 3159 suas
1112 3095 1251 3178 quasvis
1284 3093 1536 3172 impetitiones,

232 3200 383 3284 injurias,
407 3205 635 3284 adversiones,
668 3226 705 3266 ac
739 3223 1030 3286 quonimoumque
1064 3209 1347 3265 nocumentorum
1370 3205 1454 3260 tunc
1480 3198 1538 3260 in-

231 3313 429 3394 gruentium
464 3332 560 3374 casus
584 3314 804 3392 innotescere,
843 3309 1045 3393 significare,
1078 3311 1249 3375 intimare.
1282 3318 1315 3370 et
1350 3303 1537 3370 notificare

232 3424 423 3499 teneantur,
448 3425 484 3480 et
507 3417 664 3499 debeant,
688 3415 813 3502 quibus
837 3438 897 3480 sua
930 3419 1016 3480 serie
1049 3419 1107 3498 sic,
1130 3425 1170 3479 ut
1194 3413 1394 3498 praefertur,
1418 3433 1454 3474 se
1481 3417 1539 3476 in-

232 3526 373 3604 timatis,
391 3531 425 3586 et
442 3522 655 3608 significatis,
680 3527 800 3588 statim
824 3525 879 3588 die
895 3531 1018 3588 octava
1041 3522 1288 3586 notificationis
1307 3516 1409 3600 hujus
1426 3519 1510 3583 mod
1517 3522 1539 3600 i,

232 3651 326 3694 mora
360 3629 663 3715 protelationeque,
696 3654 735 3694 ac
768 3630 1041 3694 dissimulatione
1065 3636 1099 3692 et
1123 3631 1297 3692 occasione
1321 3627 1415 3690 omni
1439 3635 1539 3708 post-

232 3744 376 3821 tergata,
399 3739 436 3800 in
460 3739 612 3819 oppressi
635 3759 695 3800 seu
718 3757 964 3820 oppressorum,
980 3737 1041 3820 qui
1064 3743 1147 3798 tuno
1171 3733 1294 3816 forent,
1318 3729 1541 3813 adjutorium

231 3851 266 3908 et
290 3865 496 3926 succursum,
525 3845 713 3909 secundum
745 3847 795 3907 rei
828 3845 1039 3927 exigentiam
1073 3845 1206 3924 potenti
1229 3842 1387 3906 virtute³
1409 3841 1540 3903 venire

234 3959 507 4034 praeproperent,
530 3975 569 4015 ac
593 3953 709 4016 adesse
735 3951 883 4016 debeant
916 3950 1081 4031 celeriter,
1115 3959 1150 4014 et
1183 3956 1375 4013 teneantur.
1408 3948 1540 4014 Fassio

232 4061 354 4144 quinta
376 4058 574 4124 Articulata
596 4059 681 4124 haec
705 4066 774 4122 est:
813 4059 912 4137 Quod
945 4059 1028 4122 dum
1061 4067 1096 4122 et
1129 4057 1265 4142 quando
1298 4077 1358 4120 seu
1380 4059 1542 4138 quoties-

232 4189 365 4252 cunque
390 4167 487 4249 lapsu
511 4175 705 4249 temporum
736 4166 880 4251 Regalis
912 4165 1199 4230 exiiellentissima
1233 4163 1405 4228 Serenitas
1434 4162 1542 4228 Nun-

233 4277 302 4338 cios
327 4297 386 4338 sen
410 4274 542 4358 legatos
566 4296 652 4355 suos,
670 4282 773 4357 prout
789 4297 899 4357 supra,
915 4275 1174 4356 opportunitate
1190 4272 1313 4357 quavis
1336 4271 1542 4354 ingruente,

233 4405 274 4444 ex
299 4384 369 4445 suis
393 4381 595 4466 Beronibus,
618 4383 691 4446 sive
714 4380 947 4466 Magnetibus,
964 4387 1078 4462 partes
1101 4380 1145 4443 ad
1168 4381 1261 4460 istae,
1285 4399 1344 4442 seu
1366 4377 1545 4461 Regnum

342 4618 351 4645 ³
371 4608 438 4678 Ere,
457 4610 536 4664 olasz
556 4607 747 4662 ertelembcn.
