3124 5216
240 391 305 456 7ὖ8

239 597 432 652 nostrorum
456 587 666 672 Hungariae,
703 586 889 651 Bohemiae
922 593 958 650 et
989 586 1200 672 reliquorum
1232 609 1320 651 anno
1352 589 1511 673 trigesimo
1543 575 1544 642 l

239 717 336 760 nono
360 696 679 779 Reverendissimis,
703 695 955 778 illustrissimis,
979 695 1176 760 reverendis
1200 697 1305 759 etiam
1327 717 1367 760 aa
1389 717 1511 760 venera·

239 802 367 869 bilibus
399 807 435 869 in
469 803 607 868 Christo
643 803 807 888 patribuS,
846 803 995 869 dominis
1033 801 1184 886 Josepho
1220 826 1239 868 e
1271 803 1451 868 comitibus
1479 805 1512 868 de

239 911 452 997 Batthyany,
476 919 640 996 perpetuo
663 915 701 976 in
723 909 983 996 Ne'met-Ujvtr,
1016 933 1130 975 sacrae
1161 912 1337 976 Romanae
1369 910 1513 976 ecclesiae

239 1020 405 1085 cardinali
429 1029 463 1084 et
487 1022 575 1084 sacri
598 1021 748 1085 Romani
771 1021 907 1102 imperii
931 1021 1094 1103 principe,
1118 1017 1373 1105 strigoniensis,
1397 1018 1514 1083 Adanu

240 1126 348 1193 libero
372 1127 498 1192 barone
522 1126 685 1192 Patatich
708 1127 750 1191 de
774 1124 921 1210 Zajezda
937 1126 1133 1192 colocensis
1156 1135 1192 1191 et
1215 1127 1410 1192 Baesiensis
1428 1127 1515 1191 eccle-

240 1236 368 1299 aiarum
388 1237 548 1299 canonica
564 1237 741 1299 unitarum
764 1233 1106 1317 metropolitanarum
1130 1232 1394 1316 archiepiscopis
1411 1241 1469 1298 etc.
1483 1273 1514 1280 —

240 1343 399 1407 ecclesiae
441 1343 497 1408 dei
539 1341 689 1407 feliciter
729 1339 1012 1427 gubernantibus
1055 1339 1277 1406 Seronissimo
1317 1343 1405 1405 item
1446 1342 1516 1406 duee

240 1451 378 1515 domino
409 1448 563 1534 Albert0,
596 1451 691 1535 regio
723 1449 944 1514 Poloniarum
977 1457 1013 1513 et
1046 1447 1253 1513 Lithvaniaa
1276 1451 1442 1533 principe,
1471 1472 1517 1532 per

240 1581 384 1644 regnum
407 1567 563 1624 nostrum
586 1557 787 1644 Hungariae
811 1557 1064 1622 locumtenente
1096 1557 1223 1622 Nostro
1251 1559 1355 1642 regie,
1379 1579 1517 1621 necnon

240 1664 484 1748 spectabilibus
512 1673 547 1731 et
576 1664 767 1751 magnificis
796 1667 920 1729 comite
955 1665 1105 1749 Georgio
1137 1664 1268 1729 Feketo
1300 1665 1342 1730 de
1375 1665 1518 1729 Galama

237 1770 353 1856 judice
377 1776 491 1838 curiae
517 1813 556 1820 —
582 1775 793 1858 caeterisque
816 1795 920 1858 quam
944 1772 1101 1856 plurimis
1123 1771 1288 1856 saepefati
1308 1775 1412 1858 regni
1427 1775 1518 1836 nostri

241 1879 442 1966 Hungariae
466 1883 650 1947 comitatus
673 1879 872 1945 tenentibus
897 1889 932 1944 et
955 1881 1108 1944 honores.

241 2007 352 2070 Maria
376 2007 538 2072 Therasia
563 2031 606 2072 m.
623 2031 653 2092 p.
834 2006 956 2072 Comes
979 2007 1183 2072 Franciscus
1207 2007 1422 2094 Eszterha'tzy
1445 2033 1484 2074 m
1499 2034 1520 2094 p.

708 2133 912 2197 Franciscus
935 2131 1081 2218 Gybry.⁶

242 2397 278 2467 2.
302 2397 410 2468 1807.
438 2395 509 2466 IV.
532 2397 845 2489 tbrvonyczikk
879 2396 1058 2468 Flumen
1091 2395 1263 2488 Civitas,
1294 2397 1524 2488 Pontusque

731 2505 1043 2576 inarticulatam.

351 2670 419 2734 Sua
442 2667 624 2754 Majestate
648 2673 887 2754 sacratissima,
915 2693 957 2735 ne
989 2671 1121 2735 diutius
1153 2670 1309 2734 ardentia
1342 2677 1429 2735 vota
1462 2669 1526 2735 Saa-

243 2785 342 2841 tuum
366 2786 401 2841 et
426 2777 592 2842 Ordinum
608 2779 724 2864 Regni
747 2785 908 2861 moretur,
932 2783 1113 2860 annuente,
1137 2776 1270 2841 Civitas
1292 2776 1528 2861 Fluminensis,

243 2893 426 2970 portusque
451 2909 509 2969 per
532 2884 824 2972 Angustissimum
849 2885 1108 2969 Imperatricem
1131 2891 1166 2948 et
1189 2885 1361 2970 Reginam
1388 2885 1528 2950 Mariani

243 2991 449 3076 Therasiam,
473 2993 638 3077 peculiari
661 2992 858 3076 Diplomate
878 2989 952 3075 jam
974 2993 1097 3077 Regno
1114 2993 1336 3074 incorporata,
1362 2995 1527 3074 praesenti

242 3098 400 3165 Articulo
424 3102 467 3165 ad
491 3101 583 3165 idern
606 3101 767 3185 Regnum
791 3102 962 3184 pertinere
986 3099 1189 3164 declaratur.
1213 3098 1290 3164 Una
1314 3121 1399 3164 vero

349 3209 368 3286 ξ
394 3209 422 3271 1.
446 3207 678 3273 Gubernatori
697 3207 914 3271 Fluminenai
938 3205 1002 3270 sub
1026 3205 1184 3271 Comitiis
1203 3205 1317 3291 Regni
1340 3207 1379 3269 in
1404 3207 1527 3272 Tabula

243 3315 437 3398 Procerum,
461 3314 643 3400 Ablegatis
667 3322 783 3378 autem
812 3313 977 3378 Civitatis
1005 3313 1236 3376 Fluminensis
1259 3314 1296 3375 in
1319 3311 1459 3377 Tabula
1484 3313 1528 3377 SR

244 3429 279 3486 et
304 3423 372 3487 00.
397 3431 592 3506 competens
617 3423 737 3504 Sessio,
761 3429 796 3486 et
820 3422 950 3486 Votum
973 3420 1155 3484 tribuetur.

352 3626 362 3654 ⁰
382 3616 407 3669 A
428 3634 464 3668 m.
486 3615 541 3669 kir.
562 3616 630 3670 udv.
650 3615 852 3669 kanczellaria
871 3614 1036 3668 tanacsosa.
