3182 5210
1288 341 1353 403 ‘'265''

68 540 166 600 cionis
189 535 329 601 Nobilis
352 545 413 600 aiat
437 537 526 602 Saxo
549 537 606 602 vel
631 538 775 608 Siculus,
799 537 943 604 alicuius
968 537 1085 600 damni
1109 547 1354 601 nocumentum

68 667 121 708 suo
143 645 275 726 hospiti
298 645 435 726 inferat,
459 669 521 710 nee
545 646 657 710 facere
683 655 863 729 presumat.
888 647 955 722 Qui
978 655 1094 710 autem
1119 647 1283 710 damnum
1307 645 1355 710 fe-

67 756 152 824 cerit,
176 753 282 816 iudex
305 775 382 816 cum
399 754 541 818 ductore
559 753 642 818 belli
657 753 700 818 ab
720 755 839 818 eodem
863 757 1011 838 rigorem
1036 756 1120 816 iuris
1144 761 1354 838 extorqueat.

67 871 96 923 ct
119 859 216 924 illum
242 883 328 942 pena
351 860 491 944 capitali
523 861 580 926 vel
614 866 711 926 iuxta
745 862 950 925 demeritum
983 863 1103 942 punire
1127 867 1293 924 teneatur.
1318 863 1355 924 si

66 975 174 1030 alitem
193 967 339 1031 alicuius
353 968 489 1032 Nobilis
508 969 565 1033 vel
581 969 725 1034 Saxonis
748 993 787 1033 ac
804 968 912 1033 Siculi
936 967 1085 1031 famulus
1108 966 1165 1030 vel
1189 967 1329 1050 Satiapa
1346 973 1355 1010 ¹

68 1075 226 1159 profugus
250 1074 453 1144 efficeretur.
487 1088 570 1141 tunc
602 1079 760 1142 dominus
783 1079 891 1160 ipsius
925 1075 1067 1158 Satrape
1096 1097 1264 1138 recessum
1288 1097 1355 1138 non

66 1204 121 1246 suo
144 1182 287 1248 consilio
310 1205 372 1246 nec
395 1183 575 1248 voluntate
595 1183 709 1252 fuisse.
726 1188 838 1248 iurare
857 1205 927 1248 non
942 1189 1083 1258 recuset,
1107 1181 1165 1246 secl
1191 1191 1356 1264 teneatur,

15 1323 16 1326 ¹
67 1293 321 1374 iuramentoque
344 1289 443 1354 finito
467 1313 487 1354 a
511 1295 581 1355 suis
607 1295 751 1375 propriis
775 1291 876 1355 rebus
906 1291 997 1354 idem
1021 1291 1180 1354 dominus
1203 1290 1358 1354 satisfac-

67 1401 192 1460 cionem
218 1399 402 1480 impendat.
426 1399 572 1482 Insuper
594 1423 614 1464 a
637 1401 778 1464 ductore
803 1399 885 1463 belli
900 1400 1054 1464 litteram
1077 1399 1283 1462 exclusionis
1299 1421 1358 1461 seu

15 1547 16 1550 κ
66 1507 248 1587 registrum
268 1508 467 1570 insere-ionis
485 1515 696 1593 extorqueat,
721 1506 889 1571 famulum
913 1529 1012 1570 suum
1036 1507 1204 1570 imitando
1228 1513 1358 1590 querat.

66 1620 96 1674 et
120 1615 216 1676 iuxta
242 1614 447 1680 demeritum
470 1617 658 1680 secundum
681 1623 842 1680 contenta
859 1615 958 1678 litere
982 1617 1189 1678 sentenciam
1215 1635 1359 1698 exequa-

69 1730 128 1784 tur.
151 1718 359 1806 ubicumque
383 1727 538 1787 invenire
562 1723 730 1787 maluerit.
764 1723 968 1786 Statuerunt
1001 1725 1110 1786 eciam
1133 1720 1279 1784 firmiter
1301 1719 1359 1784 ob-

69 1851 206 1895 servare.
224 1837 263 1892 ut
280 1831 413 1894 dumet
430 1831 566 1916 quando
582 1831 726 1896 alicuius
741 1830 946 1894 hostilitatis
971 1832 1189 1912 impugnacio
1206 1850 1265 1892 seu
1282 1850 1359 1892 cou-

69 1939 230 2000 troversia
270 1941 512 2024 cuiuscumque
549 1939 759 2002 condicionis
798 1941 936 2001 evenire
968 1937 1163 2020 contigerit.
1195 1946 1230 1998 et
1270 1939 1360 1998 inter

71 2042 219 2125 partibus
244 2049 483 2128 suprascriptis
507 2044 695 2126 Nobilium,
719 2045 892 2108 Saxonum
916 2051 950 2108 et
975 2043 1168 2108 Siculorum
1193 2065 1269 2125 pars
1287 2064 1360 2124 par-

70 2165 134 2214 tem
157 2155 194 2214 in
217 2151 410 2216 subsidium
434 2156 655 2234 invocaverit,
689 2153 836 2216 secundo
870 2152 924 2214 «lie
958 2154 1051 2214 exire
1086 2171 1162 2233 pars
1202 2153 1356 2212 invocata

71 2273 100 2322 et
123 2259 268 2342 siugulis
302 2260 422 2324 diebus
460 2264 528 2326 tria
567 2259 728 2324 milliaria
763 2261 853 2341 parti
885 2260 1062 2322 invocanti
1094 2261 1131 2320 in
1163 2277 1360 2320 succursum

15 2353 16 2358 ἵ
72 2371 210 2430 musice
235 2389 303 2432 non
327 2372 475 2437 omittat.
507 2371 566 2433 sed
607 2368 730 2432 festine
763 2372 800 2432 in
834 2365 1002 2430 auxilium
1034 2368 1152 2429 venire
1185 2373 1360 2442 tenentum

15 2523 17 2546 ,
72 2496 197 2558 queque
222 2481 338 2538 autem
364 2497 439 2558 pais
456 2479 491 2539 in
514 2479 724 2539 contrarium
742 2474 871 2541 fecerit.
895 2481 1019 2556 utputa
1044 2472 1194 2536 Nobiles.
1212 2472 1361 2534 Saxones

15 2569 17 2660 s
72 2591 101 2644 et
125 2581 242 2656 siculi,
266 2583 326 2648 illa
350 2605 427 2666 pars
451 2584 592 2665 capitali
617 2606 702 2666 pena
736 2591 770 2646 et
803 2603 871 2647 nou
895 2581 998 2645 rebus
1022 2585 1185 2662 puniatur
1211 2579 1361 2643 iuridicc.

16 2665 18 2734 i
73 2687 322 2755 Onlinaverunt
364 2713 498 2776 quoque
534 2699 569 2753 et
609 2694 800 2754 iuramento
846 2689 992 2753 firmiter
1031 2688 1279 2752 concluserunt.
1323 2697 1359 2748 ut

72 2800 159 2860 omni
183 2819 340 2861 concessa
369 2799 501 2862 invidia
533 2807 568 2861 et
601 2799 785 2860 inimicicie
818 2819 928 2865 causa,
952 2799 1194 2880 cuiuscumque
1219 2795 1362 2856 materia

16 2901 18 2940 5
74 2905 202 2966 existat.
227 2907 317 2967 inter
340 2927 375 2968 se
400 2909 435 2968 in
459 2905 599 2970 Christo
624 2912 755 2987 patrem
788 2913 823 2966 et
857 2903 1034 2966 dominnm
1057 2903 1234 2965 (lominum
1258 2900 1362 2964 Geor-

16 2987 18 3070 l
73 3013 162 3091 gium
187 3012 297 3094 Lepes
334 3013 542 3096 Episcopum
575 3012 926 3077 Transsilvaniensem
960 2989 1009 3073 et
1028 3011 1179 3073 eiusdem
1211 3007 1362 3072 Ecclesic

75 3117 258 3200 capitulum
282 3119 341 3198 (itt
364 3119 529 3204 hicinyzik
545 3142 584 3184 az
600 3118 805 3202 allitmany),
822 3120 910 3203 qnod
930 3121 1021 3181 inter
1039 3117 1189 3183 Nobiles.
1214 3119 1363 3178 Saxones

75 3239 103 3287 et
126 3225 259 3290 Siculos
283 3229 416 3310 integre
440 3235 474 3290 et
498 3231 636 3290 omnino
669 3225 776 3290 oblita
810 3235 844 3288 et
884 3226 1001 3288 sedata.
1034 3228 1169 3294 existat,
1201 3223 1362 3307 nullaque

75 3330 206 3398 illarum
233 3337 383 3415 parcium
406 3358 425 3398 a
449 3336 549 3418 modo
574 3338 610 3397 in
642 3341 742 3398 antea
771 3355 936 3398 renovare
959 3356 1021 3396 nec
1046 3335 1235 3396 mucionem
1259 3331 1364 3410 lmen-

75 3441 198 3504 tionem
209 3439 238 3519 ⁴3)
263 3439 374 3505 facere
399 3451 580 3524 presumat.
598 3441 634 3504 Si
651 3464 717 3526 qua
736 3451 852 3504 autem
870 3463 945 3523 pars
964 3441 1194 3522 predictarum
1213 3441 1363 3520 parcium

74 3546 332 3612 innovacionem
355 3549 492 3617 faceret.
515 3549 683 3634 ficlefraga
717 3559 921 3632 permaneat
945 3557 980 3612 et
1003 3547 1098 3610 nulla
1122 3546 1267 3610 aliarum
1291 3566 1365 3626 pcr-

73 3655 158 3717 cium
185 3655 237 3718 illi
258 3659 294 3718 in
317 3656 485 3720 auixilium
509 3679 704 3722 succurrere
740 3665 920 3738 presumat.
946 3659 983 3718 si
1005 3662 1121 3718 autem
1147 3676 1223 3736 pars
1247 3661 1361 3714 contra

18 3817 20 3828 .
73 3769 203 3840 mrtem
227 3761 378 3848 aliquam
402 3767 550 3828 accionis
573 3763 630 3828 vel
653 3766 799 3827 racionis
817 3785 952 3826 calisam
970 3761 1138 3826 habuerit.
1162 3769 1196 3822 ct
1221 3760 1364 3822 iuridicc

70 3889 183 3932 coram
207 3891 269 3935 suo
293 3871 405 3934 iudice
428 3877 626 3954 exequatur,
650 3877 684 3934 et
708 3871 811 3934 iudex
838 3873 944 3952 partis
968 3869 1108 3932 adverse
1134 3868 1303 3930 iusticiam
1331 3867 1364 3926 iu

70 3981 263 4042 continenti
286 3979 526 4043 administrare
564 3986 731 4042 teneatur.
765 3978 879 4041 Huius
912 3983 1027 4040 autem
1056 3975 1206 4038 fraterne
1230 3975 1365 4035 unionis

70 4093 266 4166 supratacto
292 4093 414 4168 partes,
437 4085 587 4167 Nobiles,
607 4085 765 4162 Saxones,
790 4091 824 4146 et
849 4083 957 4146 Siculi
975 4105 1036 4145 nos
1063 4080 1219 4163 precibus
1242 4079 1366 4142 humil-

71 4188 162 4256 libus
189 4197 373 4276 pecierimt,
389 4199 429 4256 ut
446 4197 627 4275 presentes
643 4193 777 4255 litteras
801 4192 929 4255 eisdem
953 4193 988 4253 in
1013 4189 1307 4252 continuacionem
1332 4197 1367 4248 et

75 4301 316 4382 sempiternam
349 4297 576 4362 stabilitatem
610 4298 724 4383 sigillo
747 4303 864 4360 nostro
888 4299 1021 4358 munire
1055 4294 1199 4357 fecimus
1227 4301 1262 4355 et
1286 4295 1367 4354 rati-

76 4404 183 4470 ficare.
206 4407 337 4472 Datum
360 4407 416 4470 die
440 4415 476 4470 et
500 4409 645 4470 termino
670 4412 850 4489 prenotato
874 4404 976 4468 Anno
1001 4403 1096 4466 1437.

186 4646 192 4672 ¹
212 4638 389 4708 Helyettes3
411 4634 505 4706 ispen.
