3182 5208
1288 363 1333 428 ⁴21

24 89 26 134 Ι

24 245 26 290 Ι

24 361 27 496 i

24 515 27 600 i

24 603 27 696 Ι
153 563 390 659 Jeleuthsdge
437 565 562 638 abban
591 565 651 654 dil,
687 565 791 660 hogy
833 563 951 660 kdpct
980 565 1068 659 adja
1097 588 1191 637 anon
1218 565 1335 637 viano-

62 692 232 786 nyoknalq
267 691 420 783 melyek
457 691 607 765 hanani(
636 691 780 784 f'ldjeu
808 717 830 763 a
858 689 1097 786 honfoglalais
1129 689 1333 784 befejezese

24 795 28 884 Ι
61 817 169 910 idejen
196 815 459 890 fenndllottak.
488 817 672 892 Jellemzd
699 819 841 890 vonasa
869 843 891 890 a
920 816 1099 890 nemetel(
1131 818 1213 890 ercis
1241 821 1334 912 gvii-

24 917 27 1014 Ι
60 941 157 1015 idlete
176 968 199 1013 a
216 966 347 1015 morva
367 941 522 1015 szlavok
539 943 760 1036 irainyaban„
780 943 1055 1038 Megtanuljuk
1073 943 1203 1032 battle,
1231 944 1334 1037 hogy
1380 1027 1382 1042 ᾗ

24 1047 26 1128 Ι
61 1093 77 1138 a
116 1069 218 1161 bajor
261 1069 465 1164 piispbkiik
513 1068 601 1164 meg
637 1094 659 1140 a
696 1069 980 1165 magyarokhoz
1026 1069 1059 1140 is
1097 1067 1333 1156 kiineledtek‚

24 1175 27 1308 Ι
60 1195 235 1288 csakhogy
271 1219 292 1266 e
330 1194 480 1288 gyiiliilt
517 1194 740 1289 ellenscgtdl
768 1195 1166 1290 megszabaduljanak.
1196 1196 1273 1267 Ant
1301 1194 1333 1265 is

24 1311 26 1432 Ι
60 1317 177 1412 litjuk
205 1321 306 1415 hogy
326 1344 347 1391 a
368 1319 522 1392 szlavok
541 1321 625 1392 mar
643 1343 730 1393 nem
756 1322 848 1392 csak
876 1321 1121 1416 politikailag
1137 1319 1334 1415 fiiggenek

24 1433 26 1480 ἵ
59 1467 75 1512 a
100 1441 370 1536 magyaroktol,
394 1444 533 1517 hanem
551 1443 709 1535 erkblcs,
729 1445 787 1517 stt
807 1444 926 1516 vallas
946 1443 1138 1540 dolgaban
1156 1445 1188 1516 is
1208 1443 1334 1516 simul·

24 1645 26 1648 ,
60 1569 123 1640 nah
148 1569 342 1664 honzajuk.

24 1661 26 1742 l
201 1777 329 1848 noma
351 1775 524 1863 razna,
549 1781 605 1845 fa.
629 1783 659 1844 s.
682 1805 714 1844 v.

149 1930 289 1994 Summo
315 1927 469 2012 pontifici
496 1935 531 1992 et
560 1925 749 1992 universali
783 1949 867 2010 pape
899 1948 968 1992 non
1000 1929 1102 1992 unius
1136 1925 1241 2009 urbia,
1274 1925 1334 1990 sed

60 2041 163 2101 totim¹
179 2036 281 2118 orbis,
305 2037 431 2100 domno
454 2035 607 2100 Johanni
632 2055 770 2098 romane
793 2035 884 2098 sedis
903 2034 1086 2120 magnifico
1102 2033 1335 2120 gubernatori,

60 2145 227 2209 humillimi
251 2144 472 2227 paternitatis
495 2150 610 2206 vestre
633 2139 698 2206 filii
721 2142 962 2206 Theotmarus²
979 2145 1176 2207 iuvavensis
1193 2141 1334 2206 ecclesie

59 2251 324 2334 archiepiscopus,
333 2250 446 2314 waldo
457 2249 683 2335 frisingensis
692 2249 928 2332 Erchenpald⁸
938 2252 1141 2332 eistatensis,
1152 2250 1335 2314 Zacharias

61 2357 282 2442 saebanensis4,
316 2358 407 2422 Tuto
440 2357 701 2441 radisponensis,
733 2356 919 2422 Richarius
953 2359 1163 2440 pataviensis
1195 2355 1334 2420 ecclesie

61 2467 196 2550 episcopi,
229 2488 294 2530 nec
318 2486 387 2530 non
410 2472 445 2528 et
468 2466 649 2530 universus
673 2464 783 2528 clerus
808 2463 1020 2548 populusque
1044 2464 1252 2528 christianus
1276 2485 1336 2546 per

61 2580 151 2636 totam
193 2574 358 2650 noricam,
397 2593 483 2656 qnae
522 2578 557 2634 et
597 2568 746 2634 bawarie
792 2577 1023 2654 conversatur,
1063 2591 1262 2654 prosperum
1299 2571 1336 2633 in

24 2719 27 2764 ι
62 2676 209 2744 salvatore
225 2685 346 2744 nostro
364 2685 573 2761 provectum,
597 2677 764 2742 catholice
782 2681 874 2761 pacis
890 2685 1123 2764 augmentum,
1140 2687 1174 2742 et
1191 2699 1336 2763 regnum

24 2767 27 2838 Ι
62 2796 196 2865 optamus
220 2788 406 2850 eternum.⁵
429 2785 696 2850 Antecessorum
718 2793 912 2850 vestrorum
946 2785 1094 2849 decretis
1126 2793 1161 2849 et
1194 2783 1337 2848 catholi-

24 2839 27 2936 Ι
62 2914 156 2957 corum
180 2904 322 2976 patrum
344 2893 517 2956 institutis
541 2891 736 2976 plenissime
760 2893 977 2958 instituimur
992 2895 1030 2956 in
1045 2892 1203 2956 omnibus
1219 2899 1337 2957 nostro

62 3001 229 3064 ministerio
269 2998 492 3064 sacerdotalil
529 2997 748 3064 obstantibus
787 3007 822 3062 et
860 2999 1124 3066 adversantibus
1158 3006 1336 3064 'romanum

62 3107 209 3188 appellare
255 3104 463 3189 pontificem,
501 3113 540 3170 ut
580 3106 671 3190 qnod
707 3105 750 3170 ad
789 3108 960 3171 unitatem
998 3106 1179 3171 concordie
1218 3115 1253 3170 et
1291 3105 1334 3170 ad

62 3213 228 3277 custodiam
256 3214 408 3296 pertinet
432 3211 622 3296 discipline,
645 3211 741 3276 nulla
765 3212 974 3278 dissensione
1006 3212 1167 3296 violetur,
1201 3215 1260 3278 sed
1293 3213 1337 3277 ab

63 3319 118 3399 ipso
139 3341 272 3385 summa
297 3321 491 3402 provisione
515 3319 726 3384 decernatur.
760 3319 985 3405 Nequaquam
1009 3328 1126 3385 autem
1156 3321 1335 3404 credimus,

64 3429 131 3508 quod
154 3433 266 3495 coacti
290 3429 433 3494 cottidie
457 3429 624 3511 audimus,
648 3439 688 3495 ut
712 3431 754 3494 de
778 3429 838 3495 illa
857 3439 975 3496 sancta
995 3439 1029 3496 et
1045 3431 1231 3514 apostolica
1249 3433 1336 3515 sede,

64 3555 111 3616 que
130 3538 226 3602 nobis
250 3535 474 3602 sacerdotalis
499 3543 610 3602 mater
641 3544 701 3620 est,
734 3539 917 3624 dignitatis
950 3552 984 3602 et
1018 3541 1116 3624 origo
1149 3539 1336 3604 christiane

65 3640 223 3729 religionis,
268 3642 471 3728 profluxerit
503 3645 681 3729 quippiam
713 3647 958 3729 perversitatis
1000 3647 1060 3710 sed
1102 3647 1259 3711 doctrina
1302 3657 1336 3713 et

24 3759 27 3826 Ι
65 3755 227 3816 auctoritas
252 3751 482 3816 ecclesiastice
515 3753 668 3816 rationis.
702 3753 768 3818 Sed
802 3760 981 3836 venerunt,
1015 3761 1054 3820 ut
1088 3757 1155 3837 ipsi
1189 3755 1337 3838 promul-

66 3868 219 3942 gaverunt,
260 3859 305 3922 de
344 3858 450 3923 latere
489 3867 606 3923 vestro
645 3867 715 3922 tres
753 3862 911 3944 episcopi,
949 3860 1113 3925 videlicet
1160 3862 1186 3927 J
1186 3863 1336 3927 ohannes

66 3964 326 4049 archiepiscopus,
342 3965 551 4030 Benedictus
569 3975 603 4030 et
620 3965 745 4030 Daniel
761 3969 926 4050 episcopm
942 3969 979 4031 in
995 3975 1123 4033 terram
1143 3970 1337 4035 sclavorum

66 4075 108 4151 qui
138 4073 274 4139 Mara-vi
315 4073 486 4156 dicuntur,
525 4097 591 4160 que
630 4074 768 4160 regibus
806 4080 933 4140 nostris
973 4085 1007 4140 et
1049 4079 1173 4162 populo
1219 4087 1337 4144 nostro

128 4301 207 4358 Batai
226 4303 347 4357 uernat
366 4304 443 4358 1051.
462 4320 501 4358 sz.
520 4303 562 4358 vi.
579 4303 597 4358 1.
794 4313 803 4340 ³
822 4301 908 4357 Bdcsi
928 4305 975 4358 k.:
995 4305 1229 4361 Erchenbaldus

24 4401 29 4514 p
132 4389 351 4466 Oldaljegyaet:
380 4393 440 4448 Hic
467 4395 639 4448 Dictmarus
794 4391 1181 4449 ‘Becsik.:Sebane1isis.

24 4515 27 4552 3
67 4475 92 4526 ab
128 4497 217 4535 rnone
249 4480 414 4552 archisepo.
451 4483 553 4536 iuvav.
590 4481 640 4535 vel
793 4480 855 4532 ΙΒ.
874 4481 921 4535 k.:
940 4486 1104 4537 aeternum.

24 4555 26 4566 ¹
67 4563 100 4616 &l
128 4569 303 4626 .Abecsin:
323 4571 388 4626 Ista
406 4571 531 4642 epistola
549 4572 640 4626 missa
794 4573 856 4628 ⁸B.
881 4573 927 4627 k.:
957 4575 1134 4627 sacerdotali
1162 4575 1336 4629 ministerio.

68 4650 100 4706 ιΙοΙ
137 4676 187 4730 ppe
205 4661 317 4716 ultima
335 4659 424 4716 debet
442 4677 513 4716 esse.
795 4673 804 4700 ¹
824 4663 856 4716 B.
875 4663 921 4717 k.:
942 4663 1080 4716 Danihel.
