3124 5216
1292 389 1357 454 765

62 583 262 647 Therasiam
301 585 504 666 praestitum
537 583 659 665 iuerat,
692 583 802 649 forma
836 585 1055 669 deposuisset,
1087 608 1127 649 ac
1160 587 1356 650 diaetaliter

61 689 274 754 faustissime
297 697 457 754 coronata
482 688 613 773 fuisset,
637 691 815 775 Legesque
836 691 960 775 Regni,
976 713 1016 755 ac
1039 691 1135 776 Jura,
1151 692 1354 775 Libertates,

61 807 96 862 ot
136 799 325 885 Privilegia
357 801 499 882 antiqua
532 821 567 862 se
598 799 856 864 observaturam
897 800 1083 864 clementer
1120 800 1356 882 spopondisset

61 909 177 969 visum
201 905 334 970 estSS.
358 912 392 968 et
417 904 684 970 00.Artieu10s
716 907 972 990 Diplomaticos,
996 927 1055 970 seu
1087 909 1199 989 ipsum
1222 929 1356 972 sacrum

60 1012 232 1096 Diploma,
255 1012 517 1098 Juramentique
541 1014 740 1077 Formulam
771 1013 1086 1078 Constitutionibus
1110 1015 1214 1078 inseri
1238 1017 1356 1079 inscri-

60 1117 166 1202 bique
190 1117 310 1200 facere,
334 1117 431 1202 cujus
450 1120 589 1204 quidem
605 1128 704 1184 tenor
719 1123 874 1204 sequitur
890 1122 927 1184 in
941 1120 1033 1184 hunc
1050 1122 1198 1186 modurn.
1214 1129 1277 1186 etc.
1293 1129 1356 1186 etc.

60 1347 247 1415 Articulus
271 1350 302 1416 3.
328 1349 380 1416 De
405 1351 696 1440 Inungurationa
722 1357 755 1418 et
779 1351 1017 1420 Coronclione
1045 1353 1155 1442 Regio
1180 1373 1261 1420 cum
1286 1355 1356 1421 sin-

160 1456 247 1544 9qu
270 1457 467 1546 Regiminis
491 1459 700 1542 mutatione,
725 1459 820 1526 inira
845 1465 1014 1526 semestre
1034 1460 1255 1549 peragenda.

170 1601 226 1665 Ad
260 1606 397 1687 penitus
430 1627 448 1668 e
485 1606 599 1669 medio
630 1605 821 1670 tollendum
854 1627 953 1670 omne
995 1605 1157 1689 Dubium,
1189 1606 1280 1690 quod
1314 1629 1355 1670 ex

59 1715 180 1771 tenore
227 1713 441 1794 quorundam
479 1713 663 1778 verborum
701 1716 870 1798 acceptati
911 1737 930 1777 a
970 1713 1207 1778 Sacratissima
1244 1715 1355 1798 Regia

57 1812 244 1896 Majestate
276 1827 311 1882 et
344 1821 516 1884 extradati
549 1821 756 1904 Diplomatis
789 1821 1015 1906 InauguraliS,
1054 1821 1096 1885 de
1127 1820 1355 1886 coronatione

59 1945 121 2004 per
144 1923 391 1991 haereditarios
410 1929 609 2014 Himgariae
633 1930 746 2015 Reges
769 1929 992 2012 suscipienda,
1010 1915 1129 1992 contra
1154 1927 1356 1992 fundamen·

58 2030 148 2094 tales
171 2032 285 2116 Regni
309 2035 418 2120 Leges
451 2036 628 2101 obmotum
656 2044 717 2120 est,
742 2035 912 2100 futurisve
944 2034 1156 2119 temporibus
1180 2035 1355 2099 obmoveri

57 2147 184 2221 posset,
209 2139 393 2204 clementer
415 2144 537 2206 annuit
570 2143 861 2227 Caesareo-Regia
889 2141 1088 2226 Apostolica
1112 2139 1284 2225 MajestaS,
1316 2150 1355 2205 ut

56 2245 286 2330 [neugmatio
306 2249 556 2333 Coronatioque
575 2251 695 2334 Regia,
712 2273 790 2314 cum
805 2250 941 2334 singula
951 2250 1145 2333 Regiminis
1155 2252 1355 2330 mutatione,

56 2355 153 2417 intra
177 2375 235 2417 sex
273 2357 441 2418 mensium
473 2378 492 2419 a
525 2357 581 2420 die
610 2356 724 2420 obitus
756 2356 912 2420 defuncti
943 2357 1050 2442 Regis
1083 2357 1354 2440 computandum

57 2463 219 2544 spatium,
243 2464 314 2525 ritu
337 2463 440 2547 legali
464 2466 624 2528 inamisse
648 2467 863 2548 suscipiatur,
878 2464 985 2528 salvis
1008 2472 1124 2527 tamen
1147 2463 1353 2526 intermedio

57 2577 213 2651 tempore
237 2568 394 2632 omnibus
417 2570 561 2634 Juribus
593 2571 814 2634 haereditarii
846 2572 961 2656 Regia,
989 2592 1076 2654 quae
1103 2571 1146 2634 ad
1172 2569 1355 2654 publicam,

56 2677 367 2759 constitutionique
400 2676 609 2742 conformem
650 2679 765 2763 Regni
788 2678 1137 2743 Administrationem
1170 2679 1354 2760 pertinent,

57 2783 166 2847 salvis
189 2804 258 2846 non
281 2787 395 2848 minus
418 2785 529 2849 eidem
552 2787 643 2869 Regi
676 2785 803 2849 debitis
827 2785 1030 2870 homagialis
1055 2784 1137 2848 fidei
1171 2783 1355 2867 obligatio·

56 2890 179 2972 nibus3
204 2891 470 2976 Privilegiorum
499 2893 723 2957 nihilominus
747 2893 938 2958 Collatione
971 2895 1195 2976 imposterum
1220 2915 1354 2978 quoque

57 3022 164 3083 penes
187 3000 293 3064 sclam
317 3000 471 3085 legitime
495 3009 690 3065 coronatam
714 3003 860 3086 Regiam
884 2999 1101 3084 Majestatem
1127 3023 1354 3084 permansura.

59 3211 244 3278 Articulus
273 3214 325 3280 10.
349 3213 402 3280 De
427 3214 700 3303 independentio
733 3214 846 3303 Regni
877 3213 1098 3302 Hungariae,
1123 3212 1357 3302 Portiumque

518 3323 632 3390 eidem
656 3343 895 3390 annexorum.

164 3466 258 3551 Erga
283 3467 463 3534 demissam
488 3470 649 3534 Statuam
673 3478 707 3534 et
732 3469 899 3534 Ordinum
927 3470 1042 3554 Regni
1074 3469 1354 3551 Propositionem,

57 3593 120 3636 sua
144 3594 278 3658 quoque
301 3573 464 3659 Majestas
488 3577 724 3642 Sacratissima
748 3577 895 3660 benigne
921 3596 1104 3661 agnoscere
1127 3575 1269 3659 dignata
1293 3581 1354 3656 ast,

56 3678 150 3763 quod
175 3679 256 3744 licet
281 3682 455 3747 Successio
480 3685 588 3747 Sexus
612 3683 772 3748 foeminei
796 3684 975 3768 Augustae
999 3681 1129 3745 Domus
1152 3679 1354 3744 Austriacae

58 3808 121 3869 per
143 3786 320 3853 Articulos
361 3791 388 3854 l.
412 3799 447 3854 et
480 3793 509 3854 2.
535 3793 630 3856 1723.
664 3795 701 3855 in
728 3793 849 3877 Regno
882 3791 1092 3875 Hungariae,
1124 3787 1354 3872 Partibusque

57 3893 172 3957 eidem
195 3895 338 3960 adnexis
362 3898 525 3983 stabilita,
549 3899 704 3983 eundem,
720 3921 820 3984 quem
838 3901 874 3962 in
890 3898 1030 3982 reliquis
1046 3897 1177 3980 Regnis
1194 3901 1228 3958 et
1244 3894 1354 3957 Ditio-

57 4001 183 4066 onibus
199 4003 445 4086 haereditariiS,
469 4007 506 4068 in
529 4012 563 4068 et
583 4013 680 4068 extra
703 4005 923 4069 Germaniam
940 4005 1025 4086 sitis,
1040 4001 1141 4086 juxta
1160 4001 1354 4066 stabilitum

58 4108 290 4174 Successionis
315 4111 479 4175 Ordinem
502 4111 776 4195 inseparabiliter
793 4134 832 4175 ac
855 4110 1116 4175 indivisibiliter
1133 4108 1354 4192 possidendis

58 4217 256 4302 Principem
280 4227 471 4301 concernat,
487 4220 668 4304 Hungaria
684 4220 908 4283 nihilominus
924 4242 1001 4284 cum
1018 4217 1180 4282 Partibus
1202 4217 1353 4299 adnexis,

59 4327 106 4387 sit
130 4325 291 4410 Regnum
314 4327 469 4410 liberum,
503 4337 537 4391 et
561 4329 667 4392 relata
690 4328 734 4392 ad
759 4335 868 4391 totam
901 4327 1046 4412 legalem
1069 4325 1262 4409 Regiminis
1287 4321 1354 4388 for-

59 4453 151 4495 mam
176 4433 255 4512 (huc
279 4435 465 4499 intellectis
498 4435 678 4520 quibusvis
702 4435 903 4500 Dieasteriis
937 4434 1019 4514 suis)
1044 4432 1284 4516 independens,
1317 4431 1351 4495 id

59 4545 112 4600 est
136 4539 223 4602 nulli
247 4541 347 4606 alteri
363 4543 485 4627 Regno
500 4553 561 4607 aut
585 4543 708 4626 populo
733 4541 927 4624 obnoxium,
947 4541 1004 4605 sed
1029 4542 1201 4623 propriam
1224 4537 1353 4603 habens

59 4645 338 4733 Consistentiam,
371 4660 406 4715 et
445 4652 746 4736 Constitutionem,
779 4651 920 4735 proinde
954 4673 973 4714 a
1005 4650 1159 4734 legitime
1192 4657 1353 4714 coronato
