3160 5212
216 337 283 400 ‘274

216 534 305 618 quod
331 556 385 598 res
408 536 480 616 ipsa
505 535 623 617 exigit,
640 530 919 616 belligerantium
936 553 1027 596 more
1052 533 1156 595 armis
1181 533 1396 594 resistentiae
1421 552 1519 613 prae·
1572 567 1574 590 3

216 643 331 720 cincti,
355 639 457 704 simul
481 647 515 704 et
540 641 670 722 pariter
693 661 850 722 campum
874 640 1097 724 egredientes,
1122 638 1252 702 rabidis
1277 641 1429 721 ipsorum
1450 639 1517 700 ini-

217 751 382 812 micorum
406 747 592 812 insultibus
616 744 756 810 obviare
780 753 883 831 atque
907 748 1074 824 resistere,
1098 767 1199 830 seque
1222 745 1353 810 eisdem
1376 751 1518 808 strenue

216 877 384 939 opponere
419 852 567 918 debeant·
590 862 625 916 et
654 852 900 937 obligarentur,
933 855 1130 937 mutuisque
1163 852 1301 916 auxiliis
1334 873 1406 915 sese
1441 872 1519 934 pro-

216 970 332 1047 tegere
357 965 428 1026 sint
452 968 650 1026 constanter
673 961 840 1024 adstricti.
869 959 947 1024 Tali
979 957 1114 1044 adjecto
1147 963 1183 1024 in
1206 960 1270 1024 hoo
1293 958 1426 1024 Ultimo
1451 957 1520 1024 Ar-

218 1069 324 1134 ticulo
345 1091 469 1152 poena:
493 1068 584 1155 quod
609 1071 738 1154 siquis
762 1091 821 1132 seu
845 1072 998 1154 quipiam
1023 1067 1178 1151 partibus
1201 1091 1243 1132 ex
1267 1071 1360 1150 ipsis,
1384 1067 1516 1132 scilicet

218 1176 411 1258 Nobilibus,
446 1175 571 1240 Siculis
604 1183 638 1240 et
672 1175 873 1242 Saxonibus.
913 1184 1033 1258 status
1067 1176 1259 1260 dignitatis,
1299 1175 1519 1254 conditionis,

219 1285 403 1368 privilegii,
429 1292 463 1350 et·
489 1286 776 1366 praeeminentiae
806 1281 1049 1368 cujuscumque
1073 1286 1127 1364 sit,
1151 1283 1205 1346 his
1229 1284 1423 1365 praemissis
1447 1303 1520 1346 om-

218 1391 320 1456 nibus
344 1396 499 1474 superius
522 1391 724 1472 articulatis
748 1399 806 1454 aut
837 1390 983 1474 singulis
1008 1393 1278 1472 praemissorum,
1303 1393 1339 1453 in
1362 1397 1435 1453 toto
1461 1389 1520 1452 vel

219 1503 255 1562 in
279 1499 393 1584 aliqua
418 1502 568 1582 ipsarum
594 1506 699 1580 parte.
732 1500 903 1582 exquisito
928 1501 1049 1582 quovis
1079 1497 1198 1580 colore,
1221 1505 1283 1561 aut
1307 1495 1397 1560 fictis
1421 1497 1521 1560 adin-

219 1605 449 1688 ventionibus⁷
476 1609 828 1689 praesumptioneque,
861 1627 921 1668 seu
950 1603 1036 1684 dolo,
1061 1609 1133 1668 sive
1157 1609 1354 1669 temeritate
1377 1604 1521 1690 quibus-

218 1716 272 1776 vis
291 1722 412 1792 motus,
432 1713 489 1778 vel
505 1716 591 1776 moti
607 1716 844 1776 contravenire
861 1714 1164 1796 attemptaverint!
1182 1716 1398 1796 praescripta,
1416 1712 1520 1776 modo

220 1841 286 1904 quo
312 1844 413 1904 supra
437 1821 649 1886 articulatim
674 1827 866 1904 connotata,
899 1827 958 1884 aut
995 1829 1337 1902 praeconnotatorum
1369 1819 1520 1884 alterum

220 1930 255 1990 in
280 1931 333 1992 sui
357 1938 453 2011 parte
479 1935 553 1992 tota
576 1927 632 1992 vel
665 1928 832 2012 singulari
872 1926 1061 2012 infringere
1094 1929 1282 2014 moliretur,
1316 1938 1399 1992 tunc
1427 1926 1523 2013 talis,

219 2059 278 2100 seu
301 2035 387 2100 tales
427 2033 664 2118 refragatores,
687 2043 853 2118 ruptores,
887 2037 1194 2117 contravenieutes,
1226 2043 1330 2120 atque
1358 2035 1400 2098 de
1425 2033 1524 2098 facto

219 2147 466 2208 contrariantes
500 2165 632 2206 summa
671 2141 830 2225 Capituli,
871 2165 1051 2226 rerumque
1085 2146 1246 2215 omnium,
1279 2165 1318 2206 ao
1351 2141 1524 2206 bonorum

218 2274 358 2316 suorum
382 2264 415 2314 et
441 2253 689 2332 possessionum
708 2253 888 2314 amissione
905 2271 944 2313 eo
961 2248 1052 2314 facto
1069 2253 1139 2314 sint
1158 2251 1336 2332 plectendi,
1352 2253 1526 2332 ipsorum-

218 2382 284 2444 que
300 2359 423 2424 talium
438 2357 601 2422 haeredes
618 2365 652 2421 et
671 2361 888 2438 posteritates
904 2356 1123 2422 exhaeredati
1141 2365 1303 2440 perpetuo
1317 2355 1526 2422 habeantur.

219 2477 253 2530 et
271 2466 374 2530 exilio
391 2465 543 2549 relegati,
561 2471 735 2548 praeterea
751 2486 884 2550 quoque
901 2465 1099 2548 homagium
1118 2464 1199 2528 talis
1222 2485 1281 2528 seu
1305 2463 1428 2526 talimn
1453 2463 1529 2526 ref-

219 2584 424 2658 ragatorum,
448 2583 480 2636 et
502 2571 744 2636 insultantium
761 2576 867 2636 trium
883 2580 1020 2636 tantum
1037 2573 1136 2636 modo
1153 2571 1370 2636 denariorum
1389 2569 1529 2654 simpli-

219 2685 311 2746 cium
336 2680 450 2744 valore
480 2679 701 2743 exsolvatur.⁴

325 2785 458 2864 Quibus
482 2786 623 2870 quidem
647 2784 864 2868 sessionibus
897 2785 1060 2868 articulis
1094 2795 1128 2848 et
1154 2788 1224 2848 suis
1247 2783 1456 2848 modificatis
1483 2797 1526 2849 ut

221 2919 322 2980 supra
347 2894 517 2976 clausulis
552 2917 612 2976 per
645 2896 918 2976 praenominatos
952 2891 1101 2975 Nobiles
1135 2891 1276 2974 Siculos,
1309 2899 1344 2954 et
1368 2891 1530 2955 Saxones

150 3021 152 3024 ·
221 3008 398 3068 incorum
422 3025 460 3066 ac
484 3005 593 3066 totius
626 3001 875 3068 Universitatis
908 2999 1095 3082 Nobilium,
1130 2999 1323 3064 Siculorum
1356 3007 1390 3062 et
1416 2999 1530 3062 Saxo-

221 3133 304 3176 num
327 3109 431 3194 hujus
464 3112 562 3192 regni
597 3111 757 3191 personis
797 3115 830 3171 et
870 3107 1076 3174 nominibus,
1109 3119 1147 3171 ut
1183 3105 1376 3190 praefertur
1408 3105 1530 3174 fact-is.

222 3220 326 3284 iidem
350 3218 468 3281 literas
493 3225 627 3280 nostras
652 3213 884 3298 privilegiales
913 3214 1028 3298 sigillo
1052 3223 1169 3278 nostro
1193 3217 1430 3294 communitas,
1455 3214 1531 3278 sibi

221 3329 305 3408 ipsis
328 3347 458 3390 summe
483 3326 688 3388 necessarias
723 3344 781 3403 per
813 3343 874 3384 nos
908 3322 984 3385 dari
1016 3324 1259 3385 instantissimi
1293 3319 1532 3404 postularunt.

222 3435 314 3510 Qiaas
339 3455 400 3496 nos
424 3433 553 3496 eisdem
573 3429 674 3513 juxta
708 3451 825 3492 cortun
860 3432 1043 3512 petitiones
1066 3431 1193 3492 rationi
1217 3449 1380 3492 consonas
1404 3427 1534 3513 Sigilli

222 3545 332 3606 nostri
356 3540 537 3623 pendentis
569 3547 603 3601 et
638 3536 831 3600 authentici
870 3539 1058 3600 munimine
1097 3535 1243 3600 vallatas
1267 3535 1398 3600 dandas
1422 3535 1534 3601 duxi-

223 3671 307 3730 mus,
341 3658 374 3712 et
411 3645 643 3710 concedendas
683 3648 719 3708 in
751 3643 864 3726 fidem,
905 3654 938 3706 et
979 3647 1215 3707 testimonium
1249 3646 1533 3726 praemissorum.

222 3756 351 3819 Datum
377 3755 463 3818 feria
487 3753 634 3818 secunda
661 3755 814 3834 proximo
848 3760 927 3814 ante
962 3751 1088 3814 festum
1113 3750 1232 3814 beatae
1256 3751 1429 3814 Barbarae
1453 3755 1535 3816 vir-

222 3866 323 3946 ginis.
356 3861 459 3926 Anno
492 3861 633 3924 Domini
674 3859 768 3922 1459.
809 3857 1073 3922 Venerabilibus
1106 3857 1455 3942 Honorabilibusque,
1491 3867 1534 3922 et

222 3969 389 4033 Discretis
412 3971 498 4032 viris
522 3967 717 4032 Gotthardo
741 3966 940 4046 Praeposito
964 3971 1080 4029 nostro
1107 3968 1373 4046 praenominata
1387 3963 1537 4030 Antoni

223 4078 448 4142 Decretorum
472 4075 620 4140 Doctore
644 4073 801 4147 (lentore,
835 4073 975 4136 Matheo
1009 4073 1169 4136 similiter
1201 4073 1427 4136 Decretorum
1457 4073 1538 4138 Do-

223 4193 316 4248 ctore
341 4183 501 4266 Custode,
525 4182 683 4246 Emerioo
715 4180 968 4244 Archidiaoono
1001 4179 1043 4243 de
1076 4179 1215 4245 Thorda
1243 4179 1388 4263 DecanO,
1412 4189 1538 4248 caete-

224 4295 338 4378 risque
363 4292 546 4355 Oanoniois
571 4290 683 4352 dictae
708 4287 880 4352 Ecclesiae
915 4295 1050 4351 nostrae
1075 4287 1261 4352 salubriter
1284 4288 1539 4372 existentibus,

223 4412 257 4464 et
281 4401 414 4464 devote.

332 4565 342 4592 ¹
362 4555 389 4609 A
408 4553 573 4624 tdrvcnyen
593 4553 679 4606 kivol
699 4550 896 4622 helyezeisuek
916 4551 986 4605 t'clel
1006 4569 1081 4622 areg.

768 4717 981 4724 ψ..-
