3142 5214
209 347 276 412 570

315 545 497 610 Praeterea
513 551 594 609 sunt
609 546 647 610 in
662 565 768 630 reguo
791 543 904 608 adhuc
927 543 995 608 alia
1017 547 1124 610 etiam
1143 546 1257 610 media
1275 565 1337 610 nos
1356 541 1508 628 juvandi

207 659 247 715 ut
270 658 352 716 sunt
378 652 548 735 Decimae,
580 650 773 736 dequibus
795 673 897 736 supra
928 654 1044 736 etiam,
1075 673 1161 738 quas
1182 653 1228 719 ab
1250 652 1508 718 Ecclesiasticis

207 757 376 822 arendant
400 759 589 824 saeculares
613 761 750 843 proprio
772 759 868 824 lucro
891 758 1075 842 inhiantes,
1098 781 1185 844 quae
1203 762 1234 825 si
1250 782 1311 844 pro
1335 758 1508 824 Confiniis

207 873 456 948 comparentur,
487 863 674 950 Statusque
705 864 968 930 Ecclesiasticus
1000 868 1194 950 antiquitus
1226 865 1329 932 solita
1360 865 1507 930 urenda-

207 976 302 1038 tione
326 973 517 1038 liberaliter
539 972 721 1038 observata
744 994 800 1038 eas
824 995 885 1056 pro
908 972 1076 1040 Oonfiniis
1099 977 1240 1040 remotis
1264 975 1412 1058 privatis
1431 994 1508 1056 per-

207 1084 299 1146 sonis
330 1080 521 1164 arandaret,
553 1089 763 1146 excresceret
794 1083 832 1146 in
855 1088 993 1146 tantum
1025 1081 1160 1148 lucrum
1192 1081 1437 1163 confiniorum,
1464 1087 1508 1144 ut

192 1210 278 1254 Ι11011
301 1188 412 1253 solum
435 1191 502 1272 ipsi
525 1187 736 1272 Confiniarii,
760 1210 821 1272 pro
844 1189 970 1274 quibus
993 1211 1086 1255 nunc
1108 1213 1152 1254 ex
1166 1187 1406 1274 adjacentibus
1430 1207 1508 1271 pro-

208 1297 333 1360 vinciis
356 1317 434 1360 cum
457 1299 607 1362 maximo
630 1295 746 1362 labore
769 1304 805 1361 et
827 1297 952 1362 damno
976 1297 1064 1362 Suae
1087 1297 1134 1362 M.
1154 1299 1208 1378 (ut
1223 1295 1266 1360 de
1281 1295 1347 1364 hoc
1362 1295 1507 1359 memini

208 1405 314 1468 etiam
337 1403 506 1486 superius)
538 1404 704 1468 victualia
738 1407 977 1486 importantur,
1007 1403 1072 1469 hoc
1094 1404 1196 1470 modo
1219 1403 1435 1468 sufficienter
1457 1400 1508 1466 ali

210 1517 356 1594 possent,
379 1509 439 1574 sed
462 1511 630 1576 etiamen
652 1514 749 1595 copia
765 1519 801 1576 et
816 1513 1017 1576 venditione
1041 1511 1303 1593 frumentorum,
1326 1532 1370 1574 ex
1388 1510 1508 1573 istius-

209 1617 302 1683 modi
316 1618 544 1682 decimatione
568 1625 851 1702 comparatorum,
873 1618 931 1683 vel
947 1621 1128 1702 pecuniam
1142 1621 1180 1684 in
1204 1616 1361 1702 partibus
1383 1637 1508 1702 aggre-

207 1726 292 1810 gari,
310 1723 367 1788 vel
382 1746 425 1790 ex
441 1727 709 1790 commutatione
733 1723 827 1792 facta
850 1729 989 1792 rusticis
1003 1747 1122 1792 eorum
1138 1725 1392 1790 frumentorum
1408 1741 1509 1788 reno-

208 1835 303 1898 vatio
326 1832 429 1902 valde
452 1833 620 1900 Oonfiniis
642 1833 741 1898 utilis
763 1841 799 1899 et
822 1837 1013 1900 necessaria
1035 1833 1111 1900 fieri
1135 1839 1257 1918 posset.

315 1939 405 2006 Sunt
427 1942 533 2006 etiam
560 1941 708 2006 educilla
731 1943 769 2007 in
792 1941 968 2026 Confiniis,
1000 1963 1088 2027 quae
1112 1941 1177 2008 hoo
1202 1960 1317 2004 rerum
1350 1945 1509 2020 tempore

208 2049 379 2131 capitanei
416 2048 600 2132 possident,
633 2069 696 2113 nec
736 2051 809 2114 sine
850 2069 951 2113 causa
990 2067 1069 2113 cum
1106 2047 1276 2114 solutione
1314 2041 1509 2109 sufficienti

207 2161 371 2237 (arentes,
404 2157 472 2219 nisi
495 2175 531 2219 se
553 2154 648 2222 lucro
680 2157 846 2222 similium
875 2157 1091 2222 occasionum
1114 2160 1319 2234 sustentent,
1343 2153 1404 2216 vix
1429 2173 1509 2234 per·

208 2263 345 2326 sistunt.
378 2259 417 2326 Si
449 2267 566 2326 tamen
598 2261 818 2328 Oonfiniariis
849 2263 969 2328 debita
1000 2269 1233 2346 praestaretur
1267 2259 1402 2342 solutio,
1433 2279 1509 2322 nou

207 2377 297 2432 esset
319 2375 360 2432 ut
383 2375 676 2453 conquererentur
697 2370 740 2435 de
763 2369 889 2436 ablatis
911 2369 1078 2435 educillis.
1100 2368 1191 2436 Cum
1213 2369 1384 2453 igiturex
1403 2365 1509 2430 Deci-

208 2478 357 2539 matione
380 2477 541 2540 vinorum
563 2477 665 2541 modo
688 2480 843 2561 superius
866 2478 1039 2542 declarato
1064 2477 1188 2541 ceteris
1207 2473 1375 2539 Confiuiis
1393 2471 1509 2556 appli-

207 2581 325 2664 canda,
348 2589 402 2646 sat
426 2604 559 2668 magua,
583 2586 744 2650 vinorum
768 2587 865 2668 copia
897 2603 958 2667 pro
991 2585 1114 2650 iisdem
1146 2581 1314 2648 Confiniis
1347 2579 1508 2644 cederet:

207 2711 250 2752 ex
265 2688 361 2753 lucro
380 2691 577 2756 istiusmodi
591 2690 856 2774 Decimatorum,
879 2691 1210 2775 educillatorumque
1226 2692 1388 2754 vinorum
1402 2689 1509 2772 quin-

208 2798 385 2881 quaginta,
413 2800 602 2883 sexaginta,
629 2801 740 2863 ausim
762 2799 875 2862 dicere
899 2805 1037 2863 centum
1061 2797 1171 2862 millia
1193 2796 1400 2862 florenorum
1428 2815 1508 2878 per-

208 2901 310 2966 facile
334 2924 395 2986 pro
419 2902 655 2969 Confiniorum
677 2905 880 2968 necessitate
903 2905 1106 2990 congregari
1130 2913 1276 2988 possent.

315 3007 456 3075 Adsunt
483 3014 589 3076 etiam
613 3015 649 3076 in
671 3011 794 3098 Regno
819 3015 934 3076 variae
965 3019 1169 3096 quaesturae
1191 3019 1228 3078 et
1250 3013 1507 3098 negotiationes

206 3116 250 3182 ad
269 3137 409 3182 usuram
431 3121 623 3203 institutae,
645 3118 770 3204 quibus
788 3122 987 3185 sauciantur
1012 3123 1141 3204 privati
1161 3142 1198 3186 se
1221 3122 1506 3206 impignorautes,

207 3229 243 3288 et
266 3244 406 3290 usuram
428 3230 534 3292 etiam
560 3226 799 3310 persolventes.
822 3227 891 3305 Qui
922 3227 1044 3292 modus
1076 3230 1322 3314 negotiationis
1353 3229 1384 3292 si
1412 3247 1506 3292 com·
1567 3237 1568 3240 ’

208 3333 407 3396 mitteretur
422 3336 483 3398 uni
502 3333 558 3398 vel
582 3331 738 3416 pluribus
753 3336 792 3398 in
806 3355 907 3398 usum
929 3341 965 3400 et
988 3333 1122 3400 lucrum
1146 3333 1305 3416 Oonfinii,
1328 3333 1505 3398 ordinare-

207 3447 331 3524 turque
364 3441 485 3505 modus
516 3443 772 3527 negotiationis,
805 3448 840 3506 et
873 3441 966 3506 facta
998 3446 1104 3508 etiam
1137 3441 1368 3527 prohibitione
1399 3443 1438 3506 in
1463 3462 1504 3506 eo

207 3567 341 3630 genere,
379 3550 526 3612 maxime
565 3547 677 3632 quoad
712 3553 908 3632 quaestores
943 3546 1064 3630 boum;
1097 3552 1229 3614 nemini
1267 3547 1414 3614 dubium
1445 3550 1503 3628 sit,

207 3653 317 3717 multa
340 3657 446 3718 etiam
476 3655 586 3720 millia
608 3654 673 3720 hac
696 3658 829 3720 ratione
859 3657 1020 3722 accedere
1044 3678 1140 3740 posse
1163 3659 1208 3722 ad
1231 3657 1503 3722 emolumentum

207 3759 450 3825 confiniorum.
473 3763 564 3828 Nota
588 3769 641 3827 est
664 3761 812 3827 facultas
837 3765 989 3830 testandi
1012 3763 1238 3830 Dominorum
1262 3763 1503 3830 Praelatorum

206 3868 288 3931 data
308 3889 368 3950 per
385 3865 660 3955 Angustissimae
683 3871 870 3936 Memoriae
894 3872 1018 3956 Imper.
1033 3879 1069 3936 et
1084 3872 1218 3958 Regem
1240 3873 1503 3938 Ferdinandum

206 3973 251 4039 H.
268 3974 351 4039 dum
366 3981 406 4040 ut
422 3979 586 4042 nimirum
610 3999 776 4043 memores
799 3982 870 4044 sint
894 3979 935 4044 D.
959 3979 1110 4046 Praelati
1134 3983 1171 4044 in
1187 3984 1258 4046 suis
1281 3985 1503 4046 testamentis

205 4084 312 4146 etiam
335 4081 578 4150 Confiniorum.
602 4084 690 4150 Oum
707 4088 818 4171 igitur
833 4091 1065 4154 concessiones
1082 4090 1155 4152 sine
1171 4092 1372 4154 executione
1390 4111 1502 4154 vanae

206 4197 427 4274 reputentur:
452 4197 492 4255 ut
515 4194 552 4256 in
571 4191 634 4258 hoc
657 4216 783 4278 genere
806 4199 912 4260 etiam
935 4196 977 4260 D.
1001 4196 1153 4261 Praelati
1176 4195 1394 4264 satisfaciant
1413 4196 1502 4262 Gon·

205 4298 350 4360 cessioni
362 4303 398 4361 et
412 4296 581 4383 benignae
604 4305 812 4366 annuentiae
835 4303 966 4389 Regiae
990 4301 1194 4388 Majestatis,
1216 4306 1372 4389 aequitas
1388 4308 1503 4390 requi-

205 4406 261 4486 rit,
284 4406 344 4488 qui
368 4407 397 4468 si
421 4405 522 4469 modo
552 4405 718 4473 hactenus
740 4409 785 4474 ab
808 4413 882 4494 ipsa
901 4411 1023 4476 ‘solum
1054 4415 1271 4478 emanatione
1303 4412 1502 4479 Literarum

205 4511 519 4578 Concessionalium
552 4512 640 4578 Suae
673 4515 719 4580 M.
751 4516 919 4581 decimam
952 4519 1134 4586 dumtaxat
1166 4527 1300 4604 partem
1333 4520 1503 4588 bonorum

129 4679 132 4688 ,
205 4638 352 4702 errorum,
376 4641 463 4703 quae
488 4620 641 4705 alioquin
666 4625 772 4687 etiam
795 4623 987 4708 relinquere
1012 4625 1214 4711 debuerunt,
1240 4648 1300 4711 pro
1324 4627 1504 4692 111110011-
