3192 5214
1339 364 1383 428 93

198 557 477 642 1.Τ1111111111111
511 561 662 642 piissimi·
689 563 779 648 regis
812 561 1009 626 Ladisclavi
1042 581 1159 626 omnes
1191 581 1253 626 nos
1284 563 1383 648 regni

83 667 280 732 Pannonici
303 667 488 748 optimates
511 669 549 731 in
571 667 691 733 Monte
705 674 833 734 sancto
847 666 992 732 fecimus
1007 673 1206 752 conventus,
1222 675 1257 732 et
1273 671 1384 754 quesi-

82 777 202 838 vimus
225 772 377 858 qualiter
398 773 566 840 malorum
589 774 768 840 hominum
799 774 1051 858 impedirentur
1072 775 1189 840 studia
1211 783 1246 841 et
1269 780 1384 862 gentis

84 891 204 946 nostre
223 881 468 963 expedirentur
485 884 637 967 negocia.
661 883 778 948 Primo
797 884 951 948 omnium
969 883 1190 947 iureiurando
1205 887 1384 950 constitui-

84 1011 162 1054 mus
179 995 220 1052 ut
237 987 483 1072 qualiscunque
500 991 675 1071 proximus
691 990 886 1072 principum
901 990 1109 1072 reperiretur
1124 991 1163 1055 in
1178 987 1266 1056 furti
1284 991 1384 1074 culpa

10 1185 13 1190 Ι
85 1097 181 1162 ultra
206 1096 359 1178 precium
382 1095 598 1181 gallinarum,
622 1097 819 1168 nullatenus
844 1099 950 1180 possit
977 1096 1141 1162 abscondi
1164 1098 1221 1163 vel
1243 1097 1385 1165 defendi

84 1227 104 1267 a
138 1201 296 1289 quolibet
325 1223 450 1268 eorum.
484 1203 621 1271 Placuit
654 1225 788 1290 quoque
821 1212 861 1268 ut
893 1206 959 1270 iste
983 1201 1049 1286 fur,
1071 1205 1139 1268 nisi
1162 1205 1325 1270 ceciderit
1348 1208 1386 1272 in

1 1357 3 1366 .
84 1311 275 1394 ecclesiam,
286 1311 524 1394 suspendatur,
540 1318 575 1376 et
591 1314 701 1378 omnis
717 1311 850 1377 familia
866 1312 1035 1394 depereat.
1051 1311 1145 1378 Etsi
1161 1313 1385 1396 inprudencia

85 1422 160 1484 eius
184 1421 246 1505 qui
269 1426 406 1501 ceperat
438 1439 524 1502 eum,
558 1422 707 1485 evaserit
739 1423 776 1484 in
799 1419 977 1484 ecclesiam
1000 1420 1057 1484 vel
1080 1421 1117 1484 in
1140 1422 1271 1485 curiam
1294 1425 1385 1507 regis

86 1528 143 1592 vel
166 1528 213 1592 ad
237 1528 340 1610 pedes
362 1528 521 1610 episcopi,
545 1536 660 1594 careat
683 1529 743 1614 qui
765 1549 834 1594 11111
858 1530 952 1593 cavit
975 1529 1218 1594 vendicacione
1243 1527 1338 1612 furti,
1355 1531 1384 1594 si

86 1637 127 1700 de
152 1657 259 1700 manu
282 1635 491 1700 fideiussoris
514 1639 671 1719 evaserit,
688 1637 730 1701 de
747 1635 902 1719 patibulo
918 1637 1058 1720 quidem
1074 1635 1247 1718 liberatus,
1264 1659 1386 1702 verum

85 1754 206 1808 tamen
238 1765 316 1807 cum
349 1743 467 1808 eodem
499 1742 696 1808 fideiussore
729 1745 767 1808 in
798 1743 902 1808 aliam
940 1745 1115 1827 regionem
1146 1744 1385 1826 venumdetur,

85 1862 120 1916 et
145 1850 237 1915 bona
261 1851 500 1935 ipsius‘regali
523 1849 604 1916 fisco
627 1853 863 1917 vendicentur.

197 1959 227 2024 2.
251 1954 304 2022 De
321 1953 424 2042 furto
447 1954 551 2022 serui.
577 1957 614 2024 Si
638 1979 756 2024 servus
780 1958 838 2022 fur
860 1959 1023 2022 inventus
1047 1955 1161 2040 fuerit,
1185 1979 1255 2022 non
1279 1959 1386 2040 possit

88 2068 203 2148 precio
237 2066 442 2129 commutari
473 2087 576 2129 nasus
609 2067 682 2130 eius
713 2066 781 2130 nisi
814 2065 977 2129 ceciderit
1009 2065 1047 2128 in
1069 2065 1247 2130 ecclesiam
1269 2065 1326 2130 vel
1349 2067 1386 2128 in

87 2176 221 2238 curiam
246 2177 337 2258 regis
359 2174 416 2239 vel
439 2175 483 2239 ad
507 2174 609 2256 pedes
632 2177 790 2258 episcopi.
814 2175 861 2238 Et
885 2176 914 2238 si
938 2173 1110 2256 ceciderit,
1134 2183 1248 2238 careat
1272 2179 1386 2242 custos

87 2283 161 2346 eius
178 2280 424 2346 vendicacione
443 2279 539 2346 furti.
563 2280 697 2346 811111
716 2281 863 2345 secundo
881 2287 1001 2364 captus
1018 2278 1134 2363 fuerit,
1150 2281 1386 2364 suspendatur.

1 2369 2 2400 ³
196 2385 227 2453 3.
251 2383 303 2451 De
329 2383 503 2473 liyacione
522 2381 629 2470 furia.
655 2388 692 2452 Si
715 2390 792 2473 quis
810 2395 927 2452 autem
943 2385 1056 2452 furem
1072 2387 1244 2472 ligaverit,
1260 2387 1386 2452 habeat

90 2502 299 2576 potestatem
318 2515 397 2558 eum
421 2494 554 2580 ligandi
577 2501 612 2558 11
636 2493 784 2558 ducendi
800 2494 844 2558 ad
860 2494 1018 2578 iudicem,
1042 2495 1114 2558 sive
1139 2495 1228 2557 iuste
1245 2496 1317 2558 sive
1334 2495 1384 2558 in-

1 2655 3 2684 ,
88 2604 178 2665 iuste
202 2600 375 2685 ligaverit.
400 2599 436 2668 81
459 2606 576 2664 autem
599 2621 678 2664 eum
700 2599 809 2684 ligare
833 2601 962 2684 siquis
987 2598 1191 2682 prohiberet,
1213 2600 1385 2684 persolvat

88 2707 160 2772 LV.
185 2729 317 2790 pensas,
340 2715 375 2772 et
398 2709 542 2772 eandem
565 2729 691 2771 noxam
713 2708 836 2772 reddat
859 2709 896 2770 in
919 2707 1092 2792 ligamine.
1185 2779 1187 2786 Α

198 2816 230 2879 4.
254 2811 307 2893 Dc
326 2813 549 2900 puryacione
579 2809 680 2900 furii.
715 2813 752 2882 81
784 2817 980 2900 quempiam
1013 2815 1160 2899 denique
1194 2823 1267 2879 tota
1300 2815 1384 2880 villa

89 2923 204 2988 furem
241 2943 314 2985 esse
355 2921 627 3005 proclamaverit,
670 2921 833 3006 probetur
871 2923 999 2988 iudicio
1038 2922 1129 2986 unde
1168 2925 1197 2986 si
1236 2921 1386 2988 mundus

1 3112 2 3120 ,
89 3031 298 3115 apparuerit,
331 3029 504 3112 persolvat
537 3029 749 3095 solummodo
781 3050 886 3096 unam
920 3053 1059 3114 pensam
1101 3029 1310 3115 presbytero
1350 3031 1386 3094 81

89 3147 207 3203 autem
240 3159 326 3221 reus,
360 3139 469 3202 omnis
501 3138 697 3220 substancia
730 3141 803 3202 eius
836 3139 1034 3204 vindicetur
1064 3127 1147 3224 regi,
1171 3139 1262 3202 unde
1286 3138 1388 3203 detur

8 3303 15 3320 ,
89 3246 147 3310 IV.
166 3267 245 3329 1111
264 3245 412 3310 villania.
429 3245 564 3312 811111
580 3246 730 3331 aliquem
747 3246 970 3328 personaliter
986 3245 1098 3310 furem
1114 3268 1186 3309 esse
1204 3245 1388 3328 proclama·

92 3356 190 3434 verit,
225 3355 397 3437 accipiant
428 3373 533 3418 unam
566 3375 713 3437 pensam.
747 3354 783 3418 81
816 3361 931 3418 eutem
963 3375 1032 3416 una
1065 3375 1142 3438 pars
1174 3353 1387 3416 accusaverit

91 3461 213 3543 furem,
245 3460 313 3524 alia
345 3482 427 3525 vero
461 3459 664 3543 defenderit,
696 3481 765 3524 non
797 3462 984 3543 recipiatur
1016 3481 1133 3523 corum
1165 3458 1318 3524 defensio
1353 3467 1387 3523 et

92 3567 236 3652 probat-c
269 3567 346 3632 fure
377 3569 514 3652 iudici0,
548 3570 577 3632 si
609 3567 791 3650 culpabilis
820 3565 926 3631 fuerit
950 3569 1121 3650 inventus,
1146 3587 1216 3632 non
1238 3565 1387 3631 habeant

92 3685 226 3759 partem
248 3677 285 3738 in
309 3682 432 3760 quarta
456 3683 553 3758 parte
576 3676 832 3739 vindicacionis.

200 3782 230 3846 5.
254 3777 307 3845 De
341 3777 567 3866 inquisitione
596 3775 730 3866 furtive
762 3779 825 3844 rei.
873 3780 911 3844 81
942 3783 1019 3865 quis
1051 3781 1201 3864 vestigia
1233 3781 1389 3864 sequitur

14 3903 19 3920 '
92 3888 224 3955 furtive
253 3890 312 3972 rei,
334 3891 501 3953 nuncium
524 3891 703 3972 premittat
726 3891 763 3952 in
786 3887 915 3970 villam,
948 3891 985 3952 in
1016 3911 1119 3974 quam
1143 3889 1300 3973 dirigrmt
1332 3909 1389 3952 ve-

91 4000 196 4084 stigia
229 4019 272 4061 ne
304 3996 510 4061 excutiendo
549 3997 676 4061 bestias
716 4017 802 4080 suas,
841 3996 1045 4081 perturbent
1082 3995 1205 4060 villani
1239 3997 1389 4078 vestigia

92 4105 274 4191 sequenda.
305 4103 403 4181 Quod
428 4106 458 4167 si
480 4105 729 4167 contumaciter
754 4101 908 4186 fecerint,
933 4105 1083 4186 perditas
1106 4125 1159 4166 res
1182 4102 1388 4185 persolvant.

1 4195 17 4262 ,³
93 4214 129 4280 Si
151 4221 270 4277 autem
294 4213 492 4296 priusquam
519 4212 665 4274 nuncius
697 4213 832 4276 venerit
863 4211 986 4276 villani
1020 4211 1230 4273 excusserint
1262 4207 1389 4272 bestias

1 4339 2 4392 ff
92 4343 178 4403 suas,
196 4329 274 4384 tum
297 4319 563 4404 investigatores
587 4325 845 4400 perscrutentur
864 4318 1017 4402 singulas
1034 4319 1151 4382 domos
1164 4324 1204 4382 ut
1220 4317 1303 4398 ipsis
1319 4315 1389 4398 pla-

93 4431 211 4493 cuerit.
236 4427 274 4493 Si
296 4429 353 4491 cui
370 4428 509 4511 perierit
525 4447 587 4509 res,
604 4433 660 4488 eat
676 4447 755 4490 cum
771 4424 918 4490 testibus
935 4426 1066 4489 idoneis
1083 4425 1291 4508 investigare
1308 4443 1389 4504 11111,

93 4532 153 4598 ubi
176 4535 354 4618 putaverit
377 4550 449 4598 esse
473 4539 507 4597 et
531 4533 561 4596 si
585 4529 779 4614 prohibitus
803 4530 918 4614 fuerit,
942 4529 1170 4612 prohibitores
1203 4528 1390 4613 probentur

92 4641 229 4724 iudieiO,
261 4647 297 4704 et
322 4641 352 4704 si
374 4637 562 4722 culpabiles
586 4636 702 4702 effecti
726 4637 865 4720 fuerint,
889 4645 1030 4720 pereant
1054 4645 1093 4702 ut
1117 4635 1219 4702 fures.
1248 4635 1285 4702 81
1307 4655 1389 4700 1111
