3144 5218
220 377 286 444 486

328 580 381 644 Ad
405 585 573 661 qrurrtum.
597 579 800 662 Supplicant
824 581 936 645 adhuc
959 579 1152 666 regnicolae
1177 601 1256 643 suae
1271 577 1458 664 majestati,
1478 590 1517 646 ut

220 707 379 750 coronam
395 687 432 749 in
450 707 595 771 regnum
619 687 820 772 Hungariae
843 689 1029 752 Posonium
1053 693 1129 771 post
1153 694 1307 771 tempora
1333 691 1517 772 pacatiora,

219 815 312 857 more
336 793 483 856 aliorum
506 813 688 877 regnorum
713 793 821 877 solito,
845 796 1012 859 reducat.⁵

328 900 381 965 Aa
405 901 570 982 cerintum.
594 900 646 964 De
670 899 905 985 Thesaurario,
929 909 1045 966 manet
1072 923 1208 988 quoque
1239 905 1305 966 iste
1338 902 1518 984 articulus

220 1007 406 1070 secundum
432 1005 532 1088 primi
564 1013 733 1070 tractatus
767 1007 1036 1073 Conclusionem.
1059 1009 1157 1086 Quod
1182 1009 1416 1073 thesaurarius
1440 1012 1517 1088 iste,

220 1115 292 1176 sive
331 1113 387 1176 hic
419 1113 604 1195 Perceptor
637 1121 865 1196 proventuum
899 1117 1079 1198 regiorum,
1112 1117 1185 1179 sive
1219 1114 1421 1198 praefectus
1455 1124 1517 1179 aut

219 1223 341 1304 quovis
364 1221 431 1284 alio
455 1223 591 1284 nomine
614 1221 815 1306 appelletur,
838 1245 916 1286 cum
939 1223 1016 1286 aliis
1039 1221 1106 1286 sibi
1129 1219 1311 1307 adjunctis,
1330 1226 1367 1286 in
1383 1222 1515 1286 nullam

220 1335 353 1410 partem
376 1329 634 1413 gubernationis
658 1333 757 1414 regni
779 1352 850 1393 sese
874 1331 1081 1411 immisceat,
1106 1331 1165 1394 sed
1197 1333 1309 1416 regios
1342 1330 1517 1394 duntaxat

219 1443 254 1497 et
278 1455 420 1499 coronae
444 1442 630 1518 proventus
654 1443 758 1501 curet.
783 1437 944 1514 Quinimo
967 1445 1007 1500 ut
1031 1437 1190 1520 deinceps
1213 1439 1326 1501 nativi
1353 1435 1515 1521 Hungari

219 1563 352 1624 semper
390 1548 425 1604 et
463 1541 631 1606 seculares
663 1543 845 1627 eligantur,
878 1542 1075 1606 conclusum
1108 1551 1169 1606 est.
1203 1541 1300 1606 Sicut
1331 1545 1439 1608 etiam
1472 1543 1514 1606 ad

219 1646 490 1712 contributiones
514 1647 667 1732 publicas
691 1648 892 1732 regnicolae,
920 1650 963 1714 ad
996 1649 1137 1712 modum
1169 1655 1270 1713 antea
1302 1658 1516 1732 consuetum,

219 1761 432 1837 perceptores
456 1777 517 1818 seu
540 1755 717 1839 dicatores,
740 1777 824 1840 quos
848 1756 970 1820 volunt
994 1755 1118 1820 habere
1143 1763 1177 1820 et
1197 1757 1322 1841 eligere
1342 1765 1516 1840 poterunt..

218 1860 316 1938 Quod
340 1861 458 1926 ambos
481 1863 685 1926 reverendos
709 1865 892 1946 episcopos,
916 1861 1119 1947 Agriensem
1137 1886 1259 1947 nempe
1275 1871 1310 1928 et
1326 1865 1517 1929 Varadien-

218 1993 298 2052 sem,
322 1971 513 2048 concernit;
547 1971 606 2032 isti
630 1971 812 2034 interime
845 1993 950 2055 regno
982 1971 1223 2054 abstinebunt;
1255 1973 1362 2037 donec
1396 1995 1516 2038 eorum

218 2098 318 2140 causa
342 2076 456 2138 decisa
481 2075 536 2138 vel
559 2075 643 2139 alias
668 2079 855 2159 composita
879 2075 993 2141 fuerit.
1027 2078 1080 2142 Ad
1105 2083 1242 2146 sentum
1274 2080 1415 2144 Maneat
1449 2084 1516 2146 iste

218 2203 353 2267 quoque
391 2181 565 2263 articulus,
604 2191 705 2246 antea
743 2183 930 2246 conclusus
969 2185 1022 2248 Ne
1055 2184 1086 2248 S.
1120 2184 1156 2248 O.
1188 2187 1288 2270 une
1321 2185 1517 2270 majestatis

218 2289 424 2352 authoritati
448 2297 482 2352 et
507 2291 669 2371 potestati
693 2293 870 2374 quippiam
885 2293 1092 2376 denegetur,
1108 2295 1146 2356 in
1161 2291 1234 2376 ejus
1250 2293 1395 2359 arbitrio
1411 2296 1517 2360 relin-

218 2398 346 2480 quitur,
370 2398 553 2478 episcopos,
569 2419 653 2481 quos
669 2397 827 2480 voluerit,
844 2397 987 2482 eligere,
1004 2421 1046 2462 ne
1063 2408 1179 2464 tamen
1194 2403 1231 2464 in
1247 2402 1429 2468 consilium
1446 2403 1517 2486 alii,

218 2525 321 2588 quam
345 2506 405 2588 qui
428 2504 634 2586 episcopales
658 2527 736 2568 suas
763 2506 921 2569 ecclesias
953 2506 1009 2569 vel
1042 2507 1109 2570 alia
1138 2505 1217 2591 jura
1252 2513 1517 2591 possessionaria

218 2611 422 2694 episcopalia
437 2611 630 2692 habuerint,
646 2613 885 2676 admittantur.
901 2613 948 2676 Et
965 2616 1056 2677 inter
1079 2615 1141 2679 hos
1165 2617 1305 2700 quidem
1328 2625 1363 2682 et
1386 2641 1517 2704 eorum,

218 2720 278 2802 qui
302 2741 343 2781 ex
367 2716 475 2781 nobili
499 2720 655 2801 prosapia
679 2720 815 2783 oriundi
838 2718 970 2783 habiles
995 2729 1083 2804 sunt,
1108 2722 1278 2806 condigna
1302 2727 1399 2807 ratio,
1435 2749 1516 2809 prae

218 2827 370 2908 caeteris,
386 2829 474 2888 sicut
488 2834 577 2906 ante,
593 2827 642 2888 ita
659 2827 882 2909 imposterum
899 2826 1108 2911 observetur,
1124 2852 1184 2894 sua
1202 2829 1237 2894 O.
1248 2837 1283 2895 et
1299 2831 1341 2897 R.
1351 2829 1517 2916 majestas

218 2934 365 3018 benigne
389 2931 532 2996 curabit.
556 2933 649 3009 Quae
673 2954 754 2996 vero
788 2933 829 2997 de
861 2937 1036 3018 episcopia,
1069 2936 1252 3002 comitibus
1276 2941 1516 3025 comitatuum,

217 3043 254 3104 in
279 3038 477 3122 particulari
510 3046 745 3121 recensentur;
777 3048 812 3102 et
843 3048 961 3104 utrum
993 3039 1190 3124 hujusmodi
1224 3066 1385 3126 personae
1409 3047 1517 3113 eccle-

218 3149 383 3228 siasticae,
400 3145 588 3210 saeculares
604 3146 729 3209 habere
750 3150 879 3229 possint
904 3148 1110 3234 dignitates,
1134 3151 1170 3213 id
1195 3153 1232 3214 in
1256 3150 1373 3216 futura
1399 3155 1517 3219 diaeta

218 3277 276 3318 rex
306 3261 340 3318 61
372 3253 565 3339 regnicolae
598 3253 811 3318 concludent.
842 3255 1103 3338 Praepositurae
1135 3265 1252 3322 tamen
1284 3267 1318 3322 et
1352 3258 1515 3326 abbatiae

217 3368 378 3426 maneant
411 3363 449 3425 in
480 3382 540 3424 suo
564 3367 659 3424 statu
682 3367 717 3424 et
742 3360 953 3426 fundatione.
986 3362 1033 3426 Et
1057 3366 1137 3448 quia
1162 3387 1240 3429 cum
1263 3367 1452 3450 appendice
1477 3372 1515 3433 in

216 3468 281 3532 hoo
304 3469 450 3534 articulo
475 3468 678 3551 oppidorum
702 3469 831 3550 Modor,
861 3469 892 3534 S.
916 3469 1059 3556 Georgii
1090 3480 1125 3534 et
1157 3473 1268 3536 Bozin
1299 3477 1430 3538 mentio
1455 3475 1515 3558 fit;

218 3584 336 3639 utnon
359 3578 523 3638 nimirum
547 3577 613 3658 ipsi
636 3577 728 3638 inter
752 3575 929 3658 praelatos,
956 3585 1143 3660 magnates,
1167 3579 1308 3664 nobiles,
1340 3589 1455 3646 status
1478 3591 1514 3647 et

217 3684 352 3747 ordines
376 3681 533 3764 assidere,
556 3689 705 3764 votaque
739 3703 799 3744 sua
822 3680 947 3746 habere
973 3685 1120 3766 possint;
1155 3707 1214 3767 pro
1247 3686 1405 3752 ulteriori
1429 3689 1514 3754 deli-

217 3875 234 3910 a
253 3856 419 3922 Palatinus,
433 3894 439 3907 .
454 3895 481 3906 ..
501 3855 545 3906 Az
565 3854 735 3908 Personalis
753 3855 945 3926 ezemelyerol
965 3858 990 3911 is
1010 3864 1097 3911 azont
1116 3859 1263 3930 kivtnjuk
1291 3861 1309 3914 ὅ
1333 3861 1512 3934 Felsegetr'il,

217 3947 297 4016 hogy
326 3944 540 3999 ennekuttnna
563 3946 768 3999 communibus
793 3948 925 3999 omniurn
949 3946 1094 4000 Ordinum
1117 3949 1270 4020 suli'ragiis
1293 3949 1513 4007 crealtaaseks

217 4033 480 4088 eonstitutltassek
494 4073 500 4086 .
515 4073 541 4086 ..
570 4051 588 4086 a
607 4035 685 4086 mint
710 4036 787 4088 erro'l
810 4035 1035 4090 Constitutionk
1055 4038 1080 4090 is
1109 4055 1226 4110 vagyon
1247 4038 1398 4094 Uladislai
1418 4042 1512 4114 Regis

217 4123 286 4176 Dec.
306 4129 391 4176 sexto
410 4125 505 4176 Artic.
525 4129 638 4192 quarto.
662 4123 807 4194 (Chorebo
825 4126 864 4178 id.
884 4126 925 4195 11.)
955 4129 981 4179 Α
1001 4126 1081 4180 be'csi
1100 4127 1175 4181 beke
1195 4127 1352 4182 harmadik
1372 4133 1478 4202 pontja
1495 4149 1511 4184 a

216 4211 336 4266 kerdest
364 4212 427 4283 rigy
451 4213 564 4267 oldotta
594 4230 672 4284 meg,
704 4214 785 4285 hogy
813 4215 947 4286 Mtty'ast
975 4233 1044 4269 nem
1073 4217 1314 4288 kormtnyzdnak
1341 4221 1448 4274 ismeri
1476 4221 1510 4287 el,

216 4301 324 4354 hanam
354 4303 469 4356 Rudolt'
495 4303 607 4374 kirtlyi
636 4304 830 4358 hatalommal
868 4305 988 4358 ellttctt
1019 4304 1255 4376 helyettescnek.
1287 4311 1315 4361 A
1346 4311 1511 4379 personalis

216 4391 309 4444 ekkor
329 4392 445 4464 Lippay
465 4393 558 4447 Jtnos
578 4395 649 4446 volt.

325 4481 553 4535 ὁ11111011111111
573 4484 680 4536 akarta
702 4483 804 4537 kiadni
834 4501 851 4536 a
879 4485 1004 4537 korontt
1033 4502 1050 4538 a
1078 4485 1285 4555 Hradzsinbdl,
1314 4488 1436 4560 Mstyas
1464 4495 1510 4545 azt

215 4569 363 4640 ajtnlotta
382 4589 400 4624 a
418 4572 599 4641 rendeknek,
620 4572 700 4642 hogy
714 4573 894 4626 Ausutriaba
908 4573 1025 4642 hozatja
1045 4591 1062 4626 a
1081 4577 1209 4628 nemzeti
1230 4576 1508 4651 kincset.(Ka1-olyi

216 4658 247 4712 es
268 4658 399 4712 Chorebo
418 4660 456 4712 id.
477 4660 517 4730 h.)
