3160 5212
224 343 290 407 276

224 561 367 626 cumque
392 539 435 602 ad
451 543 602 604 vestram
619 539 839 602 sanctitatem
857 540 1058 620 pertinente,
1082 537 1173 621 quod
1198 539 1312 619 potius
1335 533 1521 614 debuisset,

224 651 253 711 si
277 647 416 732 quidem
448 667 602 710 meorum
634 667 716 729 erga
749 645 865 709 sedern
904 645 1126 728 apostolicam
1164 648 1365 708 meritorum
1404 643 1522 729 aliqua

225 759 314 818 ratio
337 753 532 836 haberetur,
556 751 599 816 ab
622 751 700 815 aliis
723 773 857 837 quoque
891 755 944 816 ius
977 758 1133 818 nostrum
1161 749 1300 814 turbare
1324 749 1523 814 volentibus

224 861 411 946 apostolica
449 863 654 924 auctoritate
693 858 873 924 defensari.
905 859 984 923 Non
1021 866 1286 943 expectaremus,
1325 857 1522 922 beatissime

225 977 331 1053 pater,
352 980 393 1032 ut
417 971 470 1031 ius
493 973 649 1030 nostrum
673 969 816 1052 regium,
841 967 882 1030 de
916 987 983 1052 quo
1015 965 1059 1030 ab
1091 969 1234 1052 antiquo
1266 965 1359 1029 nulla
1384 987 1523 1048 prorsus

225 1100 303 1142 oum
328 1075 442 1160 aliquo
468 1073 658 1138 difficultas
691 1081 726 1138 et
765 1077 998 1138 controversia
1031 1073 1108 1156 fuit,
1141 1095 1208 1159 quo
1241 1074 1370 1138 scilieet
1404 1095 1524 1136 omnes

224 1187 336 1250 nostri
361 1181 614 1266 predecessores
638 1189 672 1245 et
696 1202 758 1244 nos
791 1179 898 1244 libere
931 1197 1064 1264 semper
1097 1183 1152 1244 usi
1184 1203 1300 1245 sumus
1323 1189 1358 1245 et
1381 1183 1522 1261 utimur,

224 1291 289 1358 hoo
314 1291 452 1356 demum
476 1296 628 1372 tempore
653 1291 690 1352 in
712 1291 898 1352 maximam
936 1293 1046 1352 nostri
1070 1288 1323 1372 displicentiam
1347 1295 1524 1370 pateretur

226 1399 399 1464 Sanctitas
421 1403 538 1462 vestra
562 1395 605 1460 ab
629 1393 744 1480 aliquo
767 1396 936 1477 impediri.
970 1395 1115 1460 Novisse
1145 1398 1237 1460 enim
1261 1398 1374 1480 potuit
1398 1397 1523 1460 sancti-

225 1514 278 1573 tas
301 1513 426 1587 vestra,
449 1504 506 1568 vel
529 1506 559 1568 si
583 1507 656 1585 ipsa
684 1523 753 1566 non
776 1505 884 1585 novit,
917 1501 960 1566 ab
984 1503 1061 1568 aliis
1084 1504 1203 1568 audire
1237 1507 1359 1586 potuit,
1382 1505 1523 1588 ingenia

225 1622 260 1678 et
283 1635 405 1700 mores
418 1619 614 1677 nostrorum
653 1612 908 1696 Hungarorum,
941 1615 1001 1697 qui
1023 1623 1207 1696 antequam
1232 1610 1395 1674 beneficia
1418 1611 1525 1674 huius

225 1725 324 1807 regni
346 1721 438 1804 apud
462 1721 577 1785 sedem
600 1719 822 1802 apostolicam
855 1719 982 1804 absque
1021 1720 1186 1784 electione
1210 1728 1245 1782 et
1270 1721 1523 1802 presentatione

224 1852 346 1916 regum
369 1850 508 1892 suorum
541 1826 691 1891 conferri
724 1835 933 1909 paterentur,
966 1810 1108 1893 mallent
1143 1829 1257 1910 potius
1289 1829 1393 1890 tertio
1417 1825 1523 1890 fidem

225 1937 429 2002 catholicam
454 1942 656 2019 postponere
688 1941 792 2020 atque
825 1933 1018 1998 infidelium
1050 1957 1192 2000 numero
1226 1941 1260 1998 et
1284 1937 1441 1998 societati
1464 1933 1526 1997 ad-

224 2047 352 2110 herere.
375 2045 428 2108 Ne
452 2047 569 2128 itaque
594 2065 636 2105 ex
659 2041 723 2106 tali
747 2043 965 2104 contentione
988 2042 1162 2106 ulterioris
1186 2041 1269 2106 mali
1292 2045 1423 2106 occasio
1449 2064 1525 2123 pre-

225 2153 336 2235 betnr,
360 2162 394 2214 et
419 2174 460 2214 ex
483 2151 547 2214 hac
571 2153 715 2214 materia
739 2149 879 2234 aliquod
912 2150 1110 2214 scandalum
1143 2157 1348 2215 nasceretur.
1373 2151 1526 2234 cognitis

225 2261 391 2344 hiisque
415 2265 534 2322 contra
573 2260 626 2322 ius
665 2279 779 2320 meum
818 2265 852 2318 et
891 2259 1070 2342 antiquam
1102 2259 1200 2342 regni
1233 2259 1301 2320 mei
1325 2255 1527 2321 libertatem

227 2368 317 2450 apud
334 2369 554 2430 sanctitatem
570 2376 722 2430 vestram
737 2375 872 2428 attenta
889 2375 978 2446 sunt,
995 2365 1084 2450 elegi
1099 2367 1142 2428 ad
1160 2363 1328 2448 prefatam
1345 2365 1526 2429 eeclesiam

226 2475 500 2542 Modrusiensem
524 2477 731 2538 auctoritate
756 2477 840 2536 iuris
874 2482 1075 2556 patronatus
1098 2477 1174 2556 mei,
1199 2474 1290 2558 quod
1314 2477 1350 2536 in
1373 2476 1448 2555 ipsa
1472 2497 1528 2538 ec-

228 2585 338 2664 clesia,
363 2585 452 2645 sicut
476 2584 512 2644 in
536 2580 613 2644 aliis
637 2583 744 2666 regni
759 2583 827 2644 mei
857 2581 975 2658 haben,
1008 2581 1240 2646 venerabilem
1265 2589 1297 2644 et
1324 2581 1527 2664 religiosum

227 2696 342 2758 virum
366 2687 511 2752 fratrem
533 2687 751 2752 Anthonium
775 2687 817 2751 de
840 2687 951 2768 Iadra,
976 2687 1203 2752 confessorem
1236 2691 1449 2752 serenissime
1474 2711 1529 2776 re-

227 2802 307 2888 gine
332 2799 731 2880 consortischarissime,
756 2821 857 2883 quem
890 2801 995 2862 etiam
1020 2803 1197 2863 sanctitati
1220 2807 1334 2864 vestre
1358 2809 1529 2884 tanquam

228 2911 343 2972 virum
366 2908 519 2991 dignum,
544 2905 697 2970 moribus
720 2915 755 2968 et
780 2909 922 2970 scientia
948 2906 1129 2989 probatum
1154 2907 1425 2971 confirmandum
1452 2929 1531 2990 pre-

230 3023 336 3098 sente,
360 3013 563 3098 supplicans,
586 3022 626 3078 ut
659 3034 729 3078 non
760 3011 919 3078 obstante
955 3037 1247 3100 quorumcumque.
1280 3017 1531 3078 contrarietate

228 3123 393 3186 sanctitas
416 3127 532 3186 vestra
556 3121 597 3184 ad
625 3122 913 3204 presentationem
941 3144 1060 3203 meam,
1085 3143 1149 3206 que
1174 3122 1216 3186 de
1239 3123 1312 3186 iure
1336 3120 1386 3202 fit,
1410 3123 1531 3204 ipsum

228 3230 447 3294 Anthonium
471 3229 513 3292 de
536 3227 638 3293 Iadra
666 3231 703 3292 in
735 3227 868 3310 prefata
896 3229 1037 3293 ecclesia
1070 3229 1300 3293 Modrusiensi
1337 3227 1534 3312 apostolica

228 3338 434 3400 auctoritate
459 3334 659 3400 confirmare
684 3335 855 3420 dignetur,
875 3357 937 3398 nec
960 3335 1048 3400 velit
1072 3339 1108 3399 in
1131 3336 1195 3400 hoc
1219 3337 1262 3400 ad,
1285 3357 1535 3420 quorumcum-

229 3467 295 3531 que
317 3446 521 3508 instantiam
544 3441 695 3528 aliquam
719 3441 963 3506 difficultatem
996 3441 1125 3523 facere,
1158 3447 1318 3528 quoniam
1352 3451 1446 3507 certa
1472 3447 1536 3526 sit,

229 3552 320 3637 quod
345 3553 540 3636 quicunque
578 3548 666 3613 alius
706 3557 923 3634 preterquam
961 3553 998 3632 is,
1038 3573 1139 3634 quem
1171 3573 1232 3614 nos
1264 3551 1440 3635 elegimus,
1465 3573 1537 3634 pro

229 3660 323 3724 dicta
346 3657 489 3722 ecclesia
512 3656 654 3740 laboret,
677 3679 854 3741 nunquam
877 3665 993 3721 tamen
1017 3667 1226 3742 assequetur,
1250 3661 1386 3722 etiamsi
1404 3679 1537 3742 oppor-

229 3774 318 3832 teret
342 3766 518 3830 eeclesiam
543 3765 639 3828 illam
663 3767 800 3847 proprio
824 3763 950 3849 absque
976 3765 1108 3848 presule
1132 3787 1315 3830 remanere.
1338 3765 1482 3830 Datum.
