3182 5208
216 307 259 370 66

215 503 376 588 hospites,
402 505 452 567 ita
476 501 629 568 diversas
653 501 789 587 linguas
812 509 848 566 et
872 501 1144 584 eonsuetudines,
1168 501 1372 586 diversaque
1405 501 1507 566 docu-

215 619 331 677 menta
364 619 399 676 et
431 631 526 675 erma
559 631 674 675 secum
707 609 847 694 ducunt,
886 631 973 695 quae
1006 613 1119 676 omnia
1152 612 1283 696 regiam
1315 619 1438 677 ornant
1471 619 1506 676 et

215 719 439 807 magnificant
462 718 585 801 aulam,
608 725 644 784 et
673 725 882 801 perterrtant
915 727 1111 784 exterorum
1143 721 1384 805 arrogantiam.
1416 718 1507 783 Nam

215 829 317 892 unius
341 825 480 912 linguae
503 828 673 912 uniusque
701 828 805 890 moris
838 847 984 912 regnum
1016 825 1188 890 imbecille
1220 833 1256 890 et
1288 823 1413 910 fragile
1445 833 1506 892 cst.

216 936 401 1019 Propterea
434 934 486 1000 fili
509 936 566 1016 mi,
595 931 700 1018 jubeo
725 933 800 1017 tibi,
834 943 874 998 ut
899 933 986 1000 bona
1010 933 1190 1000 voluntate
1214 933 1291 998 illos
1314 935 1506 1000 nutrisset

215 1044 356 1108 honeste
381 1051 506 1126 teneas,
530 1049 570 1106 ut
593 1049 708 1106 tecum
730 1041 896 1108 libentius
913 1041 1051 1128 degant,
1074 1063 1177 1127 quam
1193 1040 1322 1107 alicubi
1338 1039 1506 1106 habitent.

216 1151 252 1218 Si
276 1153 368 1215 enim
391 1158 432 1215 tu
456 1150 639 1232 destruere,
663 1149 754 1234 quod
779 1171 842 1235 ego
866 1151 1073 1235 congregavi
1097 1149 1279 1232 studueris,
1303 1151 1376 1212 sine
1400 1146 1507 1212 dubio

215 1261 403 1324 maximum
442 1257 689 1322 detrimentum
727 1264 827 1322 tuum
860 1259 1012 1340 patietur
1044 1277 1197 1342 regnum.
1230 1255 1328 1334 Quod
1361 1277 1404 1320 ne
1436 1253 1507 1334 fiat,

214 1374 314 1432 tuum
337 1365 491 1452 quotidie
515 1387 603 1450 auge
626 1387 779 1450 regnum,
803 1371 843 1429 ut
866 1371 927 1429 tua
949 1383 1073 1428 corona
1096 1362 1141 1428 ab
1165 1361 1323 1428 omnibns
1338 1362 1508 1428 habeatur

213 1481 369 1558 augusta.
1463 1463 1466 1470 ¹

327 1581 425 1648 VIII.
449 1581 502 1647 De
526 1580 711 1648 imitatione
731 1603 794 1664 per·
821 1579 914 1662 filios.
946 1579 1104 1646 Imitatic
1127 1581 1297 1644 maiorum
1329 1579 1367 1642 in
1397 1577 1508 1662 regali

215 1689 386 1774 dignitate
411 1695 572 1754 octavum
595 1689 747 1772 possidet
770 1687 890 1754 locum.
914 1687 1046 1774 Regale
1069 1692 1308 1752 ornamentum
1332 1687 1419 1750 scies
1434 1707 1507 1752 esse

123 1818 126 1824 ·
213 1799 411 1878 maximum,
434 1803 663 1862 antecessores
683 1799 779 1881 sequi
803 1817 909 1881 reges,
932 1803 967 1859 et
990 1795 1151 1860 honestos
1174 1795 1311 1861 imitare
1340 1801 1507 1876 parentes.

215 1904 281 1981 Qui
318 1906 410 1968 enim
448 1910 702 1968 antecessorum
720 1897 877 1968 'decreta
916 1905 1047 1986 spernit
1086 1909 1231 1985 patrum,
1269 1922 1331 1964 nee
1370 1899 1508 1968 divinas

216 2016 375 2092 procurat
414 2008 515 2094 leges.
553 2009 688 2074 idcirco
727 2012 819 2076 enim
856 2017 938 2076 sunt
978 2017 1099 2092 patres,
1136 2015 1175 2073 ut
1213 2009 1371 2072 nutriant
1409 2006 1508 2088 filios⁷

215 2116 360 2201 ideoque
384 2123 464 2180 sune
488 2115 560 2198 filii,
584 2123 624 2180 ut
647 2115 810 2180 obediant
836 2115 1042 2199 parentibus.
1076 2116 1143 2194 Qui
1168 2117 1257 2198 patri
1282 2135 1343 2180 suo
1368 2117 1508 2196 resistit,

177 2262 181 2274 ι
216 2225 376 2294 inimicus
422 2221 487 2288 Dei
528 2225 693 2288 consistit.
736 2222 861 2288 Omnes
900 2227 991 2290 enim
1031 2222 1276 2306 inobedientes
1315 2229 1396 2287 sunt
1434 2221 1508 2286 Dec

215 2333 423 2394 resistentes.
448 2329 597 2412 Spiritus
622 2329 762 2414 quidem
785 2329 1039 2394 inobedientiae
1056 2329 1224 2415 dispergit
1239 2327 1339 2394 flores
1355 2349 1508 2394 coronae.

178 2504 180 2512 ,
214 2437 454 2508 inobedientia
493 2439 585 2500 enim
623 2445 675 2502 est
715 2439 822 2502 totius
861 2439 959 2522 regni
999 2437 1204 2518 pestilentia.
1238 2437 1423 2520 Propterea
1456 2437 1508 2501 fili

215 2547 396 2627 carissime,
413 2545 525 2610 edicta
536 2547 643 2627 patris
653 2547 715 2628 tui⁷
731 2545 862 2610 seilicet
876 2547 953 2628 mei,
970 2567 1103 2627 semper
1118 2544 1184 2610 tibi
1200 2547 1270 2610 sint
1289 2551 1508 2627 promptuosa

215 2661 254 2716 ut
288 2655 494 2736 prosperitas
518 2659 578 2718 tua
616 2653 744 2737 ubique
783 2652 957 2738 regalibus
993 2652 1165 2738 dirigatur
1199 2651 1354 2716 'habenis
1393 2649 1509 2718 Mores

215 2759 354 2845 quidem
379 2781 479 2842 meos,
504 2781 589 2845 quos
614 2760 724 2846 regali
747 2760 844 2828 vides
867 2762 1050 2824 convenire
1071 2760 1246 2845 dignitati,
1271 2762 1343 2824 sine
1367 2760 1508 2825 vinculo

216 2871 334 2932 totius
347 2867 588 2954 ambiguitatis
612 2891 760 2952 sequere.
784 2867 900 2934 Grave
923 2870 1016 2932 enim
1038 2866 1106 2932 tibi
1138 2875 1190 2932 est
1222 2868 1325 2932 huius
1358 2867 1508 2934 climatis

215 2981 331 3040 tenere
371 2998 524 3060 regnum,
563 2977 631 3040 nisi
669 2979 825 3040 imitator
872 2975 1130 3040 consuetudinis
1169 2983 1248 3040 ante
1287 2977 1508 3060 regnantium

215 3085 389 3146 exstiteris
413 3103 541 3168 regum.
566 3083 650 3160 Quis
673 3105 795 3169 grecus
818 3090 952 3168 regeret
976 3083 1101 3146 latinos
1125 3087 1236 3168 grecis
1260 3083 1421 3165 moribus,
1444 3091 1507 3148 aut

215 3191 291 3272 quis
315 3187 443 3252 latinus
467 3196 601 3274 regeret
624 3209 743 3273 grecos
759 3188 877 3252 latinis
894 3186 1069 3252 moribus?
1093 3189 1226 3254 Idcirco
1240 3188 1509 3254 consuetudines

214 3317 354 3379 sequere
379 3319 478 3380 meas,
516 3304 554 3360 ut
578 3299 670 3360 inter
694 3305 771 3362 tuos
800 3295 957 3360 habearis
982 3299 1182 3379 praecipuus
1206 3305 1241 3360 et
1264 3305 1345 3360 ante
1377 3297 1509 3362 alienos

214 3401 406 3468 laudabilis.
