3142 5214
223 368 290 431 598

224 571 339 628 tamen
362 586 401 628 co
424 563 546 648 majori
569 565 813 650 satisfactione,
847 566 947 650 quod,
979 570 1099 654 agnito
1127 564 1205 650 jura
1234 573 1360 647 nostro,
1393 585 1455 628 vos
1480 567 1514 628 in

223 674 337 734 sinum
359 675 501 756 gratiae,
525 672 792 758 clementiaeque
816 681 961 757 nostrae,
984 696 1052 759 qua
1075 674 1206 738 domini
1234 679 1269 736 et
1292 675 1384 758 regis
1407 674 1514 734 vestri

223 778 382 863 legitimi,
392 775 618 862 projicientes,
634 780 698 844 sub
714 779 835 844 umbra
852 784 1073 865 protectionis
1088 788 1224 846 nostrae
1241 779 1381 863 posthac
1397 781 1515 842 viven-

224 885 306 948 dum
322 885 422 950 vobis
434 893 469 950 et
485 887 700 951 moriendum
708 909 790 972 esse,
805 887 973 952 laudabili
988 891 1094 952 animi
1111 887 1316 953 fortitudine
1325 886 1515 951 declaretis.

222 991 341 1076 Cujus,
386 994 484 1059 nobis
526 1017 689 1081 perquam
730 1003 888 1080 acceptae
927 1000 1187 1062 contestationis
1219 1004 1254 1060 et
1292 995 1518 1060 exhibitionis

223 1109 359 1165 vestrae
383 1105 524 1185 intuitu,
556 1123 617 1166 vos
649 1105 827 1167 universos
858 1111 894 1167 et
926 1104 1079 1190 singulos
1117 1107 1153 1168 in
1185 1104 1331 1168 tutelam
1364 1111 1517 1166 nostram

225 1211 526 1294 caesareo-regiam
541 1209 804 1275 clementissime
819 1232 889 1276 non
913 1219 985 1275 tam
1009 1213 1221 1295 suscipimus,
1244 1232 1347 1296 quam
1362 1209 1407 1274 ad
1424 1231 1518 1294 egre-

225 1319 322 1400 gium
355 1320 566 1400 propositum
598 1320 722 1381 animis
754 1321 880 1382 vestris
912 1317 1088 1404 figendum
1111 1329 1147 1382 et
1170 1317 1252 1382 filiis
1276 1317 1518 1383 inculcandum

227 1429 399 1505 perpetuo,
433 1421 658 1508 omnibusque
682 1427 718 1487 in
742 1427 965 1488 occurrentiis
988 1423 1137 1488 realibus
1161 1425 1376 1489 documentis
1408 1427 1520 1508 magis

227 1533 403 1615 magisque
428 1530 716 1612 confirmandum
749 1532 792 1596 ad
816 1554 910 1596 arma
935 1533 1076 1616 proinde
1100 1540 1219 1597 contra
1247 1531 1519 1596 infensissimum

224 1636 405 1702 'Christani
427 1641 576 1702 nominis
599 1638 733 1703 hostem
757 1647 792 1703 et
816 1646 1067 1723 persecutorem
1089 1647 1245 1704 vestrum
1269 1639 1332 1703 sub
1357 1641 1522 1723 auspiciis

226 1749 361 1829 nostris,
385 1754 645 1830 nostrorumque
670 1745 879 1811 belliducum
904 1747 1092 1810 directione
1124 1747 1288 1811 sumenda
1321 1746 1522 1830 propulsan-

224 1855 355 1939 dasque
380 1851 532 1938 injurias,
555 1851 770 1919 calamitates
793 1876 832 1918 ac
855 1858 1009 1919 miserias
1033 1853 1133 1918 vobis
1164 1857 1377 1939 iniquissime
1400 1855 1523 1919 crude-

223 1961 423 2046 lissimeque
456 1961 622 2026 hacteuus
655 1962 770 2026 illatas
803 1971 943 2045 paterne
967 1962 1153 2027 hortamur.
1177 1963 1348 2045 Vicissim,
1372 1969 1412 2027 ut
1436 1963 1524 2027 leni-

227 2075 335 2134 tatem
359 2091 399 2132 ao
422 2069 640 2134 dulcedinem
662 2072 799 2152 imperii
823 2070 1086 2154 dominatusqua
1109 2073 1219 2134 nostri
1243 2073 1280 2134 in
1303 2073 1376 2153 ipso
1399 2069 1524 2136 limine

228 2179 394 2259 sentiatis,
419 2175 645 2260 petitionibus
659 2179 786 2240 vestris
802 2180 931 2260 pietate
954 2177 1054 2241 nobis
1076 2177 1292 2240 connaturali
1319 2187 1525 2259 annuentes,

227 2282 473 2368 benignissime
497 2283 720 2366 decrevimus,
743 2291 783 2347 ut
803 2281 906 2367 juxta
930 2283 1107 2350 orientalis
1123 2273 1415 2369 ecclesiae'graeci
1431 2287 1527 2349 ritus

228 2391 475 2456 Rasoianorum
499 2393 790 2476 consuetudinem,
813 2394 857 2457 ad
881 2414 1035 2458 normam
1057 2397 1185 2458 veteris
1209 2393 1395 2457 calendarii
1412 2391 1526 2456 libere

228 2502 485 2582 conservemini,
501 2506 536 2563 et
554 2505 654 2582 prout
669 2499 843 2584 hactenus,
867 2503 917 2564 ita
940 2501 1101 2584 deinceps
1116 2523 1135 2565 a
1150 2501 1256 2566 nullis
1279 2499 1529 2566 ecclesiasticis

227 2605 283 2670 vel
308 2605 538 2671 saecularibus
561 2607 710 2671 statibus
732 2608 803 2671 ulla
818 2605 1020 2673 afficiamini
1036 2609 1210 2690 molestia;
1233 2608 1403 2694 liceatque
1420 2607 1530 2672 vobis

229 2717 413 2797 intervos,
445 2737 487 2779 ex
512 2718 649 2799 propria
681 2714 856 2798 facultate,
889 2738 930 2780 ex
965 2720 1103 2781 natione
1136 2723 1171 2780 et
1203 2715 1323 2803 lingua
1350 2717 1529 2780 Raeciaua

229 2821 437 2885 constituere
453 2821 754 2905 archiepiscopum,
773 2845 874 2907 quem
891 2831 1002 2888 status
1018 2823 1268 2888 ecclesiasticus
1287 2831 1322 2888 et
1339 2823 1531 2887 saecularis

229 2931 321 2992 inter
344 2950 379 2992 se
403 2929 518 3016 eliget,
542 2931 637 3014 isque
662 2929 935 3015 archiepiscopus
958 2939 1074 2996 vester
1096 2931 1240 2995 liberam
1263 2931 1389 2996 habeat
1414 2930 1531 2995 facul-

230 3041 337 3098 tatem
361 3036 565 3119 disponendi
598 3059 675 3100 cum
707 3036 866 3101 omnibus
899 3038 1076 3103 orientalis
1108 3041 1223 3123 graeci
1246 3040 1335 3101 ritus
1358 3037 1531 3122 ecclesiis,

225 3145 403 3227 'episcopos
422 3145 650 3228 consecrandi,
667 3145 858 3210 sacerdotes
871 3149 907 3209 in
923 3147 1139 3209 monasteriis
1155 3145 1367 3228 disponendi,
1383 3145 1532 3230 templa,

229 3248 290 3313 ubi
313 3271 397 3333 opus
420 3249 535 3332 fuerit,
560 3255 696 3334 propria
720 3250 885 3316 facultate
908 3251 1116 3335 exstruendi,
1149 3255 1186 3316 in
1209 3251 1344 3316 civibus
1368 3257 1404 3314 et
1428 3251 1532 3315 villis

228 3357 416 3421 Raecianos
439 3358 631 3422 sacerdotes
655 3357 919 3422 subordinandi:
952 3357 1067 3440 verb0,
1096 3361 1185 3423 sicut
1208 3357 1382 3438 hactenus
1407 3362 1530 3444 gruem

230 3467 318 3528 ritus
333 3464 484 3528 ecclesiis
500 3471 535 3528 et
553 3462 706 3548 ejusdem
726 3465 945 3548 professionis
962 3469 1202 3530 communitati
1226 3487 1378 3549 praeesse
1398 3465 1531 3542 valeat,

231 3595 272 3636 ex
297 3575 433 3655 propria
455 3572 668 3637 authoritate
693 3573 931 3656 ecclesiastica,
954 3577 1074 3659 vigore
1099 3573 1359 3659 privilegiorum
1383 3595 1403 3636 a
1430 3596 1530 3656 prae-

231 3677 463 3743 decessoribus
476 3683 612 3763 nostris,
628 3680 720 3744 divis
735 3681 879 3744 condam
894 3681 1095 3768 Hungariae
1111 3679 1259 3767 regibus,
1275 3679 1374 3744 vobis
1390 3701 1532 3746 conces

232 3809 354 3870 sorum,
379 3790 414 3850 in
431 3793 505 3850 tota
521 3787 674 3872 Graecia,
698 3788 830 3872 Bassia,
853 3789 1027 3874 Bulgaria,
1051 3788 1234 3871 Dalmatia,
1258 3787 1395 3871 Bosnia,
1421 3788 1448 3853 J
1448 3811 1530 3853 eno-

233 3895 322 3980 polia
353 3903 388 3958 et
421 3893 671 3980 Heroegovina,
699 3917 831 3960 necnon
854 3899 891 3959 in
915 3897 1096 3982 Hungaria
1119 3903 1154 3960 et
1178 3895 1326 3978 Oroatia,
1350 3895 1470 3979 Mysia
1496 3903 1531 3960 et

231 4001 361 4086 Illyria,
384 4001 445 4066 ubi
470 4003 511 4066 de
529 4001 621 4066 facto
645 4006 808 4088 existunt,
832 4011 867 4067 et
891 4011 1060 4089 quatenus
1082 4026 1121 4067 ao
1145 4005 1310 4088 quamdiu
1333 4003 1435 4068 nobis
1453 4007 1530 4067 uni·

232 4113 323 4175 versi
355 4119 390 4173 et
424 4109 553 4196 singuli
585 4109 703 4174 fideles
736 4133 775 4173 ac
808 4111 926 4174 devoti
958 4117 1068 4194 erunt,
1111 4110 1277 4174 facultate
1320 4110 1530 4192 disponendi

231 4217 390 4302 gaudeat.
409 4215 567 4280 Statibus
583 4238 682 4300 porro
699 4217 946 4301 ecclesiasticis,
957 4217 1055 4281 velut
1071 4217 1332 4301 archiepiscope,
1349 4221 1531 4302 episcopie.

232 4323 416 4407 monachis,
440 4327 617 4409 omnisque
641 4327 777 4410 generis
801 4324 1036 4389 sacerdotibus
1055 4327 1143 4388 ritus
1158 4327 1281 4410 graeci,
1305 4327 1342 4388 in
1358 4333 1531 4388 monaste-

232 4435 293 4494 riis
317 4439 352 4495 ct
375 4431 513 4515 templis
536 4440 673 4495 maneat
707 4435 843 4515 propria
875 4431 1021 4495 facultas
1045 4433 1257 4516 disponendi,
1290 4435 1339 4495 ita
1363 4439 1403 4495 ut
1429 4453 1532 4496 nemo

233 4540 269 4601 in
294 4538 477 4621 praedictis
500 4542 724 4622 monasteriis,
748 4540 886 4622 templis
909 4561 948 4602 ac
972 4540 1168 4602 residentiis
1184 4541 1309 4602 vestris
1324 4538 1532 4604 violentiam

233 4667 388 4708 exercere
412 4645 545 4726 valeat,
568 4667 690 4708 verum
712 4649 748 4708 in
773 4646 923 4730 decimis,
947 4644 1261 4710 contributionibus
1285 4653 1319 4709 et
1342 4649 1533 4730 quarteriis
