3182 5210
223 343 287 407 194
391 305 394 312 ’

327 543 430 607 ΧΧΙ.
446 543 494 608 Ε1
510 545 540 608 61
555 544 671 630 aliqua
696 567 772 628 pars
795 547 894 632 regni
916 565 1119 630 quocunque
1134 545 1240 610 titulo
1255 546 1312 611 vel
1328 547 1439 612 colora
1455 570 1511 629 per

219 671 456 736 quemcunque
488 673 609 737 regum
641 651 790 718 alienata
823 653 1005 734 extitisset,
1038 659 1198 718 teneatur
1229 673 1398 737 revocare,
1422 654 1510 718 idem

219 761 377 826 dominus
401 783 461 826 rex
484 761 528 826 ad
551 765 605 830 ius
629 765 771 849 regium,
796 771 836 828 ut
846 777 997 848 ‘ragnum
1012 762 1212 848 Hungariae
1228 763 1327 848 quasi
1341 764 1510 849 quoddam

218 871 272 932 1116
295 875 417 952 totum,
441 890 579 933 suarum
604 873 711 953 possit
734 873 885 954 partium
908 871 1112 954 integritate
1134 870 1292 954 gaudere.
1312 907 1351 916 -
1372 869 1511 935 Senten-

218 978 304 1040 tiam
330 1013 369 1021 -—
395 977 602 1059 incursurus,
626 979 656 1041 si
678 978 752 1060 hoc,
776 977 932 1062 legitimo
955 977 1203 1058 impedimento
1226 984 1389 1060 cessante,
1422 978 1508 1042 idem

110 1087 112 1100 '
218 1082 377 1146 dominus
400 1103 460 1145 rex
483 1081 675 1168 neglexerit
698 1085 887 1148 emendare.

326 1179 465 1253 XXIII.
489 1188 580 1254 Item
603 1192 797 1275 statuimus,
814 1199 853 1254 ut
867 1192 961 1254 curia
978 1191 1110 1254 domiui
1126 1191 1216 1274 regis
1231 1187 1509 1258 honorificentius

219 1298 294 1382 regi
317 1298 424 1379 possit
447 1304 483 1360 et
506 1319 652 1383 regnum
684 1298 885 1384 Hungariae
918 1298 1095 1362 decentius
1126 1295 1321 1382 gubernari,
1354 1297 1510 1364 dominus

218 1409 334 1467 noster
356 1425 417 1468 rex
440 1403 587 1488 singulis
611 1404 723 1469 tribus
746 1404 920 1478 mensibus
936 1402 1089 1490 singidos
1105 1403 1190 1467 duos
1205 1404 1380 1486 episcopos
1395 1425 1510 1470 secun-

218 1511 301 1575 1111111
316 1513 528 1596 exigentiam
551 1511 691 1594 ordinis,
714 1533 822 1576 unum
840 1513 883 1576 de
906 1509 1132 1596 suffraganeis
1148 1509 1298 1596 Strigon.
1312 1519 1350 1575 et
1365 1509 1508 1576 alterum

218 1619 260 1682 de
286 1617 513 1704 suffraganeis
536 1617 648 1683 Goloc.
672 1619 842 1700 ecclesiae,
867 1611 1081 1704 totidemque
1104 1625 1139 1682 et
1162 1621 1261 1704 quasi
1283 1631 1401 1683 omnes
1415 1618 1511 1684 nobi-

216 1726 265 1790 les
285 1728 384 1812 regni
409 1747 494 1811 quos
517 1749 560 1790 ex
583 1748 674 1790 nunc
697 1727 872 1812 elegimus,
895 1747 1011 1790 secum
1034 1723 1168 1808 habeat,
1192 1727 1353 1810 congruis
1384 1728 1511 1810 stipen-

217 1834 284 1898 diis
313 1833 355 1897 dc
380 1831 469 1898 bono
493 1835 588 1918 regio
612 1834 863 1899 sustentandos.
895 1833 944 1898 Et
976 1835 1006 1897 si
1038 1833 1130 1896 idem
1163 1831 1321 1898 dominus
1353 1855 1414 1898 rex
1446 1833 1510 1898 hoc

216 1941 327 2006 facere
360 1938 546 2022 obmiserit,
579 1942 748 2026 quidquid
779 1949 914 2024 praeter
955 1938 1135 2004 consilium
1169 1940 1421 2022 praedictorum
1444 1939 1512 2006 sibi

214 2048 496 2134 applicandorum
518 2051 555 2112 in
579 2048 822 2114 donationibus
845 2050 962 2114 arduis
985 2057 1021 2112 61
1037 2046 1269 2134 dignitatibus
1284 2045 1510 2132 conferendis,

214 2157 271 2222 vel
294 2159 332 2220 in
354 2155 431 2220 aliis
455 2156 642 2221 maioribus
666 2155 796 2238 fecerit,
810 2174 890 2221 ‘non
914 2163 1061 2221 teneant.

321 2263 457 2328 XXIV.
482 2263 674 2328 Statuimus
706 2267 821 2346 etiam,
853 2264 945 2348 quod
979 2263 1117 2327 domina
1141 2265 1260 2347 regina
1284 2263 1510 2350 Η1111361166ὖ

215 2371 351 2436 debitae
375 2370 558 2456 dignitatis
582 2371 730 2435 culmine
753 2371 902 2457 gaudere
928 2371 1042 2453 possit,
1065 2371 1159 2434 curia
1183 2391 1243 2433 sua
1277 2370 1508 2455 dignitatibus

215 2478 401 2543 ethonore
426 2480 462 2541 in
488 2481 639 2561 personis
664 2479 910 2562 Hungarorum
932 2475 1110 2559 nobilium,
1132 2496 1202 2541 non
1234 2497 1315 2541 vero
1347 2477 1510 2565 alienige—

214 2606 337 2649 norum
370 2585 586 2668 solempnius,
615 2588 703 2650 sicut
727 2585 839 2666 debet,
872 2585 1058 2668 ordinetur,
1091 2593 1125 2649 et
1158 2594 1198 2650 111
1230 2587 1324 2650 curia
1356 2587 1509 2653 eiusdem

213 2693 371 2758 dominae
387 2694 526 2778 reginae
543 2693 721 2758 decentius
744 2691 965 2778 gubernetur,
988 2693 1154 2778 quosdam
1178 2691 1303 2756 electos
1326 2713 1346 2756 a
1370 2693 1510 2760 domino

213 2824 293 2887 rege
316 2801 476 2884 Barones,
500 2803 573 2884 ipsa
598 2801 735 2866 domina
759 2803 878 2886 regina
901 2798 1026 2865 habere
1050 2806 1217 2883 teneatur,
1241 2807 1276 2864 et
1300 2800 1430 2886 regalia
1450 2825 1511 2868 seu

213 2907 379 2994 reginalia
402 2910 440 2972 in
463 2908 605 2972 tributis
638 2931 696 2973 sau
729 2909 911 2972 tricesimis
936 2927 1013 2970 cum
1036 2909 1130 2970 omni
1153 2907 1354 2991 integritate
1380 2912 1513 2994 percipi

214 3017 351 3098 possint.

705 3139 871 3228 qutrzz·
895 3086 1020 3226 iippclr.

320 3285 456 3350 XXVI.
489 3285 682 3350 Statuimus
714 3285 873 3370 equidem
906 3293 938 3348 61
976 3291 1138 3367 perpetuo
1166 3284 1279 3349 edicto
1303 3283 1514 3368 stabilimus,

212 3393 303 3476 quod
335 3391 477 3456 ecclesia
509 3399 581 3456 tam
613 3395 649 3456 in
684 3395 795 3475 capite
827 3371 931 3477 quam
963 3393 1000 3454 in
1032 3389 1195 3456 membris
1217 3390 1368 3476 gaudere
1391 3390 1513 3457 valeat

211 3501 282 3563 suis
305 3497 535 3563 libertatibus.
559 3499 646 3564 Jura
669 3502 777 3564 eciam
801 3499 998 3564 ordinamus
1022 3499 1090 3562 imo
1114 3497 1158 3562 ab
1181 3499 1324 3584 antiquo
1347 3499 1514 3564 ordinata

211 3605 431 3688 declaramus,
464 3613 504 3669 ut
528 3614 681 3689 tempore
705 3607 896 3670 vacationis
920 3603 1009 3669 bona
1032 3613 1068 3669 et
1091 3606 1317 3688 possessiones
1350 3605 1515 3671 ecclesia

211 3735 287 3777 rum
302 3735 372 3778 non
390 3736 449 3796 per
465 3714 642 3778 dominum
659 3735 775 3800 regem
791 3712 848 3778 vel
863 3712 907 3776 ab
923 3735 963 3776 eo
982 3715 1133 3796 missum,
1155 3735 1217 3777 nec
1237 3735 1297 3796 1161
1312 3733 1378 3795 eos,
1393 3715 1457 3798 qui
1473 3737 1514 3779 66

210 3823 390 3886 nominant
406 3821 629 3904 parochianos
653 3827 870 3903 occupentur,
894 3821 1084 3904 spolientur
1106 3829 1142 3885 et
1158 3819 1340 3886 laedantur
1355 3823 1392 3886 in
1409 3830 1515 3905 parte

210 3929 449 3994 1611111616.θ

316 4037 471 4102 XXVII.
495 4037 592 4102 Bona
617 4039 721 4101 etiam
751 4037 948 4100 decedentis
982 4038 1131 4120 episcopi
1163 4036 1322 4100 dominus
1356 4058 1415 4100 rex
1450 4037 1515 4101 vel

209 4144 384 4228 quaelibet
407 4147 475 4211 alia
501 4167 639 4229 persona
673 4167 790 4226 rapere
823 4166 891 4208 non
926 4147 1041 4226 possit,
1073 4145 1132 4208 sed
1162 4143 1311 4208 utilitati
1334 4141 1516 4228 ecclesiae,

210 4253 306 4316 cuius
322 4253 414 4317 idem
431 4253 603 4335 praelatus
624 4251 729 4316 fuisse
754 4252 953 4332 dinoscitur,
973 4253 1001 4313 si
1026 4253 1211 4315 intestatus
1235 4249 1380 4331 decedit,
1395 4248 1517 4332 appli-

210 4365 338 4423 centur.

317 4549 496 4621 ⁸Erasdbet,
516 4551 690 4621 Habsburgi
710 4549 855 4604 Albrocht
874 4549 990 4620 lcanya.

316 4651 326 4678 ⁸
346 4639 381 4694 V.
400 4646 426 4694 ὅ.
447 4640 524 4694 1279.
544 4639 703 4694 1611111141
