3142 5214
1299 373 1366 437 635

62 569 193 634 Comes
223 571 459 636 Varasdiensis
491 593 547 636 eos
571 595 613 636 ex
637 571 760 636 Officio
794 574 902 635 citent
935 577 969 634 et
998 567 1147 652 juridice
1180 572 1365 653 convictos

57 675 169 760 juxta
180 677 355 744 Articulos
366 679 490 766 Regni,
500 680 598 744 brevi
609 681 633 745 J
634 683 704 744 uris
723 700 888 763 processu,
905 699 1011 761 poena
1028 678 1199 763 condigna
1210 681 1364 762 puniant.

63 785 281 871 Vagabundi
305 794 419 851 autem
444 794 478 852 et
503 789 792 870 impossessionati
815 785 966 867 Nobiles,
983 784 1105 848 similis
1129 788 1281 849 criminis
1307 789 1364 867 rei,

63 917 132 976 per
148 894 284 958 eosdem
300 897 488 977 capiantur,
506 895 693 978 itidemque
711 915 817 977 poena
834 893 1004 977 condigna
1022 895 1216 976 puniantur.
1234 893 1281 956 Et
1297 897 1365 957 sin-

62 1001 164 1086 gulis
203 1005 302 1066 annis
342 1001 471 1066 saciant
504 1005 752 1086 inquisitiones
781 1001 823 1064 de
847 998 1045 1082 hujusmodi
1077 998 1366 1082 malefactoribus

62 1108 214 1172 Domini
238 1109 453 1174 Vice-Banus
477 1119 512 1174 et
537 1109 757 1174 Vice-Comes
782 1109 1028 1172 Varasdiensis
1052 1106 1120 1184 Qui
1143 1113 1259 1172 autem
1279 1105 1365 1190 juri-

63 1216 147 1279 dice
169 1214 242 1298 jam
267 1220 458 1300 proscripti,
481 1225 516 1280 et
540 1221 690 1281 convicti
714 1224 804 1295 sunt,
828 1215 964 1280 eosdem
988 1218 1093 1278 etiam
1126 1214 1230 1278 iidem
1256 1237 1365 1297 perse-

62 1331 224 1407 quantur
247 1333 281 1387 et
306 1327 452 1406 capiant,
477 1323 594 1388 debita
619 1345 725 1408 poena
749 1323 958 1387 afficiendos.

586 1481 768 1549 Articulus
798 1479 850 1550 Vl.

181 1610 413 1676 Confirmatur
435 1610 623 1692 Articulus,
648 1611 689 1674 de
713 1611 796 1674 locis
821 1611 1072 1693 depositionum
1098 1610 1220 1690 editus,
1245 1614 1292 1674 ita
1326 1615 1366 1674 ut

63 1721 268 1802 quicimque
292 1725 389 1782 extra
413 1719 485 1782 loca
509 1719 761 1802 depositionum
785 1718 852 1781 mel
877 1725 911 1780 et
943 1739 1059 1801 porcos
1092 1714 1235 1800 Majales
1269 1723 1365 1781 extra

63 1823 234 1909 Regnum
259 1825 405 1889 educens
430 1834 583 1909 repertus
609 1825 723 1908 fuerit,
749 1828 905 1908 privetur
921 1825 1058 1906 eisdem,
1076 1849 1135 1908 per
1147 1845 1366 1909 quoscunque

66 1933 205 2012 privari
230 1935 365 2014 poterit.
398 1933 527 2010 Quodsi
551 1941 667 1997 tamen
695 1933 820 2016 aliquis
844 1932 1111 2017 Regnicolarum
1145 1955 1221 1996 cum
1255 1937 1367 1994 extra-

65 2061 134 2102 neo
160 2039 275 2124 aliquo
299 2041 488 2104 Mercatore
513 2043 711 2105 convenerit
735 2050 770 2103 et
795 2043 831 2103 in
850 2040 923 2104 loeo
940 2041 1163 2124 depositionis
1181 2062 1252 2104 sese
1273 2061 1367 2122 prae-

66 2149 272 2228 sentaverit,
296 2146 398 2210 liceat
424 2150 648 2230 praescriptas
673 2169 725 2210 res
750 2147 887 2212 venales
913 2154 1010 2211 extra
1029 2147 1190 2232 Regnum
1214 2146 1366 2228 educere,

66 2256 120 2316 ita
156 2261 281 2336 tamen,
314 2261 353 2318 ut
385 2261 462 2338 post
495 2259 803 2338 praesentationem
837 2258 874 2318 in
905 2255 979 2318 loco
1004 2254 1227 2337 depositionis
1253 2277 1365 2318 rerum

66 2360 258 2444 venalium,
282 2359 370 2426 Suae
393 2359 570 2444 Majestati
594 2362 816 2427 Tricesimam
833 2371 867 2427 et
884 2361 1055 2428 tributum
1072 2362 1193 2427 telonii
1210 2363 1367 2438 Dominis

70 2465 306 2552 terrestribus
330 2477 464 2554 emptor
487 2469 618 2534 solvere
644 2477 809 2534 teneatur.

589 2627 770 2695 Articulus
796 2626 854 2694 XI.

183 2753 362 2822 Statutum
386 2761 525 2841 insuper
547 2765 608 2840 est,
632 2764 671 2821 ut
695 2755 956 2838 Vina-Comites,
980 2763 1014 2818 et
1031 2755 1172 2820 Judices
1189 2754 1367 2820 Nobilium

72 2885 177 2945 penes
211 2865 365 2948 querelas
399 2866 588 2950 procedere,
613 2868 896 2949 executionesque
931 2885 1091 2948 peragere
1115 2862 1262 2944 valeant,
1287 2869 1367 2926 ante

71 2973 261 3035 terminum
300 2971 444 3036 Diaetae
484 2975 519 3035 in
551 2971 741 3057 Regalibus
775 2970 862 3035 Suae
894 2966 1087 3052 Majestatis
1124 2969 1366 3052 specificatum.

70 3078 238 3161 Exceptis
268 3085 384 3144 tamen
406 3079 603 3164 quindecim
627 3078 747 3143 diebus
780 3076 947 3162 ejusmodi
978 3075 1137 3140 Diaetam
1170 3076 1368 3139 immediate

73 3186 366 3267 praecedentibus

569 3273 752 3341 Articulus
778 3271 867 3340 XVI.

184 3401 333 3486 Zingari,
359 3411 459 3484 prout
483 3402 658 3484 hactenus
682 3404 730 3466 sic-
754 3423 845 3465 nunc
869 3421 1002 3485 quoque
1028 3398 1291 3483 proscribantur.

573 3561 755 3629 articulus
783 3559 872 3627 XXI.

185 3686 362 3754 Statutum
378 3693 517 3773 insuper
533 3699 598 3754 est:
615 3691 668 3755 Ex
685 3711 752 3774 quo
768 3688 863 3752 nulla
880 3687 1036 3773 legitima
1054 3689 1096 3752 de
1112 3709 1212 3751 causa
1231 3687 1369 3770 plurimi

74 3795 289 3880 Magnetum,
313 3801 373 3882 qui
396 3796 559 3881 majorem
585 3809 716 3882 partem
745 3799 859 3882 Regni
894 3797 1076 3880 possident,
1101 3795 1301 3879 fructusque
1334 3801 1369 3857 et

75 3903 247 3968 utilitates
277 3901 429 3986 ejusdem
463 3909 665 3989 percipiunt,
698 3913 733 3968 et
768 3926 827 3988 pro
861 3907 1033 3968 communi
1066 3904 1300 3987 permansione
1333 3905 1370 3966 in

74 4011 228 4075 medium
244 4013 418 4076 consulere
435 4013 608 4096 deberent,
619 4035 654 4076 se
670 4034 704 4075 se
721 4033 741 4074 a
758 4009 1091 4097 Congregationibus
1108 4012 1223 4094 Regni
1239 4007 1369 4072 abstra-

75 4117 179 4199 hant;
203 4126 242 4183 ut
266 4123 303 4183 in
328 4127 500 4203 posterum
525 4123 718 4205 quicunque
743 4120 946 4204 Magnetum
976 4115 1116 4200 hujusce
1149 4119 1272 4201 Regni,
1296 4118 1369 4180 sine

71 4223 169 4308 justa
193 4232 228 4291 et
250 4227 450 4292 rationabili
474 4231 691 4291 excusatione
716 4248 787 4290 sese
804 4249 823 4290 a
841 4228 1024 4309 praemissa
1040 4223 1202 4289 Generali
1221 4222 1369 4307 Congre-

74 4336 215 4419 gatione
239 4335 353 4420 Regni
376 4333 619 4416 absentaverit,
645 4339 771 4396 extunc
795 4336 868 4416 ipso
890 4331 981 4396 facto
997 4334 1034 4395 in
1051 4331 1212 4415 byrsagio
1232 4336 1369 4393 centum

74 4441 281 4506 florenorum
309 4441 595 4527 Hungaricalium
629 4443 807 4503 convictus
839 4443 903 4502 sit:
936 4459 1019 4522 quos
1053 4438 1220 4501 Dominus
1253 4435 1370 4500 Banus

77 4570 138 4633 pro
163 4557 315 4632 tempore
339 4551 556 4630 constitutus
580 4550 617 4610 in
641 4547 773 4611 duabus
798 4545 873 4627 sibi,
902 4547 938 4608 in
962 4548 1066 4608 tertia
1098 4565 1179 4608 vero
1215 4543 1370 4626 partibus

77 4657 342 4722 Proto-Notario
366 4659 489 4742 Regni,
524 4677 584 4739 pro
618 4655 732 4718 labore
766 4652 975 4736 cedentibus,
1010 4676 1070 4736 per
1101 4675 1145 4735 se,
1168 4652 1224 4716 vel
1257 4652 1370 4715 medio
