3144 5218
195 353 262 417 558

196 571 330 634 quoque
353 550 554 634 Regnorum
577 559 612 614 et
637 551 898 616 Provinciarum
921 554 990 616 aris
1014 559 1048 616 et
1073 551 1168 635 focis,
1191 559 1347 618 attamen
1369 577 1496 639 nequa-

196 679 300 742 quam
323 656 508 721 subsistere
533 665 670 740 possent
693 666 813 722 contra
835 666 909 722 tam
925 661 1163 742 potentissima
1180 659 1370 724 Turcarum
1392 682 1496 742 arma,

198 775 232 830 et
250 767 474 848 saevissimas,
490 764 690 851 validasque
706 787 824 830 eorum
840 769 1044 850 eruptiones,
1060 765 1188 851 absque
1207 773 1350 831 externa
1359 767 1497 850 Regno-

197 895 274 937 rum
307 880 342 936 et
374 872 575 956 Principum
606 872 882 938 Christianorum
906 895 977 957 ope,
1001 895 1088 958 quae
1120 874 1205 938 adeo
1237 881 1352 938 essent
1383 897 1497 939 neces-

197 981 295 1062 saria,
319 980 376 1044 vel
399 980 510 1044 solum
533 1003 575 1044 ex
599 1002 646 1064 eo,
674 1003 717 1044 ne
741 981 873 1045 scilicet
896 989 1039 1046 externa
1070 981 1134 1046 hac
1158 1003 1221 1065 ope
1244 981 1288 1045 ab
1312 982 1495 1068 Hungaria

197 1087 383 1171 subtracta,
406 1094 548 1151 externa
572 1090 677 1152 etiam
700 1089 822 1173 Regna
851 1095 886 1152 et
909 1090 1087 1172 Principes
1111 1087 1311 1172 Christiani,
1343 1097 1404 1153 aut
1428 1112 1495 1154 una

198 1217 277 1260 cum
295 1195 473 1280 Hungaris
490 1197 674 1278 patiantur,
697 1204 758 1260 aut
774 1197 897 1262 saltem
912 1197 1050 1262 eosdem
1065 1197 1251 1282 Hungaros
1266 1219 1345 1262 oum
1360 1199 1497 1281 ingenti

198 1305 350 1386 ipsorum
373 1309 408 1366 et
432 1304 531 1366 ruina
554 1311 589 1366 et
614 1304 765 1386 periculo
788 1307 825 1368 in
849 1305 1121 1388 desperationem
1144 1304 1320 1369 inducant.

305 1409 446 1474 Habent
470 1411 600 1475 Turoae
630 1418 805 1495 praeterea
838 1419 948 1476 certos
971 1415 1077 1477 etiam
1100 1412 1219 1476 modos
1251 1433 1338 1494 suos,
1371 1411 1497 1497 quibus

199 1523 296 1580 extra
321 1517 470 1581 Martem
493 1539 628 1602 quoque
652 1526 818 1602 apertum,
850 1526 1003 1602 tempore
1028 1520 1133 1582 etiam
1161 1519 1254 1601 pacis
1287 1521 1330 1600 (si
1354 1542 1421 1602 pax
1445 1527 1498 1583 est·

198 1624 367 1706 dicenda),
399 1625 584 1709 Hungaros
616 1633 651 1690 et
684 1627 846 1711 Regnum
874 1627 1074 1711 Hungariae
1098 1624 1263 1690 infestare
1287 1626 1383 1690 soliti
1406 1637 1498 1691 sunt.

306 1733 353 1797 Et
387 1735 517 1816 primus
551 1735 691 1818 quidem
722 1734 844 1798 modus
876 1740 928 1798 est
961 1755 1016 1798 ars
1050 1731 1207 1815 furandi;
1249 1734 1333 1797 dum
1365 1734 1500 1798 scilicet

199 1838 394 1904 confiniarii
417 1839 548 1903 'Purcae
571 1863 613 1904 ex
637 1839 804 1904 Confiniis
824 1842 894 1904 suis
912 1842 1023 1904 instar
1038 1839 1278 1904 lavernionum
1293 1862 1354 1904 seu
1370 1839 1500 1924 furum,

200 1947 415 2032 egredientes
438 1947 623 2032 Hungaros
646 1955 682 2012 et
706 1951 907 2032 praesertim
930 1969 1052 2031 pueros
1075 1971 1114 2012 ao
1133 1945 1280 2031 juvenes
1307 1969 1377 2012 non
1400 1969 1501 2013 secus

199 2077 239 2118 ao
263 2054 337 2138 lupi
360 2076 498 2138 rapaces
522 2076 636 2139 agnos,
660 2057 717 2120 vel
740 2058 778 2120 in
801 2077 877 2139 uno,
900 2055 958 2120 vel
979 2055 1048 2120 alio
1072 2057 1109 2119 in
1131 2056 1205 2120 loco
1228 2057 1302 2120 sine
1325 2058 1502 2122 intermis-

199 2163 293 2226 sione
317 2164 457 2245 rapiunt
481 2169 516 2225 et
540 2161 709 2226 furantur.

308 2267 425 2334 Alter:
459 2270 642 2354 insurgrmt
675 2271 856 2335 turmatim
887 2293 930 2334 ex
962 2290 1175 2354 quacumque
1209 2269 1279 2334 levi
1311 2292 1420 2352 causa,
1458 2293 1502 2334 uc

199 2378 383 2456 occasione,
399 2381 529 2439 etcum
544 2375 682 2440 vexillis
698 2384 733 2440 et
749 2379 924 2461 tympanis
939 2383 1135 2458 excurrimt,
1151 2397 1341 2462 gravesque
1357 2380 1504 2461 impres-

200 2486 311 2548 siones
343 2485 381 2547 in
413 2483 536 2567 Regno
567 2481 700 2548 faciunt
733 2491 768 2547 et
801 2482 903 2547 obvia
935 2503 1089 2567 quaeque
1122 2481 1307 2568 trucidant,
1334 2491 1503 2566 mactant,

201 2593 431 2676 miserumque
455 2589 590 2674 plebem
613 2592 651 2654 in
674 2591 786 2655 diram
811 2593 1052 2674 captivitatem
1075 2589 1215 2654 ducunt.

308 2698 462 2762 Tertius:
485 2699 592 2762 variis
615 2719 654 2761 ac
679 2697 825 2762 diversis
840 2695 1093 2780 scriptionibus,
1117 2697 1441 2763 comminationibus
1462 2708 1502 2764 et

201 2804 372 2870 similibus
395 2807 645 2869 territamcntis
668 2806 791 2869 dietim
814 2807 973 2869 miseram
998 2803 1132 2886 plebem
1155 2803 1334 2887 diripiunt,
1350 2803 1502 2889 hincque

202 2915 392 2996 potentiam
415 2920 450 2976 et
474 2913 641 2977 ditionem
665 2935 762 2977 suam
784 2919 922 2997 augent,
945 2911 1074 2975 limites
1097 2909 1298 2992 extendunt,
1330 2913 1502 2996 miseram,

200 3043 240 3084 ac
265 3023 482 3102 perterritam
502 3020 636 3104 plebem
661 3017 858 3104 subjugant,
881 3019 924 3083 ad
949 3021 1126 3102 ingentem
1149 3016 1440 3082 contributionem
1464 3027 1501 3082 et

200 3149 340 3192 censum
362 3127 518 3212 adigunt,
551 3129 645 3211 adeo,
669 3135 709 3192 ut
733 3130 822 3192 sicut
851 3126 935 3190 alias
959 3127 1064 3189 etiam
1088 3123 1270 3206 declaravi,
1302 3125 1501 3189 istiusmodi

201 3237 395 3299 exactiones
418 3243 453 3299 et
477 3236 631 3301 crudeles
660 3233 932 3300 contributiones
957 3233 1152 3316 extortique
1176 3253 1297 3296 census
1319 3235 1502 3297 annuatim

202 3341 374 3407 Milliones
390 3350 548 3428 aequant,
560 3344 783 3428 ditanturque
800 3364 860 3425 per
871 3341 935 3405 1100
947 3340 1086 3422 Turcae,
1096 3361 1157 3403 nos
1170 3360 1252 3404 vero
1268 3337 1500 3404 exhaurimur.

309 3450 477 3527 Quartus:
501 3451 633 3515 accedit
657 3449 831 3514 hostilitas
846 3471 968 3531 nempe
984 3448 1183 3530 Turcarum,
1206 3469 1310 3531 quam
1326 3447 1392 3528 ipsi
1408 3446 1501 3510 ordi-

201 3559 295 3621 narie
320 3580 380 3640 per
404 3557 571 3622 factiones
604 3567 638 3622 et
672 3557 875 3622 rebelliones
908 3576 1107 3639 promovere
1139 3554 1260 3636 solent,
1294 3555 1332 3617 in
1355 3574 1394 3617 eo
1418 3574 1502 3616 casu

201 3668 328 3748 decem,
354 3665 510 3748 sedecim,
534 3665 719 3750 aliquando
743 3665 872 3750 viginti
905 3663 1014 3726 millia
1046 3661 1149 3726 simul
1172 3667 1398 3746 erumpentes,
1431 3657 1500 3723 Sed

205 3782 239 3837 et
271 3781 354 3836 tunc
383 3773 571 3854 expediunt
604 3773 789 3858 Hungaros
821 3772 978 3835 resistere
1010 3770 1103 3834 hisce
1137 3769 1325 3834 Turcarum
1357 3765 1502 3850 1111111ιο,

201 3883 380 3944 scissiones
403 3902 520 3945 eorum
539 3879 613 3966 jam
646 3884 683 3946 in
706 3879 878 3945 similibus
911 3878 1045 3944 casibus
1074 3885 1228 3942 assuetae
1253 3875 1374 3940 Turcis
1406 3895 1500 3940 more

201 4010 262 4052 suo
282 4010 354 4052 sese
380 3991 441 4052 uni
461 3993 551 4072 parti
567 3991 810 4055 dissidentium
825 3989 1072 4074 Hungarorum
1088 3985 1155 4067 (illi
1170 3986 1380 4070 praesertim,
1395 4007 1501 4069 quam

203 4099 431 4179 potentiorem
443 4099 579 4180 putant)
590 4096 872 4162 insimulantibus
891 4103 926 4159 et
941 4092 1217 4176 adhaerentibus,
1232 4099 1272 4157 ut
1289 4091 1420 4156 scilicet
1434 4091 1501 4156 hac

202 4204 308 4266 etiam
332 4206 475 4288 ratione,
499 4213 533 4270 et
553 4204 656 4291 juxta
679 4215 833 4270 veterem
856 4225 953 4268 suam
977 4200 1155 4284 malitiam,
1188 4200 1379 4283 potentiam
1402 4219 1501 4262 suam

203 4311 400 4395 extendant,
424 4314 659 4399 regnandique
683 4313 888 4396 cupidinem,
908 4317 1077 4396 quantum
1093 4315 1243 4391 possunt,
1259 4305 1428 4390 expleant.
1444 4305 1501 4370 Ex

201 4416 327 4499 quibus
351 4423 506 4505 sequitur
529 4421 714 4507 Hungaros
738 4443 809 4484 esse
833 4417 1046 4502 adjuvandos
1065 4423 1207 4480 externo
1224 4414 1386 4480 subsidic.
1409 4413 1501 4480 Nam

202 4523 356 4610 alioquin
394 4528 534 4611 Turoae,
573 4531 602 4593 01
641 4528 775 4593 viribus
814 4529 884 4590 suis
922 4525 1044 4606 fidrmt,
1075 4530 1135 4588 aut
1168 4522 1291 4588 deletis
1322 4521 1501 4606 Hungaris

202 4638 315 4698 totum
333 4635 495 4722 Regnum
518 4633 764 4722 subjugabunt,
787 4640 848 4698 aut
872 4654 953 4700 vero
969 4632 1154 4717 Hungaros
1177 4651 1212 4694 se
1228 4651 1386 4713 superare
1404 4645 1501 4712 posse
