3182 5210
1318 315 1382 408 rar

95 540 213 602 sanctis
239 536 515 622 progenitoribus
543 541 669 603 nostris
692 540 774 603 data
798 547 833 603 et
866 560 1023 604 concessa
1045 541 1049 620 Ι
1069 562 1135 625 quo
1159 543 1196 604 in
1227 541 1382 605 articulis

94 649 329 728 exprimuntur
361 643 599 729 infrascriptia
638 646 882 730 invola-biliter,
925 646 1023 710 firma
1062 646 1130 712 fide
1166 651 1382 736 promisimus

94 753 279 818 observare.

196 862 224 924 1.
249 860 405 924 PrImurn
429 859 600 940 videlicet,
624 863 715 945 quod
749 863 863 925 omnia
897 863 972 926 iura
1005 861 1225 926 ecclesiarum
1248 865 1285 926 in
1310 883 1382 945 pos-

93 967 304 1049 sessionibus,
328 965 420 1049 foris,
449 965 591 1032 tributis
614 975 650 1031 et
672 967 759 1047 aliis,
782 991 848 1053 que
871 967 1023 1032 ecclesiis
1046 990 1065 1031 a
1090 971 1217 1033 sanctis
1232 969 1290 1033 vel
1306 969 1382 1034 aliis

92 1073 235 1159 regibus,
253 1073 529 1159 progenitoribus
552 1077 687 1152 nostris,
711 1078 784 1140 sive
809 1076 885 1140 aliis
901 1075 1023 1140 incolis
1046 1078 1144 1161 regni
1167 1079 1277 1141 nostri
1302 1077 1382 1141 data

91 1189 166 1246 sunt
182 1190 219 1246 et
236 1203 402 1264 concessa,
418 1203 666 1264 conservamus,
683 1192 718 1246 et
737 1186 852 1247 omnia
876 1186 912 1247 in
935 1184 938 1262 l
959 1183 1138 1268 tegralIter
1163 1186 1383 1248 restituemus
1499 1201 1502 1218 ‘

90 1289 130 1352 ab
152 1289 306 1354 ecclesiis
330 1297 502 1372 occupata.
1075 1282 1077 1296 '

195 1400 226 1462 2.
250 1399 339 1463 Item
364 1398 498 1462 nullum
521 1401 725 1463 comitatum
749 1402 847 1484 regni
876 1402 986 1464 nostri
1010 1400 1161 1464 ecclesiis
1185 1400 1243 1464 vel
1266 1422 1384 1464 earum

91 1505 238 1588 prelatis,
262 1506 448 1572 baronibus
470 1508 527 1570 vel
550 1505 724 1571 nobilibus
739 1507 844 1571 alicui
859 1507 916 1571 vel
932 1507 1104 1592 aliquibus
1120 1511 1157 1571 in
1182 1517 1383 1591 perpetuum

88 1613 310 1679 conferemus
333 1615 516 1679 Imitantes
540 1617 577 1678 iu
599 1614 664 1678 hoc
687 1623 883 1680 sanctorum
901 1617 1157 1700 progenitorum
1181 1621 1383 1694 nostrorum,

89 1741 209 1804 rogum
232 1720 421 1786 illustrium
444 1722 633 1806 Huugarie‚
657 1723 806 1805 vestigia
836 1742 895 1804 pro
919 1720 1057 1785 modulo
1081 1729 1116 1784 et
1143 1743 1201 1804 pro
1219 1743 1323 1804 posse.

196 1828 226 1890 3.
251 1827 491 1892 Promittimus
513 1829 517 1904 l
537 1830 654 1909 eciam,
670 1827 758 1912 quod
785 1829 975 1912 dignitates
999 1849 1058 1892 seu
1082 1830 1266 1892 comitatus
1285 1830 1384 1913 regni

86 1937 206 2016 nostri,
230 1957 291 2000 seu
314 1943 434 2016 castra,
458 1935 601 1999 advenis
633 1935 690 2000 vel
721 1934 916 2018 hospitibus
948 1942 1010 1998 aut
1043 1938 1184 2020 paganis
1208 1935 1265 1999 vel
1289 1937 1385 2020 igno-

86 2043 218 2108 bilibus
240 2043 317 2124 hiis,
341 2045 401 2129 qui
417 2046 452 2107 in
472 2065 578 2129 regno
596 2051 714 2108 nostro
730 2051 936 2108 nocumenta
961 2041 1160 2128 frequenter
1182 2045 1384 2127 intulerunt,

9 2239 10 2242 Ἴ
85 2150 286 2214 nullatenus
302 2150 524 2232 conferemua
548 2174 610 2216 nec
634 2151 785 2216 consiliis
803 2153 929 2216 nostris
948 2154 1112 2216 interesse
1138 2155 1384 2234 permittemus.

194 2259 226 2322 4„
251 2259 323 2323 Nec
346 2261 454 2323 eciam
479 2259 621 2324 barones
645 2281 722 2324 suas
745 2259 935 2344 dignitates
957 2261 994 2321 in
1022 2269 1115 2324 certa
1143 2258 1365 2344 quantitatel

85 2368 232 2446 pecunie
256 2365 366 2432 locare
391 2368 638 2449 permittamuS,
662 2389 724 2430 neo
747 2368 840 2429 vicos
864 2387 949 2447 suas,
974 2368 1046 2430 sive
1070 2367 1243 2430 iudicatus
1267 2368 1304 2430 in
1330 2387 1385 2447 pa-

85 2473 204 2537 rochia
228 2471 378 2538 conferri
400 2473 612 2558 ignobilibus
641 2476 822 2556 paciemur.

195 2583 226 2643 '›
251 2580 341 2644 Item
364 2581 480 2644 nullus
503 2583 576 2644 sine
601 2583 799 2644 testimonio
818 2581 1047 2663 capitulorum
1070 2580 1127 2644 vel
1151 2588 1385 2644 conventuum

83 2687 125 2750 ad
152 2689 369 2769 presenciam
392 2687 573 2752 curialium
606 2689 772 2751 comitum
795 2687 850 2750 vel
874 2689 1116 2751 vicecomitum
1145 2688 1245 2750 citari
1271 2688 1385 2769 possit,

82 2817 144 2859 nec
170 2816 289 2859 comes
312 2796 478 2859 iudicium
503 2798 660 2878 recipere,
685 2802 746 2858 aut
770 2795 921 2858 iudicare
947 2801 1129 2876 presumat,
1153 2793 1280 2877 absque
1305 2814 1385 2878 qua-

84 2911 163 2965 tuor
186 2900 365 2966 nobilibus
387 2903 391 2980 l
410 2905 604 2966 nominatis

198 3011 230 3072 6.
254 3009 344 3073 Item
368 3009 571 3074 donaciones
595 3033 660 3094 que
687 3032 745 3092 per
769 3009 923 3073 dominos
951 3009 1071 3073 Bolam
1096 3017 1131 3072 et
1164 3009 1385 3090 Stephanum.

82 3117 240 3201 inclytos
264 3139 362 3201 reges
387 3117 574 3202 Hungarie‚
594 3116 748 3180 felicium
772 3117 1047 3180 recordationum
1071 3117 1251 3179 factas...
1276 3113 1385 3177 nulla-

83 3237 187 3290 tenus
217 3244 423 3305 revocamus,
447 3246 524 3288 cum
549 3223 654 3288 iidem
678 3223 851 3287 mediante
876 3225 1021 3303 iusticia⁷
1046 3222 1140 3287 felici
1164 3244 1321 3286 successu
1350 3229 1384 3284 et

83 3354 251 3417 prospero
276 3353 421 3416 regnum
445 3331 624 3416 Hungaria
648 3329 919 3415 gubernaverint
944 3338 978 3394 et
1003 3329 1133 3394 salubri
1153 3350 1285 3410 semper
1308 3349 1385 3392 con-

82 3441 161 3504 silio
189 3438 325 3503 fuerint
347 3440 409 3502 usi.

198 3547 229 3608 7.
253 3545 326 3610 Nec
345 3545 408 3611 hoc
426 3547 713 3628 pretermittimus
728 3545 819 3629 quod
839 3547 919 3630 quia
936 3543 1094 3608 dominus
1118 3566 1177 3608 rex
1202 3543 1385 3608 Ladizlaus

81 3654 197 3718 frater
223 3659 347 3734 nostor,
372 3654 408 3715 in
427 3659 519 3716 etate
544 3659 662 3716 tenera
686 3650 799 3716 fuerat
823 3654 1032 3716 constitutus
1061 3659 1096 3713 et
1119 3673 1265 3735 regnum
1288 3651 1385 3714 Hun-

79 3764 180 3846 garie
199 3759 340 3824 Tartari
363 3760 471 3823 in...
496 3757 694 3843 frequenter
709 3761 919 3840 invaserunt,
936 3767 971 3822 et
987 3759 1201 3841 quorundam
1217 3757 1386 3822 nobilium

79 3871 185 3956 regni
213 3868 325 3930 nostri
341 3873 454 3949 patres
478 3875 513 3929 et
537 3864 661 3930 fratres
677 3868 714 3929 in
730 3865 928 3931 defensione
951 3867 1050 3950 regni
1073 3872 1154 3929 sunt
1178 3867 1386 3948 interempti,

79 3979 296 4041 donaciones
313 3996 373 4056 pro
388 3995 507 4038 eorum
529 3975 684 4038 serviciis
708 3975 893 4038 meritoriis
913 3973 1136 4055 pereundam
1160 3995 1275 4057 regern
1298 3971 1301 4052 l
1322 3974 1386 4036 La-

79 4084 239 4150 dislaum
260 4078 354 4164 juste
371 4090 405 4145 et
422 4080 577 4166 legitime
597 4079 715 4162 factas,
740 4083 838 4145 iuxta
858 4079 1038 4144 consilium
1063 4079 1385 4162 archiepicoporum

79 4195 336 4274 episcoporum,
360 4197 395 4251 et
418 4187 691 4252 consiliariorum
723 4197 918 4251 nostrorum
953 4209 1011 4268 per
1039 4208 1183 4270 regnum
1208 4186 1386 4268 deputato-

80 4321 158 4364 rum
186 4297 387 4361 conservari
409 4295 582 4360 faciemus,

196 4405 230 4466 8.
246 4403 459 4469 Collaciones
475 4425 556 4468 vero
576 4403 749 4467 indebitas
759 4412 794 4466 et
812 4403 957 4466 iniustas
974 4408 1125 4482 tempore
1141 4403 1248 4483 ipsius
1264 4400 1387 4464 Ladiz-

78 4513 125 4578 lai
152 4514 255 4597 regis
280 4509 397 4592 sactasff
431 4511 667 4576 revocabimus
700 4510 842 4574 consilio
874 4510 1068 4573 eorundem.
1091 4509 1168 4572 Hoc
1192 4515 1307 4572 tamen
1330 4531 1387 4571 ex-

79 4641 216 4703 presse,
240 4619 332 4702 quod
356 4617 557 4682 collaciones
588 4617 633 4681 ab
665 4620 737 4699 ipso
762 4640 841 4701 rege
865 4616 1028 4680 Ladialao
1051 4615 1054 4695 l
1075 4615 1184 4679 factas
1208 4638 1314 4700 usque
1338 4614 1386 4678 fe-
