3138 5212
1273 395 1339 460 403

56 587 241 650 venditioni
257 595 447 670 exponatur
463 597 497 651 et
515 591 550 651 in
567 610 647 652 usus
664 592 870 654 necessarios
894 597 1124 674 convertatur,
1149 592 1213 656 sub
1233 617 1338 678 poena

54 694 250 776 perditionis
279 694 367 758 salis.

155 803 205 864 35.
230 799 329 882 Item,
353 803 443 887 quod
469 801 561 866 facta
595 825 676 886 pace
710 824 808 867 nemo
842 812 997 868 nostrum
1032 827 1118 870 nova
1144 807 1339 892 vectigalia,

52 907 109 972 hoc
132 917 185 972 est
209 909 413 972 Tricesimas
436 917 496 974 aut
520 909 686 974 Thelonia
721 913 757 974 iu
790 911 920 975 ditione
945 933 1005 975 sua
1030 917 1066 976 in
1090 915 1338 997 praeiudicium

52 1017 187 1082 ditionis
210 1019 352 1083 alterius
375 1027 531 1084 nostrum
560 1023 723 1104 imponat.

154 1126 205 1189 36.
228 1125 318 1190 Item
343 1130 372 1190 si
395 1127 504 1192 hostis
528 1130 717 1191 communis
742 1133 859 1191 contra
884 1148 945 1190 nos
968 1126 1087 1192 ambos
1110 1128 1167 1191 vel
1191 1127 1338 1192 alterurn

51 1239 200 1296 nostrum
224 1235 364 1297 interim
388 1255 455 1318 quo
480 1255 544 1316 pax
579 1236 652 1316 ipsa
686 1233 927 1317 publicabitur,
961 1235 1215 1318 expeditionem
1237 1258 1339 1319 gene-

50 1337 151 1402 ralem
174 1339 230 1403 vel
256 1339 497 1423 particularem
531 1337 668 1422 faceret,
701 1363 744 1404 ex
777 1349 859 1404 tunc
889 1344 986 1404 iuxta
1011 1345 1176 1425 temporis
1200 1346 1338 1426 exigen-

48 1448 137 1526 tiam,
162 1453 339 1530 tamquam
362 1445 487 1511 fratres
510 1453 546 1510 et
569 1450 671 1510 amici
696 1455 815 1512 mutuo
839 1469 900 1510 nos
925 1447 1129 1512 iuvabimus.

153 1552 204 1615 37.
227 1551 325 1636 Item,
341 1555 433 1638 quod
450 1557 579 1618 nemini
595 1553 812 1618 subditorum
831 1559 1010 1640 utriusque
1034 1565 1190 1620 nostrum
1206 1558 1337 1643 Castra,

46 1657 202 1738 Castella,
227 1658 398 1724 Civitates
422 1665 573 1725 munitas
605 1661 662 1725 vel
693 1661 778 1725 alias
811 1664 1019 1725 munitiones
1043 1662 1107 1726 sub
1132 1685 1238 1746 poena
1264 1688 1337 1748 per-

6 1753 7 1778 ³
48 1775 166 1850 petuae
190 1766 407 1834 infidelitatis
432 1791 491 1852 per
507 1791 567 1833 nos
583 1769 700 1833 ambos
717 1769 1001 1834 irremissibiliter
1016 1770 1215 1853 exequenda
1234 1768 1336 1856 furt0,

47 1875 236 1955 proditione
260 1883 320 1939 aut
344 1875 412 1938 alia
435 1879 593 1962 quamvis
616 1885 690 1940 arte
707 1877 809 1940 liceat
833 1875 1027 1941 subintrare
1051 1885 1086 1940 et
1110 1898 1283 1962 occupare,
1300 1887 1335 1943 et

46 1986 181 2069 siquae
205 1991 306 2048 erunt
329 1983 454 2067 ablata,
477 1985 532 2049 his
563 2006 708 2070 quorum
741 1993 847 2066 erant,
881 1987 1118 2066 restituantur,
1143 1985 1336 2072 damnaque

45 2091 104 2154 alia
131 2089 370 2155 refundantur.

151 2199 202 2262 38.
225 2197 324 2278 Item,
348 2197 439 2282 quod
459 2201 589 2261 nemini
605 2199 822 2263 subditorum
839 2202 1018 2284 utriusque
1043 2207 1207 2282 nostrum,
1225 2203 1335 2266 cuius-

44 2327 174 2391 cunque
198 2313 309 2370 status
333 2315 368 2369 et
385 2305 592 2370 conditionis
609 2309 744 2390 existat,
761 2307 825 2371 sub
846 2329 952 2390 poena
969 2310 1006 2371 in
1028 2307 1182 2392 generali
1198 2308 1335 2373 decreto

45 2414 140 2478 istius
164 2417 264 2498 regni
287 2413 486 2497 Hungariae
507 2435 673 2496 expressa,
697 2413 804 2479 ullam
827 2423 1000 2479 monetam
1023 2414 1147 2479 cudere
1171 2415 1229 2480 vel
1252 2415 1334 2480 cudi

45 2516 151 2584 facere
177 2523 434 2603 permittemus;
473 2520 516 2583 de
555 2529 692 2585 moneta
724 2530 840 2586 autem
874 2522 938 2586 sub
971 2527 1150 2608 utriusque
1179 2531 1334 2588 nostrum

43 2629 204 2710 audenda,
227 2635 347 2692 mutuo
371 2649 431 2692 nos
461 2627 750 2691 concordabimus

148 2735 199 2799 39.
223 2735 322 2818 Item,
346 2736 436 2821 quod
470 2737 636 2800 medietas
670 2736 785 2801 Castri
818 2737 991 2822 Thockay,
1016 2761 1057 2802 ex
1082 2761 1149 2823 quo
1173 2738 1239 2802 alia
1265 2761 1333 2801 me-

43 2841 150 2906 dietas
174 2863 265 2906 nunc
290 2850 341 2906 est
365 2845 402 2906 in
426 2843 583 2907 manibus
609 2848 715 2928 ipsius
739 2845 780 2909 D.
796 2847 904 2930 Regis
928 2847 1099 2911 Iohannis
1123 2856 1157 2911 et
1182 2855 1332 2911 castrum

42 2948 200 3035 Regecz⁸
223 2954 255 3014 ei
278 2953 507 3016 restituantur
529 2960 682 3035 tempore
708 2953 950 3036 publicationis
975 2955 1076 3036 pacis,
1101 2955 1200 3017 iustis
1216 2961 1334 3018 tamen

42 3056 165 3122 debitis
190 3065 224 3122 et
249 3057 539 3142 inscriptionibus,
572 3081 659 3143 quae
682 3059 725 3122 ad
751 3061 843 3123 dicta
875 3067 987 3123 castra
1021 3059 1112 3123 facta
1141 3082 1212 3124 esse
1237 3061 1334 3125 dino-

41 3171 190 3246 scuntur,
214 3165 374 3247 primitus
399 3164 589 3248 persolutis.
622 3165 745 3250 Itaque
779 3167 894 3231 Sermus
917 3167 994 3231 Rex
1018 3166 1043 3231 J
1044 3187 1169 3230 oannes
1193 3189 1262 3231 non
1284 3177 1333 3232 te-

7 3295 8 3314 *
41 3279 161 3335 neatur
185 3270 377 3354 persolvere
401 3273 468 3334 nisi
501 3291 562 3354 pro
595 3273 707 3336 media
742 3282 837 3357 parte
872 3277 1105 3356 inscriptionis
1129 3274 1243 3339 Castri
1267 3276 1332 3340 To-

40 3378 143 3463 ckay;
168 3383 282 3462 ipsum
305 3385 421 3442 autem
445 3378 606 3443 Castrum
639 3381 787 3465 Tockay,
820 3403 996 3466 quousque
1021 3381 1126 3447 fuerit
1152 3387 1218 3467 ipsi
1241 3383 1333 3468 Regi

7 3525 8 3574 3
40 3483 166 3550 Joanni
189 3489 325 3570 integre
341 3485 553 3566 eliberatum,
573 3494 711 3549 maneat
727 3489 867 3551 interim
892 3491 927 3551 in
952 3489 1070 3553 eodem
1094 3499 1187 3556 statu
1212 3494 1331 3575 inquo

7 3577 8 3670 }
41 3613 126 3657 nnnc
150 3596 281 3658 existit.

7 3689 8 3692 ¹
144 3701 198 3765 40.
223 3699 322 3782 Item,
341 3702 421 3783 quia
441 3699 557 3764 Sermus
580 3701 657 3765 Rex
681 3701 831 3766 Joannes
855 3711 965 3768 totam
990 3709 1216 3770 intentionem
1235 3728 1330 3770 suam

39 3807 168 3872 adhoc
194 3806 334 3871 tendere
359 3806 556 3890 declaravit,
580 3809 750 3894 quomodo
782 3809 943 3892 Regnum
973 3813 1173 3897 Hungariae
1198 3835 1330 3876 conser-

38 3921 137 3980 vetur
161 3923 196 3979 et
220 3913 387 3980 liberetur
410 3921 444 3980 et
468 3915 571 3978 simul
588 3937 666 3979 cum
684 3915 860 3998 republica
877 3917 1074 3982 Christiana
1098 3919 1233 3984 salvum
1257 3941 1330 4003 per-

39 4031 182 4106 maneat,
216 4045 318 4108 seque
351 4046 426 4088 earn
450 4023 575 4088 habere
599 4022 702 4088 fidem
727 4033 761 4088 et
786 4047 881 4108 spem
913 4025 1077 4089 Caesarea
1102 4023 1186 4088 lidate
1214 4047 1330 4109 quern·

38 4131 221 4196 admodum
263 4138 298 4195 et
340 4150 400 4193 nos
442 4151 575 4215 quoque
616 4130 849 4196 indubitatam
892 4132 1065 4214 habemus
1098 4133 1189 4217 quod
1223 4134 1329 4214 ipsius

38 4236 132 4302 Matls
163 4237 252 4302 nihil
287 4235 355 4302 tale
388 4239 424 4300 in
457 4237 520 4301 hoc
549 4241 687 4322 negotio
721 4239 890 4321 decernet,
922 4241 989 4302 nisi
1021 4241 1112 4324 quod
1146 4237 1328 4302 manifeste

88 4411 143 4465 'E
172 4411 300 4466 vtrakat
327 4411 484 4466 kuzvetlen
507 4429 525 4465 a
552 4411 626 4467 beke
735 4413 850 4482 parnak
863 4411 1047 4467 inscribtlta.
1063 4411 1204 4483 (Ktrolyi
1218 4392 1328 4482 drpad,

37 4499 205 4573 megkttdse
234 4502 308 4556 eldtt
337 4503 476 4557 merten
501 4502 627 4575 foglalta
735 4500 851 4556 Adalek
879 4519 897 4556 a
918 4502 1106 4574 nagyvtradi
1134 4500 1209 4555 be'ke
1237 4501 1329 4556 torte-

37 4590 63 4642 el
81 4591 151 4647 sels
170 4589 284 4646 Lentrt
297 4608 312 4647 s
325 4591 434 4662 Tokajt
456 4591 626 4646 Ferdintnd
734 4590 867 4646 netehez.
887 4591 1042 4645 Sataadok.
1059 4591 1134 4645 1878.
1149 4588 1207 4644 evi.
1221 4592 1281 4645 688.
1296 4591 1328 4659 l.)

37 4681 158 4736 azonnal
187 4681 286 4751 ⁴10,le
313 4681 394 4737 l'rtba
422 4679 533 4753 Seredy
554 4681 626 4737 Gas-

1164 4788 1219 4843 26*
