3124 5216
219 391 286 462 744

218 592 449 658 Abbatiarum
472 600 507 656 et
531 593 859 676 Praepositurarum,
892 591 1180 676 Desertorumque
1208 590 1449 656 Claustrorum
1479 599 1510 651 et

218 701 504 766 Monasteriorum
528 699 624 764 Bona
648 700 820 764 communi
844 699 1146 763 Praedecessorum
1173 699 1380 763 Nostrorum
1404 695 1511 760 felicis

218 809 400 872 memoriae
422 808 559 892 Regum
582 807 782 890 Hungariae
805 813 841 870 et
865 809 1043 891 signanter
1065 805 1279 870 Ferdinandi
1298 806 1382 870 I-mi
1404 805 1511 888 Impe-

218 917 341 979 ratoris
365 923 401 980 et
423 915 531 999 Regis
555 915 763 998 Hungariae,
787 935 848 978 nec
872 935 941 977 non
965 912 1127 978 Statuum
1151 921 1186 976 et
1210 912 1381 977 Ordinum
1400 912 1512 996 Regni

218 1022 394 1087 Consensu
409 1019 568 1085 Articulo
587 1021 662 1085 120
681 1021 776 1085 reta
793 1019 993 1103 declaratae,
1010 1025 1142 1083 caetera
1166 1021 1258 1084 inter
1281 1042 1342 1104 pro
1368 1019 1513 1103 publicis

219 1129 359 1212 Scholis,
383 1130 626 1214 institutisque
650 1129 831 1192 Literariis
854 1128 1043 1212 designata,
1066 1135 1170 1214 atque
1189 1131 1352 1192 maiorem
1377 1128 1512 1192 illorum

219 1243 351 1318 partem
388 1236 446 1301 1110
484 1239 699 1321 potissimum
737 1237 963 1302 fundamento
1010 1239 1326 1322 supramentionato
1365 1233 1513 1299 abolitae

220 1345 401 1409 Societatis
439 1346 614 1430 Religioso
653 1345 767 1410 ordini
800 1367 860 1428 per
897 1345 1178 1409 Praedecessores
1216 1343 1362 1408 Nostros
1401 1343 1513 1427 Reges

220 1451 429 1536 Hungariae,
452 1459 513 1515 aut
536 1451 659 1516 saltem
683 1473 761 1516 cum
784 1473 902 1516 eorum
925 1473 1091 1516 consensu
1107 1473 1185 1514 cum
1208 1471 1309 1515 onere
1334 1451 1514 1533 providen-

220 1559 341 1622 darum
364 1557 586 1623 Publicarum
602 1559 803 1624 Scholarum
819 1559 943 1624 collata
969 1567 1029 1642 est,
1045 1560 1173 1623 idcirco
1191 1559 1385 1644 generatim
1401 1559 1513 1622 omnia

218 1666 315 1730 Bona
331 1665 474 1730 Mobilis
498 1673 534 1730 et
550 1664 739 1732 immobilia
764 1689 824 1751 per
839 1690 930 1731 1110
955 1667 1087 1732 dictum
1110 1665 1279 1731 abolitum
1298 1665 1514 1750 Religiosum

220 1773 383 1838 Ordinem
407 1773 589 1838 Societatis
612 1774 705 1857 ι1001,
729 1797 789 1840 001
806 1778 944 1858 praevia
968 1778 1109 1858 ratione,
1133 1796 1193 1838 seu
1215 1773 1284 1838 alio
1307 1776 1514 1858 etiamque

219 1902 351 1966 cunque
375 1883 475 1946 modo
498 1885 674 1968 acquisita,
698 1891 734 1948 01
758 1905 917 1968 possessa,
940 1889 1043 1968 atque
1065 1885 1109 1948 ad
1132 1883 1295 1948 Nostram
1311 1882 1515 1966 Dispositio-

219 2011 297 2053 nem
321 1991 493 2073 devoluta,
516 2013 670 2077 quaeque
695 2015 714 2056 a
738 1991 918 2076 quibusvis
943 1995 1009 2077 piis
1032 1989 1311 2058 Fundationibus
1338 1997 1375 2054 et
1398 1989 1515 2054 Eccle-

219 2099 346 2161 siarum
392 2098 540 2163 Dotibus
588 2120 649 2164 suo
691 2099 792 2164 modo
839 2103 1062 2186 sequestratis
1099 2122 1139 2164 ac
1178 2119 1280 2182 penes
1327 2097 1516 2180 peculiares

220 2205 490 2270 Fundationales
506 2206 642 2270 Literas
665 2207 857 2291 extraditis,
873 2213 1119 2288 remanserunt,
1137 2227 1216 2270 cum
1240 2210 1393 2269 cessante
1410 2207 1515 2268 etiam

221 2311 388 2376 instituto
413 2312 580 2396 saepefati
604 2315 743 2381 Ordinis
766 2316 944 2401 Religiosi,
962 2316 1170 2380 Institutum
1193 2319 1310 2377 tamen
1334 2313 1517 2396 providen-

219 2417 341 2482 darum
373 2418 589 2502 publicarum
623 2423 833 2506 Scholarum,
872 2426 909 2487 in
942 2425 1149 2506 praecitatae
1180 2421 1285 2506 Legis
1319 2421 1516 2520 provisione

219 2524 416 2610 fundatum,
463 2550 533 2593 101
573 2533 767 2613 cessaverit,
805 2553 926 2595 verum
963 2529 1007 2594 ad
1046 2527 1219 2614 publicam
1252 2530 1517 2614 providentiam,

220 2655 403 2718 curamque
426 2635 589 2700 Nostram
604 2638 760 2722 Regiam,
783 2659 850 2722 qua
874 2641 909 2703 in
927 2637 1176 2702 Educationem
1192 2643 1295 2721 atque
1319 2635 1517 2702 Institutio-

219 2762 298 2804 nem
322 2741 525 2807 Juventutis
542 2742 625 2807 ferri
649 2751 813 2828 tenemur,
830 2746 999 2828 reciderit,
1019 2767 1079 2828 pro
1104 2751 1268 2828 perpetua
1291 2743 1383 2809 Dote
1398 2745 1518 2808 Fundi

220 2848 429 2932 Studiorum,
454 2857 488 2914 et
513 2851 715 2916 Scholarum
747 2849 963 2935 publicarum
986 2854 1022 2916 in
1055 2851 1218 2936 percharo
1241 2853 1363 2937 Regno
1388 2853 1518 2916 Nostro

221 2955 429 3040 Hungariae,
446 2959 706 3044 Provinciisque
721 2961 864 3024 adnexis
879 2961 1104 3024 existentium
1126 2958 1218 3023 infra
1242 2959 1382 3024 uberius
1405 2960 1519 3024 decla-

220 3063 327 3126 randa
366 3064 569 3129 modalitate
616 3065 801 3130 clementer
839 3067 1004 3132 donamus
1042 3074 1077 3130 et
1119 3065 1335 3148 conferimus,
1374 3063 1518 3151 ejusque

218 3168 566 3235 Administrationem
589 3172 832 3238 Jurisdictioni
858 3174 1026 3257 politicae,
1058 3181 1094 3237 et
1126 3175 1316 3257 respective
1348 3174 1520 3240 Commis-

220 3278 308 3341 sioni
332 3276 533 3342 Studiorum
557 3301 599 3342 ex
622 3279 762 3344 Gremio
778 3281 923 3345 Consilii
941 3281 1060 3346 Nostri
1075 3281 1180 3366 Regii
1199 3281 1519 3346 Locumtenentalis

222 3383 441 3466 peculiariter
464 3388 681 3470 constitutae,
701 3386 764 3451 sub
780 3387 1031 3471 inspectionem
1054 3389 1218 3453 Eiusdem
1242 3387 1396 3468 Consilii,
1413 3397 1519 3474 atque

219 3513 376 3575 suprema
400 3493 597 3558 Directione
625 3502 660 3558 et
692 3495 924 3578 Dispositione
948 3496 1074 3560 Nostra
1097 3496 1217 3581 Regia,
1245 3493 1353 3560 Nobis
1377 3495 1519 3560 Funda-

219 3607 336 3664 mento
360 3601 493 3686 Legum
516 3602 632 3686 Regni
654 3603 808 3688 alioquin
831 3610 1053 3686 competente,
1073 3603 1268 3686 deferimus,
1287 3604 1518 3688 universaque

219 3705 408 3792 Privilegia
441 3715 475 3772 et
508 3709 595 3774 Jura
628 3712 840 3774 mentionato
872 3709 1048 3793 Religioso
1087 3709 1210 3775 Ordini
1250 3708 1400 3775 abolitae
1436 3710 1517 3774 olim

220 3813 402 3879 Societatis
441 3815 526 3881 Jesu
558 3817 691 3900 collata,
723 3841 762 3882 ac
801 3839 936 3903 quoquo
968 3818 1068 3882 modo
1107 3820 1212 3881 etiam
1250 3815 1446 3880 Fassionali
1485 3825 1516 3878 et

219 3923 378 4004 emptitio
417 3923 503 3988 Jure
535 3946 595 4007 per
633 3947 711 3988 eum
743 3926 920 4010 acquisita,
944 3923 1091 4008 benigne
1130 3923 1380 4004 confirmamus,
1405 3930 1444 3987 et
1484 3925 1516 3985 in

219 4027 422 4095 Generalem
454 4031 616 4096 Fundum
653 4033 863 4116 Studiorum,
896 4055 975 4097 cum
1007 4034 1100 4096 omni
1137 4033 1162 4098 J
1163 4054 1222 4096 ure
1255 4034 1361 4096 etiam
1394 4033 1517 4117 Regio

220 4136 311 4219 quod
336 4137 414 4220 Nos,
442 4138 672 4222 Nostramque
696 4139 914 4204 Maiestatem
937 4161 1139 4224 quocunque
1159 4139 1262 4203 titulo
1287 4146 1518 4216 concerneret,

220 4242 329 4320 (salvo
352 4244 437 4309 Jure
470 4244 595 4324 alieno)
619 4267 724 4330 eaque
757 4247 888 4309 ratione
919 4243 1167 4328 transferimus,
1192 4253 1231 4309 ut
1265 4267 1324 4328 pro
1356 4265 1518 4329 supremo

219 4349 244 4415 J
245 4371 304 4414 ure
327 4352 453 4416 Nostro
478 4353 694 4436 PatronatuS,
728 4355 960 4438 eminentique
984 4355 1185 4439 quarumvis
1209 4355 1343 4436 piarum
1376 4353 1519 4417 Funda-

218 4459 353 4523 tionum
368 4459 595 4542 Inspectionis
620 4466 798 4542 potestate,
814 4461 959 4523 eundem
983 4461 1145 4525 Fundum
1162 4459 1371 4542 Studiorum,
1387 4467 1518 4525 totum-

219 4585 286 4647 que
317 4565 526 4629 Literarium
558 4566 765 4629 Institutum
798 4569 835 4629 in
867 4565 1125 4652 quibuscunque
1149 4569 1268 4649 censio,
1296 4576 1368 4631 tam
1391 4571 1520 4640 active,

221 4690 324 4751 quam
353 4673 485 4752 passive
522 4674 655 4735 ratione
679 4675 879 4755 quorumvis
910 4673 1084 4737 Bonorum
1116 4673 1305 4758 mobilium,
1328 4683 1435 4759 atque
1471 4679 1521 4740 in-
