3142 5214
1286 375 1351 439 595

52 568 170 650 quieti
188 576 224 631 et
244 569 419 633 commodo
444 567 613 652 Statuum,
638 570 798 634 ordinum
821 577 855 634 et
879 571 1068 636 incolarum
1090 573 1253 655 omnium,
1277 574 1351 635 uni-

53 695 245 758 versaeque
256 675 463 759 reipublic-ae
474 676 680 740 christianae
694 677 890 761 conducere,
900 679 1036 743 eosdem
1053 681 1089 742 in
1105 679 1264 744 omnibus
1280 683 1350 742 suis

52 781 216 863 partibus
240 788 275 845 et
299 782 460 866 capitulis
492 783 720 866 approbamus
747 790 782 848 et
805 787 843 848 in
866 792 1070 870 perpetuum
1092 787 1243 851 valitura
1275 787 1350 872 lege

51 891 232 952 sancimus
246 897 365 953 tenore
381 892 620 974 praesentium,
645 891 877 973 promittendo
901 895 938 956 in
961 891 1067 957 verbo
1083 896 1186 979 regi0,
1203 915 1242 957 ac
1258 894 1350 977 apud

51 995 132 1060 Nos
165 1003 200 1059 et
233 995 493 1061 Serenissimam
525 1005 678 1062 nostram
710 999 850 1064 domum
880 1022 1056 1086 nunquam
1085 1001 1245 1066 violabili
1274 1000 1351 1083 fide,

50 1104 151 1188 quod
171 1103 248 1167 ilios
273 1102 420 1168 firmiter
445 1113 479 1169 et
503 1107 701 1169 inconcusse
724 1105 937 1170 servabimus
961 1115 997 1172 et
1023 1111 1154 1172 servari
1177 1107 1351 1190 faciemus

50 1207 189 1293 majora
213 1217 248 1274 et
272 1208 401 1294 majora
433 1233 574 1294 semper,
598 1214 635 1274 in
657 1210 893 1276 fidelissimam
924 1213 1023 1278 nobis
1054 1219 1203 1300 geniem,
1228 1235 1351 1297 ponere

50 1317 225 1382 beneficia
258 1322 426 1402 propensi¹
458 1319 588 1383 Datum
620 1320 657 1381 in
689 1317 842 1383 Civitate
875 1319 1001 1384 Nostra
1025 1321 1178 1385 Viennae
1212 1320 1267 1384 dic
1295 1322 1351 1385 4-a

51 1426 189 1490 Mensis
213 1423 420 1510 Decembris,
434 1425 535 1491 Anno
552 1433 628 1510 post
644 1407 867 1490 nativitatem
883 1427 1023 1492 Domini
1040 1428 1136 1492 1691.
1152 1429 1352 1515 Regnorum

50 1533 264 1598 Nostrorum
287 1533 435 1599 Romani
459 1536 545 1618 34-0,
569 1535 762 1620 Hungarici
786 1535 873 1618 37-0,
897 1535 1076 1602 Bohemioi
1099 1558 1180 1601 vcro
1205 1538 1292 1600 36-0.

222 1641 424 1726 Leopoldus.

437 1749 475 1813 Τ.
499 1748 540 1812 A.
564 1749 735 1812 Henricus
759 1747 879 1812 Comes
903 1749 945 1812 de
969 1748 1187 1814 Strattmann
1210 1773 1253 1814 m.
1278 1773 1308 1833 p.

501 1856 544 1920 ad
568 1856 772 1920 Mandatum
795 1854 828 1919 S.
851 1856 888 1921 C.
912 1857 954 1921 R.
978 1857 1046 1922 Mis
1070 1861 1246 1942 proprium

461 1961 655 2047 Stephanus
677 1961 834 2027 Andreas
857 1963 898 2028 de
923 1963 1165 2050 Werdenburg
1188 1985 1231 2028 m.
1254 1988 1286 2050 p.
