3160 5212
1330 363 1394 427 341

208 555 227 642 ξ
252 559 281 622 2.
305 557 343 623 Si
365 578 447 622 vcro
470 557 601 642 Comes,
617 558 674 624 vel
698 558 927 640 Viae-Comes
944 578 1022 622 cum
1038 562 1265 624 universitate
1289 548 1420 624 110111-ι

98 669 186 732 lium
210 663 424 731 insufficiens
456 673 545 731 esset
568 665 663 752 (quia
686 672 747 734 aut
779 666 948 732 Dominus
971 667 1179 732 Colonorum
1212 669 1394 750 resisteret,

1 779 2 860 ζ
97 783 161 838 aut
192 775 314 838 rustici
337 776 374 836 in
399 773 533 856 oppidu,
565 774 622 837 vel
656 775 799 838 civitate
839 777 972 838 munita
1006 773 1226 855 rebellarent)
1258 781 1394 860 extunc,

97 881 211 966 Regia
243 877 415 964 Majestas,
447 881 492 944 ad
515 883 783 966 requisitionem,
825 887 860 944 et
892 881 1178 964 supplicationem
1210 881 1404 965 Comitum‚'
1457 967 1458 974 ἵ

98 987 156 1052 vel
180 986 464 1070 Vice-Oomitum,
498 995 533 1053 et
565 988 740 1071 Judicum,
764 1011 803 1052 ac
832 991 1071 1053 universitatis
1102 989 1281 1055 Nobilium
1307 989 1395 1054 talis

1 1078 3 1087 ¹
95 1095 315 1176 Comitatus;
339 1115 417 1158 cum
435 1096 599 1181 gentibus
618 1099 697 1179 suis,
721 1118 760 1160 ao
783 1097 930 1160 aliorum
949 1093 1267 1180 circumjacentium
1282 1096 1395 1162 Comi-

1 1236 2 1296 ,
97 1208 247 1284 tatuum,
270 1207 306 1265 et
328 1199 564 1284 Dominorum,
587 1199 787 1285 hujusmodi
810 1201 990 1285 Civitates,
1013 1211 1048 1266 et
1077 1201 1211 1286 oppida,
1234 1202 1336 1268 villas
1360 1209 1394 1268 et

96 1311 254 1390 rusticos,
278 1309 321 1375 ad
346 1311 566 1393 praemissam
590 1308 862 1374 satisfactionem
885 1309 1087 1392 compellere
1111 1309 1225 1374 faciat.

207 1414 280 1500 §b
303 1417 351 1483 Et
385 1424 523 1502 propter
545 1417 766 1482 rebellionem
800 1417 946 1500 illorum,
974 1421 1079 1484 etiam
1107 1419 1238 1505 Regiae
1271 1417 1395 1503 Majes-

92 1528 164 1588 tati
204 1531 342 1590 tantum
380 1525 518 1598 solvant
556 1525 599 1608 (si
631 1525 839 1605 habebunt),
861 1532 1030 1611 quantum
1063 1525 1182 1592 Nobili
1219 1527 1319 1610 laeso,
1359 1536 1393 1593 et

0 1629 1 1632 ’
94 1630 318 1696 damnificato
351 1631 482 1696 solvere
515 1631 742 1714 tenebuntur;
767 1633 884 1696 Primo
918 1639 1034 1698 tamen
1065 1633 1185 1699 Nobili
1207 1635 1299 1699 laeso
1332 1635 1393 1700 fiat

91 1739 298 1804 satisfactio.

91 1877 246 1963 Rustici,
264 1879 314 1948 ud
322 1879 495 1970 bomuqiu
507 1880 799 1970 interemptorum
811 1879 994 1950 Nobilium
1011 1880 1195 1964 soluendo,
1206 1888 1392 1970 coquntur.

204 2008 384 2073 Articulus
407 2009 437 2073 8.
462 2009 572 2092 Super
599 2009 770 2094 homagiis
793 2031 928 2094 quoque
967 2009 1146 2074 Nobilium
1170 2014 1392 2094 interempto-

91 2138 173 2180 rum
197 2117 290 2182 idem
312 2125 365 2184 est
388 2117 607 2182 sentiendum
629 2125 732 2202 atque
765 2116 970 2182 faciendum.

205 2221 224 2308 ξ
250 2226 279 2290 1.
311 2225 360 2292 Ut
393 2225 525 2290 scilicet
557 2226 692 2310 oppida,
716 2223 895 2306 Civitates
918 2225 976 2290 vel
1000 2225 1112 2304 villae,
1136 2246 1223 2310 quae
1239 2232 1391 2310 tempore

89 2334 277 2398 occisionis
301 2331 545 2415 interfuerunt,
568 2340 604 2397 et
627 2339 888 2414 consenserim,
917 2333 1078 2418 homagia
1101 2335 1254 2397 omnium
1286 2333 1392 2399 Nobi-

91 2439 183 2504 lium
205 2437 271 2502 hoc
295 2445 447 2522 tempore
471 2439 636 2504 disturbii
659 2447 866 2524 necatorum,
896 2441 1087 2524 persolvere
1110 2445 1302 2504 teneantur.

205 2542 278 2629 §2
303 2545 341 2610 Si
363 2567 445 2610 vero
478 2549 600 2610 rustici
633 2548 675 2611 de
701 2547 768 2612 alio
807 2547 994 2624 Comitatu,
1027 2548 1152 2612 damna
1185 2545 1391 2632 hujusmodi,

1 2699 3 2714 1
90 2652 152 2717 vel
176 2651 362 2717 homicidia
386 2652 544 2717 intulisse
568 2657 798 2736 reperientur,
823 2661 949 2718 extunc
973 2653 1103 2733 Comes,
1132 2655 1391 2738 Viae-Comites

91 2782 133 2824 ac
157 2761 367 2824 universitas
404 2759 583 2824 Nobilium
607 2761 750 2825 alterins
783 2755 985 2846 Comitatus,
1020 2783 1078 2844 per
1110 2761 1228 2826 literas
1259 2762 1391 2845 horum,

88 2867 252 2950 Comitis,
276 2867 530 2949 Viae-Comitis,
554 2890 593 2931 ac
617 2869 753 2934 Judicis
785 2867 964 2934 Nobilium
997 2872 1200 2952 requisitus;
1233 2877 1392 2936 teneatur

90 2997 136 3038 ex
161 2981 259 3057 parte
283 2974 420 3038 illorum
436 2979 650 3055 rusticorrun,
667 2977 767 3042 laesis
783 2975 1053 3041 satisfactionem
1078 2978 1273 3060 impendere
1290 2979 1390 3042 morlo

89 3081 357 3164 praedeclarato

90 3222 133 3289 ln
160 3222 341 3312 tromuyiir
370 3223 552 3292 Nobilium
587 3224 824 3308 exsolvendis,
861 3232 893 3292 et
925 3225 1070 3293 domnis
1104 3227 1390 3314 compensunclia

374 3329 546 3418 facientes
567 3337 600 3400 et
628 3333 844 3401 conscientes
878 3333 1105 3400 mulctentur.

202 3460 381 3525 Articulus
398 3461 427 3526 9.
444 3461 613 3539 Quoniam
637 3471 752 3526 autem
776 3463 934 3530 nonnulli
953 3485 1054 3546 super
1073 3460 1281 3545 ejuscemodi
1296 3463 1390 3527 dam-

1 3563 2 3580 *
87 3587 217 3632 norum
241 3567 488 3634 rectificatione
521 3572 775 3652 contendentes
799 3575 904 3636 etiam
934 3575 1140 3646 innocentes,
1164 3576 1198 3633 et
1232 3573 1389 3635 innoxios

87 3673 134 3736 ari
160 3674 364 3740 damnorum
397 3677 602 3741 solutionem
619 3678 820 3762 compellere
853 3679 1091 3761 moliebantur,
1125 3685 1321 3761 asserentes,
1354 3689 1389 3744 et

88 3781 299 3866 allegantem
323 3783 417 3868 duos,
440 3791 501 3848 aut
517 3791 595 3868 tres,
619 3788 781 3870 quinque,
804 3786 861 3849 vel
885 3809 943 3850 sex
961 3807 1120 3869 personas
1144 3806 1213 3848 non
1237 3787 1387 3868 potuisse

1 3907 2 3914 ¹
88 3890 134 3952 ‹le
158 3909 228 3952 una
251 3889 345 3974 villa,
369 3913 429 3955 seu
452 3893 577 3974 oppido
601 3892 690 3956 mala
721 3899 864 3975 patrare,
898 3897 927 3957 si
951 3893 1080 3978 reliqua
1107 3893 1294 3959 multitudo
1327 3905 1387 3960 aut

2 4013 3 4084 j
88 3997 320 4060 communitas
344 3995 414 4060 illis
438 4019 505 4060 non
530 4001 772 4080 consensisset;
799 4001 883 4083 ideo,
908 3999 1082 4081 facientes,
1107 4009 1141 4063 et
1175 4006 1386 4066 consentien-

2 4109 4 4194 1
88 4113 152 4185 tes,
178 4105 253 4184 pari
277 4123 383 4186 poena
408 4104 555 4168 debeant
580 4108 703 4187 puniri.

2 4195 3 4203 ἵ
201 4206 220 4292 ξ
246 4210 274 4274 1.
290 4209 366 4274 Hoc
381 4210 463 4274 licet
479 4233 600 4275 verum
616 4215 671 4294 sit,
696 4216 731 4275 in
751 4234 916 4277 consensu
933 4213 1131 4296 deliberato,
1148 4223 1182 4277 et
1199 4215 1387 4300 malitioso3

117 4319 172 4379 iria
197 4323 314 4380 tamen
336 4321 485 4382 rusticus
509 4341 605 4400 unus,
630 4320 773 4383 alterins
799 4325 962 4403 potestati
986 4343 1053 4384 non
1082 4321 1207 4404 subest,
1232 4330 1271 4386 ut
1304 4324 1388 4388 alte-

118 4445 168 4487 rm
192 4429 253 4486 aut
277 4425 477 4508 compellere
511 4427 554 4489 arl
578 4427 666 4491 male
700 4429 963 4512 agendumaut
997 4431 1170 4494 retrahere
1196 4435 1310 4513 pravis
1343 4431 1388 4495 ab

118 4530 252 4596 neribus
276 4536 399 4616 possit3
424 4541 459 4598 et
482 4535 566 4599 alias
595 4539 780 4621 aequitatis
805 4542 892 4602 ratio
918 4539 1044 4621 (liciat,
1070 4547 1108 4602 nt
1133 4542 1190 4617 rei,
1215 4547 1249 4602 et
1274 4540 1387 4622 culpa-

122 4639 179 4704 les
203 4642 399 4730 puniantur,
424 4645 621 4707 innocentes
645 4651 761 4708 autem
790 4646 877 4709 salvi
902 4653 1070 4710 maneant.
1126 4691 1132 4704 .
