3124 5216
199 369 264 432 708

197 573 294 648 taret,
327 567 436 650 graui,
468 563 650 628 arbitraria
684 585 799 647 poena,
833 584 893 646 per
929 562 1245 628 iurisdictionatum
1284 565 1497 630 saecularem

195 675 437 758 magistratum
461 680 542 737 sunt
565 672 740 756 puniendi.
756 670 954 757 Antequam
970 678 1086 735 autern
1102 671 1271 736 eiusmodi
1286 671 1498 738 arbitrariae

196 803 322 866 poenae
346 779 505 846 effective
528 781 738 865 infligantur,
763 781 806 845 de
839 802 920 844 casu
952 781 990 844 111
1022 799 1137 844 casum
1170 779 1317 864 desuper
1349 784 1495 864 praeuia

195 889 238 953 ad
262 889 458 973 Augustam
481 887 609 954 Aulam
633 888 804 952 mittenda
827 890 893 952 erit
917 887 1047 952 relatio.

303 997 381 1063 VH.
405 997 455 1064 Ut
478 997 625 1080 disparis
659 997 836 1082 religionis
867 996 1031 1079 heminae,
1063 1003 1136 1059 tam
1168 997 1205 1058 iu
1237 997 1497 1080 articularibus,

194 1127 297 1188 quam
320 1127 389 1170 non
412 1103 654 1168 articularibus
677 1104 769 1187 locis,
793 1107 943 1188 praecise
966 1125 1080 1168 coram
1105 1103 1251 1186 parocho
1273 1103 1340 1169 loci
1364 1103 1499 1170 Catho-

194 1209 269 1294 lioo,
293 1214 551 1277 matrimonium
573 1214 660 1276 inire
685 1213 825 1296 possint,
849 1213 998 1276 admitti.

303 1321 400 1386 VIH.
423 1321 544 1386 Feriae
578 1342 676 1404 porro
703 1328 738 1385 et
766 1319 976 1386 festivitates
1008 1319 1274 1403 Catholicomm,
1306 1323 1414 1385 etiam
1448 1320 1497 1385 ab

194 1429 415 1514 Acatholicis,
438 1429 551 1514 quoad
576 1427 760 1512 publicum,
776 1435 812 1493 et
829 1427 943 1494 forum
959 1435 1148 1511 externum,
1165 1427 1338 1511 celebrari,
1354 1429 1495 1494 mecha-

194 1541 263 1602 nici
286 1541 370 1602 item
394 1537 619 1601 fundamento
643 1536 903 1620 privilegiorum
927 1557 1066 1602 suorum
1080 1537 1252 1601 consuetis
1268 1539 1496 1619 processioni-

196 1645 258 1710 bus
281 1648 445 1709 interesse
469 1641 653 1709 debebunt.

199 1761 202 1766 '
301 1753 366 1818 IX.
389 1752 432 1817 In
454 1753 598 1815 materia
622 1750 760 1814 demum
783 1751 977 1833 iuramenti,
1001 1773 1021 1814 a
1045 1749 1287 1834 profitentibus
1313 1749 1498 1835 Augusta·

193 1884 272 1926 nam
295 1861 352 1926 vel
368 1861 589 1926 Helveticam
606 1855 871 1941 Confessionem,
888 1857 1047 1942 deinceps
1063 1861 1100 1922 in
1115 1857 1270 1942 praefato
1286 1859 1495 1943 Hungariae

192 1969 315 2053 Regno
349 1966 558 2048 desumendi,
590 1965 776 2029 clementer
807 1965 952 2049 decerni,
984 1973 1025 2030 vt
1058 1967 1197 2048 iudices,
1219 1966 1348 2052 aliique
1372 1965 1497 2031 officia-

193 2084 359 2158 tenentes,
392 2077 507 2159 prouti
539 2079 574 2137 et
606 2073 774 2155 aduocati,
807 2074 946 2156 interea,
979 2081 1013 2137 et
1047 2074 1154 2138 donec
1185 2074 1280 2139 aliud
1304 2081 1497 2156 statuatur,

193 2187 308 2248 iurent
331 2184 374 2248 ad
398 2181 597 2247 Formulam
618 2179 843 2264 Decretalem,
867 2185 1035 2266 expressis
1050 2203 1172 2266 nempe
1187 2180 1302 2247 verbis
1318 2181 1494 2265 Deiparae

194 2293 357 2376 Virginis,
380 2313 419 2355 ao
444 2295 655 2370 sanctorum
679 2311 698 2352 a
722 2287 869 2353 testibus
892 2295 1008 2353 autern
1032 2289 1232 2352 desumatur
1254 2289 1495 2352 iuramentum

193 2401 229 2461 in
253 2397 362 2462 forma
385 2396 532 2480 vulgari,
554 2419 597 2461 ne
621 2419 738 2460 cursus
762 2397 937 2480 iuridicus,
953 2405 1026 2460 tam
1041 2395 1155 2460 civilis
1170 2417 1273 2481 quam
1289 2396 1496 2476 criminalis,

194 2527 361 2569 remoram
385 2507 546 2588 patiatur.

301 2610 484 2674 Caeterum
522 2612 821 2674 contrauentiones
862 2611 1010 2694 quasuiS,
1049 2611 1086 2672 in
1124 2613 1269 2674 materia
1307 2611 1496 2695 religionis

191 2717 366 2802 hucusque
390 2716 507 2800 factas,
532 2737 592 2802 pro
615 2715 679 2780 hac
695 2715 807 2780 adhuc
823 2719 916 2780 vice:
932 2715 1099 2780 obliuioni
1115 2717 1215 2799 tradi,
1231 2719 1353 2802 quodsi
1369 2726 1495 2782 tamen

191 2823 358 2887 alterutra
381 2826 541 2908 partium,
556 2847 616 2888 seu
631 2826 842 2910 quiscunque
869 2827 1082 2909 priuatorum
1107 2827 1365 2910 regnicolarum,
1390 2827 1493 2891 beni-

191 2935 269 3016 gnis
285 2931 561 3016 resolutionibus,
578 2940 612 2996 et
629 2932 911 3017 dispositionibus
936 2933 1244 3018 Caesareo-Regiis,
1266 2937 1304 2999 in
1322 2935 1495 3018 praealle-

192 3047 273 3125 gato
296 3040 473 3125 religionis
491 3045 630 3127 negotio
650 3045 864 3125 interuentis,
880 3045 1016 3126 privata
1032 3044 1219 3106 autoritate
1236 3045 1492 3122 contrauanire,

191 3157 226 3212 et
265 3152 337 3214 siue
376 3148 574 3214 Catholicus
617 3148 867 3234 Acatholicum,
906 3153 978 3213 siue
1009 3149 1233 3214 Acathclious
1266 3149 1490 3214 Catholioum

191 3263 331 3321 eatenus
354 3256 494 3321 turbare
518 3264 579 3321 aut
602 3257 782 3321 molestare
811 3263 1009 3340 attentaret,
1043 3278 1149 3340 poena
1181 3257 1407 3321 conueniente
1441 3257 1488 3320 ad

191 3367 393 3429 instantiam
440 3365 534 3429 Fisoi
580 3365 684 3448 Regii
732 3363 948 3445 desumenda,
987 3362 1272 3428 irremissibiliter
1311 3365 1488 3446 punietur.

190 3471 360 3555 Deinceps
392 3493 500 3555 porr0,
533 3473 562 3535 si
596 3472 673 3555 quis
705 3471 927 3554 priuatorum,
958 3471 996 3534 in
1019 3491 1160 3554 persona
1184 3469 1240 3534 vel
1264 3491 1383 3534 caussa
1406 3471 1490 3534 reli-

190 3580 302 3661 gionis
326 3600 360 3641 se
384 3585 612 3662 aggrauatum
635 3577 894 3658 existimauerit,
918 3575 1063 3658 desuper
1086 3598 1146 3641 suo
1170 3580 1315 3661 privat0,
1348 3585 1384 3641 et
1413 3599 1488 3643 non

190 3687 361 3748 communi
385 3687 521 3750 nomine
545 3685 588 3749 ad
612 3684 760 3767 Regiam
784 3682 953 3747 duntaxat
985 3683 1203 3748 Maiestatem
1235 3693 1390 3750 recurrat
1422 3708 1490 3770 pro

190 3791 349 3856 remedio
531 3871 532 3874 Ἴ

298 3900 407 3976 Quam
430 3899 615 3984 benignam
639 3895 725 3962 Suae
742 3897 934 3961 Maiestatis
951 3896 1206 3963 Sacratissimae
1222 3899 1487 3965 Resolutionem

191 4004 337 4070 Ciuitati
368 4006 458 4089 huic,
490 4005 613 4069 harum
645 4008 730 4069 serie
765 4025 824 4088 pro
857 4005 983 4067 notitia
1017 4011 1052 4068 et
1076 4005 1272 4090 directione,
1296 4006 1486 4093 debitaque

190 4117 243 4179 sui
271 4114 592 4196 accommodatione,
624 4112 853 4176 intimandam
885 4110 1008 4175 habuit
1045 4114 1195 4197 Regium
1234 4115 1299 4180 hoo
1336 4115 1490 4181 Locum-

190 4223 375 4287 tenentiale
404 4223 602 4288 Consilium.
627 4221 755 4285 Datum
780 4221 918 4284 Posonii
944 4243 986 4284 ex
1011 4221 1163 4287 Consilio
1194 4223 1306 4307 Regio
1337 4223 1491 4288 Locum·

189 4330 369 4395 tenentiali
390 4331 445 4395 die
469 4331 498 4396 6.
521 4329 623 4413 April
646 4350 734 4393 anno
761 4328 855 4392 1731.
879 4326 1058 4393 celebrato.
1081 4329 1279 4394 Eorundem

1168 4437 1334 4502 Benevoli

1051 4543 1173 4608 Comes
1196 4544 1271 4608 Nic.
1295 4543 1420 4630 Palffy.

1017 4653 1141 4737 Georg.
1164 4651 1440 4718 Fabiankowits.
