3124 5216
1316 385 1379 451 731

86 600 225 647 otta-ue-
282 582 398 646 ieralis
432 581 616 669 nignitati,
640 605 679 648 ac
703 590 904 648 ornamento
937 583 1126 669 ‹piidquam
1159 584 1257 666 desit,
1289 583 1380 668 quod

85 713 105 752 e
130 689 217 773 plen.
266 696 346 754 nine
370 689 511 754 Gratiae
535 697 671 755 nostrae
695 692 827 775 Regiae
851 689 913 771 illi,
930 679 1162 772 Membrisque
1179 686 1252 771 ejus
1269 697 1381 774 potest

85 797 245 879 conferri,
283 795 389 880 'Regii
426 796 545 860 hocce
584 805 700 862 nostro
742 797 940 880 Diplomate
969 817 972 830 ·
999 799 1173 878 satuimus,
1212 797 1382 882 simulque

85 903 312 988 decernimus
337 913 376 969 ut
400 905 483 970 haec
507 905 735 989 Universitas,
770 907 774 985 l
811 927 899 990 quae
915 893 1066 968 eriserit
1085 911 1202 968 nostra
1222 905 1381 985 Scientia,

86 1016 202 1077 animo
236 1005 436 1097 deliberato,
469 1034 618 1098 sanoque
651 1014 834 1077 accedente
867 1011 1028 1095 Consilio,
1052 1033 1090 1075 ac
1114 1013 1218 1095 Regii
1251 1012 1383 1077 roboris

86 1121 253 1186 firmitate
277 1129 329 1185 est
353 1125 573 1204 communita,
602 1121 771 1206 omnibus,
804 1127 839 1184 et
873 1124 965 1205 singi
979 1121 1028 1203 lie,
1061 1124 1115 1184 uti
1147 1120 1383 1202 supradictum

86 1242 149 1312 est,
182 1229 391 1314 Privilegiis,
425 1225 719 1312 Immunitatibus,
759 1227 1056 1312 ExemptionrbuS,
1089 1229 1383 1308 Praeeminentiis,

86 1337 354 1422 Praerogativis,
371 1336 622 1420 Facultatibus,
642 1337 667 1402 J
669 1336 797 1420 uribuS,
812 1335 964 1400 Induitis
981 1343 1016 1399 et
1033 1335 1165 1400 Gratiis
1181 1337 1234 1398 uti
1251 1333 1383 1411 debeat,

86 1448 206 1527 possit,
237 1466 276 1508 00
309 1443 433 1527 valeat,
466 1444 592 1528 quibus
630 1453 763 1508 caetera
803 1443 1001 1528 Gymnasia,
1040 1442 1163 1507 Studia
1201 1440 1383 1528 generalia,

83 1551 304 1634 Academiae,
336 1559 372 1614 et
404 1550 668 1633 UniversitateS,
699 1550 815 1615 ubivis
848 1551 1025 1634 Locorum,
1058 1557 1093 1613 et
1125 1549 1291 1614 Gentium
1325 1570 1385 1632 per

84 1659 250 1745 Regnum
274 1659 485 1744 Hungariae,
509 1666 612 1743 atque
636 1659 786 1744 reliques
809 1679 944 1743 quoque
964 1659 1223 1722 Haereditarias
1240 1658 1384 1721 Provin-

84 1770 159 1830 cias
182 1775 317 1831 nostras
340 1773 497 1850 utuntur,
521 1769 710 1850 potiuntur,
727 1775 763 1830 et
778 1767 940 1852 gaudent,
960 1764 1217 1850 quomodolibet
1236 1765 1384 1830 Oonsve-

85 1873 220 1958 tudine,
244 1873 301 1938 vel
325 1875 367 1938 de
390 1874 479 1958 Iure,
504 1875 701 1958 supplentes
734 1877 838 1938 etiam
871 1895 1091 1958 quoscunque
1125 1871 1280 1937 defectus
1312 1879 1384 1936 tam

84 1982 189 2064 IuriS,
212 2003 316 2066 quam
339 1983 448 2064 Facti,
472 1986 501 2047 si
525 1985 585 2066 qui
609 1981 699 2046 forte
723 1984 760 2045 in
783 1984 978 2065 praemissis
1011 1982 1289 2062 intervenissent,
1323 1987 1384 2044 aut

83 2091 316 2154 intervenisse
339 2091 417 2173 dici,
434 2097 495 2153 aut
510 2090 654 2175 allegari
678 2095 824 2173 possent,
849 2089 1092 2172 specialissime
1108 2110 1190 2153 vero
1206 2089 1385 2154 Universi-

84 2203 203 2260 tatum
227 2219 286 2280 per
309 2197 510 2282 Regnorum
533 2205 728 2261 nostrorum
747 2197 1067 2261 Haereditariorum
1083 2195 1167 2260 fines
1184 2202 1383 2272 erectarum,

85 2311 128 2366 ut
162 2311 232 2367 est:
271 2303 556 2388 VindobonensiS,
596 2306 789 2390 Pragensis,
828 2304 1040 2386 Graecensis,
1074 2311 1109 2368 et
1142 2302 1385 2384 Olomucensis‚

84 2409 171 2473 Iura
194 2412 307 2474 omnia
331 2432 371 2474 00
394 2409 584 2496 Privilegia
608 2411 650 2474 de
673 2412 727 2476 Re
749 2411 752 2490 l
773 2413 850 2496 giae
883 2417 1028 2492 nostrae,
1053 2417 1088 2474 et
1111 2408 1384 2492 Archi-Ducalis,

86 2519 280 2581 Potestatis
291 2517 506 2600 plenitudine
523 2518 677 2582 Budensi
692 2518 773 2582 huic
789 2518 1021 2583 Universitati
1037 2517 1254 2600 conferimus
1264 2518 1385 2581 damus

87 2631 126 2688 et
151 2624 318 2688 donamus
342 2624 441 2708 pleno
474 2647 553 2690 cum
585 2624 720 2708 effectu,
753 2624 841 2688 nihil
875 2626 1011 2708 penitus
1044 2625 1265 2708 excludenda
1289 2627 1386 2690 cuius

88 2735 163 2814 ipsa
187 2735 224 2795 in
248 2731 498 2796 favorabilibus
527 2733 569 2796 de
593 2733 678 2798 ι11110
712 2732 851 2816 speciali
883 2739 944 2796 aut
977 2736 1150 2796 communi
1182 2733 1302 2818 Regi0,
1325 2740 1386 2798 aut

88 2838 296 2922 Municipali
320 2839 520 2925 Hungarico
545 2862 651 2923 capax
675 2839 718 2904 de
742 2839 835 2903 fecto
869 2847 1035 2922 censetur,
1068 2839 1125 2904 vel
1159 2843 1195 2903 in
1228 2840 1386 2904 futurum

88 2945 296 3028 censebitur,
312 2945 402 3030 quod
419 2953 533 3010 totum
549 2969 610 3030 pro
626 2967 784 3030 expresso
800 2946 857 3010 1110
867 2946 1065 3010 habendum
1077 2969 1149 3010 esse
1165 2947 1386 3029 declaramus

91 3056 222 3135 pariter
246 3063 281 3117 et
305 3054 553 3138 consumamus,
577 3077 646 3120 non
670 3075 774 3138 secus,
797 3077 837 3118 ae
861 3057 890 3118 si
914 3051 987 3137 ejus
1011 3057 1117 3119 etiam
1140 3055 1331 3140 Privilegii,
1350 3061 1386 3117 et

90 3162 234 3226 Gratiae
259 3163 372 3226 'Penor
395 3162 452 3226 hic
476 3163 668 3246 descriptus
692 3161 894 3226 haberetur:
918 3162 1134 3246 Quapropter
1157 3182 1235 3226 cum
1266 3165 1386 3247 vigore

88 3273 222 3356 Regiae
247 3271 388 3335 Gratiae
412 3273 542 3336 Rector
565 3268 668 3354 hujus
691 3271 948 3354 Universitatis,
973 3268 1113 3356 ejusque
1142 3271 1385 3352 cancellarius,

88 3378 222 3442 Decani
244 3382 328 3442 item
351 3379 582 3462 Facultatum,
606 3388 642 3443 et
666 3381 772 3443 ceteri
794 3377 969 3462 Doctores,
988 3401 1027 3442 ac
1043 3379 1256 3444 Professores
1273 3382 1310 3443 in
1325 3377 1386 3441 ali-

89 3507 159 3570 quo
175 3485 295 3550 Gradu
310 3487 481 3550 litterario
497 3488 678 3551 constituti
695 3486 719 3551 J
720 3507 760 3550 us
776 3484 927 3549 habeant
946 3485 990 3549 ad
1009 3507 1125 3550 omnes
1148 3507 1204 3550 eos
1223 3486 1387 3550 Doctoru-

90 3605 158 3679 tus,
168 3595 434 3677 Licentiaturae,
444 3595 647 3680 Magisterii,
663 3594 958 3675 BacoalaureatuS,
974 3615 1013 3656 ac
1029 3597 1218 3658 universim
1233 3597 1387 3658 omnium

90 3701 271 3766 Graduum
296 3701 410 3766 titulis
435 3724 475 3765 ac
500 3703 710 3766 ornamentis
735 3700 1013 3782 cohonestandos,
1033 3721 1117 3784 quos
1143 3703 1281 3784 praevio
1298 3703 1387 3786 rigo-

91 3829 168 3873 roso
192 3811 348 3872 examine
372 3809 495 3894 dignos
518 3807 572 3872 his
596 3807 817 3871 Ornamentis
840 3808 1038 3888 repererint,
1062 3805 1221 3870 volumus
1237 3809 1285 3869 eti
1308 3807 1312 3886 l
1332 3827 1387 3870 am

92 3923 347 4000 consequenter,
370 3918 439 3980 imo
463 3916 686 3996 decernimus,
702 3937 741 3978 00
757 3937 775 3978 0
790 3915 921 3999 Regiae
945 3911 1056 3996 simul,
1073 3921 1108 3976 et
1124 3911 1388 3977 Archi-Ducalis

92 4033 229 4088 nostrae
253 4023 441 4088 Potestatis
466 4023 680 4106 plenitudine
713 4024 915 4086 statuimus:
939 4027 979 4083 ut
1003 4040 1118 4082 omnes
1152 4023 1200 4084 sic
1232 4020 1386 4106 legitime

94 4134 241 4215 promoti
265 4131 438 4214 Doctores
462 4131 677 4214 Licentitati,
700 4130 871 4215 Magistri,
895 4151 934 4191 ac
958 4127 1179 4191 Baccalaurei
1196 4149 1256 4210 per
1272 4149 1388 4191 omnes

93 4239 195 4304 Orbis
220 4239 418 4320 Christiani,
442 4241 620 4320 speciatim
643 4259 726 4302 vero
749 4238 906 4320 Europae
929 4235 1134 4300 Academias
1167 4255 1226 4318 pro
1259 4233 1387 4298 talibus

93 4347 294 4431 habeantur,
335 4350 472 4431 sintque
511 4349 695 4430 participes
728 4349 801 4428 ipso
834 4345 1065 4409 Promotionis
1104 4341 1196 4406 facto
1235 4344 1388 4405 omnium

94 4454 232 4518 illorum
247 4455 525 4540 Privilegiorum,
541 4454 752 4536 Gratiarum,
768 4453 1043 4533 Immunitatum,
1054 4449 1388 4534 Praerogativarum,

93 4563 371 4647 Exemptionutn,
394 4563 520 4648 quibus
544 4565 650 4626 ceteri
674 4564 711 4625 in
734 4561 812 4625 aliis
835 4557 1033 4622 Academiis
1052 4557 1215 4642 gaudent,
1231 4562 1388 4637 utuntur,

94 4692 132 4733 ac
157 4645 329 4754 fruuntul,
355 4678 430 4754 post
455 4669 613 4733 obtentos
630 4668 716 4733 tales
732 4668 877 4750 Gradus
896 4669 968 4730 sive
982 4663 1179 4728 huiusmodi
1199 4662 1388 4746 Privilegia
