3142 5214
222 360 288 422 606

220 556 392 620 1116611616
442 555 641 640 privilegiis
690 553 930 639 substrataque
970 557 1104 618 insueto
1147 552 1286 617 Ordinis
1332 552 1519 616 Teutonici

221 663 382 744 dominic,
406 665 492 744 eripi
516 683 588 726 sese
612 663 653 726 de
674 660 759 747 jugo
783 665 888 726 tacite
913 664 1134 746 ingemiscit.⁸
1166 660 1369 745 Ingemiscit
1397 660 1522 723 Natio-

220 769 309 834 nalis
334 769 485 852 Camere,
518 772 589 833 suis
613 777 717 833 exuta
736 766 882 852 juribuS,
915 791 954 832 ao
987 769 1070 832 dum
1102 790 1246 850 omnem,
1278 771 1368 832 eirca
1402 771 1520 830 omnia

221 881 287 941 rite
312 877 516 959 disponendi
548 875 759 958 facultatem,
792 899 851 960 per
883 875 1044 940 Aulicam
1076 897 1208 940 summo
1241 897 1320 940 cum
1352 875 1522 958 despectu

221 985 328 1048 adimi
361 983 428 1047 sibi
460 985 625 1068 queritur.
657 985 806 1067 (apertae
840 983 956 1068 legum
989 986 1025 1046 in
1057 981 1225 1046 Articulis
1258 983 1394 1046 XVIH.
1424 983 1523 1045 1622.

222 1089 350 1155 XLVI.
386 1089 481 1154 1647.
509 1111 662 1154 necnon
686 1089 787 1154 XIII.
814 1089 909 1170 1661,
933 1087 1157 1153 fundatorum
1182 1089 1408 1171 convulsioni,
1433 1111 1524 1174 quae

222 1197 369 1261 admissa
393 1203 513 1260 mutua
536 1197 836 1280 correspondentia
859 1195 1124 1278 dependentium
1149 1195 1260 1278 palam
1289 1197 1525 1274 excludunt),⁹

223 1307 346 1369 merito
371 1303 538 1367 condolet.
571 1300 689 1381 Quid?
716 1305 875 1367 ministra
898 1302 963 1366 Dei
988 1303 1121 1367 Natura
1143 1303 1329 1368 nefandam
1354 1303 1525 1368 Gamerae

223 1410 365 1474 Aulioae
389 1414 572 1475 avaritiam
587 1411 780 1494 exprobrat,
803 1433 890 1496 quae
910 1433 986 1474 cum
1007 1411 1246 1476 inexhaustam
1263 1433 1339 1475 rara
1355 1412 1525 1476 Numinis
1567 1399 1568 1404 ¹

224 1518 439 1603 benignitate
462 1518 584 1604 Regno
609 1518 769 1601 praebeat
793 1519 874 1583 salis
892 1521 1034 1602 copiam,
1057 1541 1097 1582 ea
1112 1527 1229 1582 tamen
1245 1522 1347 1603 pretii
1363 1523 1525 1586 caritate.
1567 1543 1568 1546 ¹

224 1635 263 1690 nt
292 1624 366 1710 jam
394 1629 543 1692 maxima
576 1625 764 1690 incolarum
793 1627 907 1712 Regni
940 1648 1017 1709 pars
1041 1627 1085 1690 ad
1108 1629 1232 1690 incitas
1255 1627 1394 1690 redacta
1421 1649 1525 1691 suum

226 1733 351 1798 insalsa
384 1735 624 1818 quotidianum
657 1757 789 1798 sumere
824 1755 944 1817 panem
983 1737 1188 1798 necessitate
1227 1731 1342 1816 fuerit,
1382 1733 1527 1799 sublato

224 1849 370 1926 quaestu
398 1841 575 1905 divendit:
608 1842 738 1925 hocque
771 1842 924 1905 Naturae
957 1840 1123 1904 beneficio
1155 1839 1345 1925 regnicolas
1380 1844 1527 1924 privari.

224 1969 350 2032 magno
384 1969 497 2011 carere
522 1951 634 2012 minus
659 1957 772 2030 potest
804 1948 938 2012 6661616.
971 1949 1203 2012 Ρ16616116166
1231 1947 1527 2013 abalienationem
1568 1945 1569 2026 l

225 2055 391 2118 bonorum
416 2053 634 2136 coronalium,
651 2055 804 2119 dictante
821 2055 897 2119 Art.
913 2055 958 2118 H.
975 2055 1144 2120 Uladislai
1160 2056 1268 2142 Regis
1284 2055 1427 2120 Decreti
1446 2057 1528 2122 VH.

226 2160 451 2224 161111111616.10
474 2159 675 2244 Duplicatas
699 2165 735 2226 in
758 2163 880 2248 Regno
904 2165 1103 2244 tricesimas,
1128 2163 1335 2227 arendatitia
1352 2167 1529 2229 mercium
1568 2155 1569 2172 ³

226 2267 428 2352 monopolis,
453 2269 626 2353 solamque
656 2270 908 2334 intolerabilem
938 2269 1263 2355 quantiportionalis
1295 2275 1529 2341 exactionem.

222 2373 317 2458 ,justa
360 2379 574 2460 querimonia
616 2377 819 2442 inducimus.
861 2377 970 2442 Proh!
1012 2398 1116 2460 quam
1153 2381 1288 2460 copiosa
1327 2383 1529 2462 prorumpit

227 2484 339 2547 luctus
368 2485 545 2555 materies!
569 2485 757 2570 Postquam
780 2487 872 2548 66116
895 2491 1031 2567 sumpto
1056 2482 1162 2548 libere
1186 2485 1391 2569 disponendi
1416 2485 1530 2552 fastu.

227 2594 403 2676 ingentem
427 2593 660 2657 Ministerium
684 2592 847 2656 Aulicum
870 2591 1065 2656 millionum
1088 2613 1256 2656 summam
1274 2593 1397 2679 Regno
1414 2597 1531 2677 impo

227 2701 349 2762 suisset
392 2707 426 2763 et
468 2698 610 2764 libertas
651 2701 766 2786 Regni
808 2699 908 2764 liberi
950 2701 1113 2780 (testante
1156 2698 1232 2764 An.
1273 2702 1323 2764 11.
1365 2700 1530 2765 Mathiae
1569 2703 1570 2760 1

228 2805 335 2900 Regis
359 2805 498 2869 Decreti
521 2806 584 2870 HI.
609 2828 763 2871 necnon
795 2805 965 2872 Uladislai
987 2806 1127 2870 Decreti
1159 2807 1212 2884 V.)
1227 2813 1251 2849 ¹¹
1284 2807 1415 2872 nullam
1450 2812 1531 2872 sine

234 3075 237 3082 .
335 3035 504 3090 ⁸1702-ben
533 3036 603 3089 61116
632 3037 659 3090 61
688 3053 705 3090 a
733 3036 878 3107 kormtny
907 3053 925 3089 a
955 3033 1056 3088 661661
1087 3034 1219 3089 1661161111
1250 3051 1268 3087 6
1299 3033 1463 3106 Jtszsegot
1498 3037 1533 3091 66

228 3123 393 3194 Knnstgot.

337 3215 410 3266 ⁸Az
430 3213 948 3285 111666116111111611166361661111166
971 3217 1047 3269 1608.
1068 3215 1139 3269 Kor.
1159 3233 1182 3269 6.
1202 3218 1227 3269 5.
1247 3214 1372 3269 czikket

338 3301 720 3356 10,1611166611216111111
749 3303 793 3356 De
822 3311 937 3357 caetero
967 3321 1045 3374 1616,
1075 3305 1170 3375 Regia
1192 3304 1335 3374 Majestas
1358 3313 1531 3374 proventus

228 3409 296 3446 suos
315 3393 434 3464 Regios,
462 3393 526 3446 sine
556 3409 709 3460 66666666,
729 3399 760 3445 61
778 3393 993 3447 deliberatione
1012 3396 1060 3448 661
1080 3393 1204 3448 Consilii
1229 3394 1377 3462 ordinati,
1406 3399 1529 3450 nemini

228 3481 382 3549 inscribat,
405 3481 604 3551 qualicunque
623 3483 802 3535 necessitate
821 3482 994 3552 adurgente.
1024 3483 1101 3537 Nam
1119 3484 1145 3537 si
1167 3485 1234 3554 quis
1254 3483 1453 3538 Domiuorum
1473 3497 1530 3539 aut
1569 3475 1570 3550 1

229 3569 381 3622 Nobilium
401 3569 572 3639 hujusmodi
593 3575 756 3640 proventus
776 3571 895 3641 Regios
915 3589 967 3642 pro
986 3589 1018 3626 se
1037 3573 1160 3626 inscribi
1180 3573 1303 3642 fecerit;
1331 3588 1453 3627 summa
1473 3575 1531 3629 illa
1569 3585 1570 3638 1

228 3658 358 3712 11616616
371 3661 539 3712 amittatur.
559 3659 598 3713 Et
614 3661 743 3730 insuper,
763 3662 793 3713 in
808 3663 1017 3716 aestimatione
1037 3662 1107 3715 talis
1120 3667 1292 3732 proventus,
1311 3662 1360 3715 vel
1379 3661 1531 3718 Civitatis

229 3747 351 3817 Regiae,
372 3748 539 3802 foenerator
558 3749 610 3802 illa
630 3751 834 3804 convincatur.

340 3847 358 3875 ¹¹
379 3838 473 3891 Matb.
494 3839 562 3892 Deo.
584 3839 639 3891 111.
660 3843 725 3892 Art.
748 3841 788 3893 11.
808 3840 886 3893 11616
913 3839 989 3910 quod
1009 3858 1069 3908 nos,
1089 3841 1125 3893 de
1145 3846 1270 3908 caetero,
1289 3842 1406 3896 nullam
1424 3843 1529 3898 dicam

229 3929 293 3980 sive
308 3933 409 3980 texam
424 3931 645 3998 (praeterquam
665 3928 782 3982 lucrum
802 3928 954 3998 Gamerae)
973 3930 1164 3999 generaliter,
1178 3947 1196 3982 a
1209 3930 1382 4000 Regnieolis
1403 3940 1530 4003 propter

229 4017 361 4086 aliquam
381 4034 500 4070 oausam
520 4018 684 4087 exigamus,
707 4027 761 4072 aut
779 4020 900 4088 exigere
913 4019 1059 4072 1116161666
1072 4025 1190 4089 praeter
1203 4019 1392 4073 voluntatem
1412 4037 1528 4090 eorum,

229 4115 259 4159 et
288 4124 470 4160 consensum.
499 4142 535 4151 -
562 4107 602 4160 Il.
636 4108 784 4162 Uladislai
814 4109 848 4160 V.
873 4108 957 4162 Decr.
978 4109 1000 4162 I.
1021 4109 1148 4162 Art-bel
1176 4110 1340 4180 kiemeljtik
1359 4127 1394 4162 az
1414 4112 1441 4164 5.
1463 4110 1528 4184 6-11

229 4197 259 4248 Si
280 4198 412 4266 quipiam
432 4213 502 4250 1616
521 4195 724 4251 Comitatuum
744 4205 828 4251 motu
848 4200 966 4268 proprio
980 4205 1081 4253 61666
1095 4200 1130 4252 de
1144 4216 1296 4268 consensu,
1316 4205 1347 4254 et
1366 4201 1529 4256 voluntate

231 4288 324 4338 totins
343 4287 450 4356 Regni,
471 4293 557 4339 611116
575 4286 691 4340 66111661
720 4286 938 4341 Conventiones
966 4288 1197 4358 Regnioolarum
1223 4287 1393 4358 Generales,
1414 4291 1529 4344 contri-

231 4375 383 4429 butionem
415 4376 555 4446 aliquam,
587 4393 639 4429 seu
668 4377 863 4447 quodcunque
891 4377 1059 4431 subsidium
1090 4379 1220 4449 (praeter
1250 4377 1373 4432 solitum
1406 4379 1528 4434 lucrum

231 4467 383 4534 Gamerae)
406 4473 509 4518 contra
538 4466 680 4520 videlicet
708 4468 864 4537 antiquam
893 4467 992 4537 Regni
1020 4467 1200 4534 libertatem,
1229 4465 1344 4537 Regiae
1368 4467 1528 4538 Majestati

230 4558 334 4626 quovis
353 4556 487 4609 modoet
506 4559 612 4627 quovis
631 4558 726 4610 661616
755 4559 905 4627 exquisito
932 4558 1083 4625 offerrent,
1112 4563 1165 4610 661
1185 4563 1379 4628 praestarent.
1404 4557 1528 4612 Extunc

233 4644 422 4699 Universitas
442 4645 594 4699 Nobilium
608 4646 778 4715 hujusmodi
792 4646 959 4700 Comitatus
979 4647 1199 4715 universaliter,
1219 4647 1250 4700 in
1265 4663 1359 4717 poena
1372 4647 1528 4720 fideli-agii
