3160 5212
1279 377 1347 441 355

54 578 145 655 Quod
171 598 253 640 vero
276 575 367 658 apud
391 597 508 640 omnes
538 583 659 660 gentes
692 576 919 638 communiter
942 574 1153 656 observatur,
1173 573 1231 657 jus
1263 597 1345 659 gen-

52 687 137 749 tium
167 683 345 766 apellatur.

155 792 224 855 Tit,
248 790 344 854 VIH.
377 789 429 855 De
454 786 594 856 Siuiuio
627 793 659 853 ci
698 785 913 875 municipali
945 787 1030 853 iure.
1067 791 1196 854 -Est
1229 799 1344 855 autem

53 910 220 964 statutum
245 899 335 984 quod
360 899 466 983 vulgo
495 899 671 963 decretum
702 896 932 980 appellamus:
952 895 1009 980 jus
1042 899 1215 983 quoddam
1247 901 1346 982 regni

53 1029 237 1075 commune,
261 1010 354 1071 viam
373 1008 459 1092 legis
483 1007 620 1071 habens.
637 1007 684 1070 Et
703 1005 832 1069 dicitur
848 1013 1027 1086 statutum,
1052 1010 1149 1091 quasi
1174 1007 1346 1071 stabiliter

52 1126 82 1180 et
115 1116 263 1180 firmiter
284 1116 479 1180 ordinatum
504 1115 561 1178 vel
576 1117 674 1199 quasi
698 1121 829 1177 statum
857 1112 1033 1196 publicum
1049 1114 1222 1178 definiens.
1239 1115 1345 1196 Saepe

52 1246 128 1288 vero
155 1223 359 1306 apellatione
383 1243 517 1307 quoque
537 1218 626 1303 juris
649 1220 763 1284 civilis
786 1221 932 1284 veniunt
955 1226 1094 1284 statuta.

159 1331 229 1396 Ubi
253 1329 511 1410 advertendum,
545 1327 636 1413 quod
657 1324 715 1410 jus
738 1326 841 1390 civile
872 1326 998 1410 duplex
1022 1330 1200 1412 reperitur.
1233 1328 1346 1405 Quod·

50 1439 126 1503 dam
153 1459 342 1518 commune,
375 1450 409 1500 et
433 1444 486 1500 est
509 1435 605 1518 illud,
629 1434 720 1520 quod
754 1437 791 1496 in
823 1433 921 1497 libris
941 1431 1030 1516 juris
1054 1434 1167 1500 civilis
1191 1433 1345 1516 habetur,

51 1554 82 1610 et
104 1546 202 1610 istud
237 1535 307 1608 non
330 1551 443 1627 potest
477 1543 621 1607 condere
654 1543 722 1605 nisi
745 1543 940 1624 imperator,
964 1541 1021 1604 vel
1048 1542 1136 1606 alius
1168 1564 1345 1624 supremus

51 1657 215 1736 princeps.
249 1651 430 1729 Quoddam
461 1672 544 1714 vero
578 1651 761 1733 privatum,
795 1648 885 1732 quod
919 1651 1024 1712 etiam
1049 1646 1106 1732 jus
1140 1649 1345 1733 municipale

8 1839 9 1844 η
49 1760 102 1822 vel
127 1759 354 1822 statutarium
377 1758 513 1821 dicitur.
530 1757 578 1820 Et
593 1756 681 1820 illud
704 1777 927 1840 unaquaeque
956 1735 1051 1841 regio
1079 1755 1136 1820 vel
1160 1759 1345 1839 provincia,

49 1867 100 1930 vel
126 1865 314 1951 aliquando
338 1868 462 1929 civitas
486 1863 552 1928 sibi
576 1865 784 1928 constituere
811 1870 932 1946 potest.

158 1973 223 2038 Jus
247 1982 363 2037 autem
397 1972 621 2056 municipale:
654 1979 707 2035 est
727 1969 784 2054 jus
809 1972 996 2054 positivum
1020 1969 1165 2053 alicujus
1189 1971 1265 2035 loci.
1289 1972 1344 2036 Ita

49 2081 192 2161 dictum,
216 2082 305 2166 quod
330 2084 367 2144 in
391 2083 458 2145 isto
474 2082 656 2145 dumtaxat
688 2082 875 2162 municipio
900 2079 948 2158 (id
974 2087 1025 2142 est
1049 2080 1188 2163 oppido)
1213 2087 1246 2143 et
1272 2079 1344 2143 loeo

48 2200 217 2252 servatur.

159 2293 227 2358 Tit.
252 2293 316 2357 IX.
352 2289 478 2357 Uirum
514 2290 633 2358 vulcat
657 2289 838 2356 Staiuium
872 2293 997 2356 coniru
1023 2291 1087 2379 J'us
1112 2292 1344 2368 Canonicum,

51 2400 102 2468 vel
126 2401 304 2482 Naturae,
331 2399 385 2466 vel
408 2398 615 2466 Divinum?
639 2402 705 2466 Sed
729 2401 962 2486 (quaerendum
986 2403 1127 2466 videtur
1159 2425 1204 2466 an
1227 2402 1344 2466 valeat

51 2522 223 2578 statutum
249 2521 366 2576 contra
397 2509 455 2594 jus
479 2514 688 2593 canonicum,
713 2511 769 2576 vel
801 2512 967 2592 naturale,
990 2510 1048 2576 vel
1071 2507 1256 2574 divinum?
1279 2510 1344 2573 Dic

49 2620 163 2705 quoad
184 2617 243 2703 jus
276 2623 494 2684 canonicum:
527 2623 556 2683 si
589 2627 760 2684 statutum
784 2627 835 2684 est
860 2627 978 2684 contra
1012 2619 1207 2683 libertatem
1241 2619 1345 2682 eccle-

49 2731 178 2791 siarum
213 2728 421 2806 diuturnam,
454 2727 511 2791 vel
545 2728 726 2812 privilegia
750 2729 798 2791 eis
832 2749 997 2808 concessa,
1021 2749 1089 2790 non
1112 2728 1214 2791 valet.
1248 2727 1345 2791 Idem

49 2835 245 2913 dicendum,
269 2837 298 2898 si
321 2837 410 2898 circa
434 2857 472 2898 ea
497 2834 585 2898 fiunt
619 2841 759 2917 statuta,
791 2857 877 2920 quae
906 2834 1053 2898 salutem
1077 2836 1209 2897 animae
1242 2836 1346 2916 respi-

49 2945 156 3007 ciunt.
188 2943 288 3006 Circa
321 2964 438 3007 causas
462 2964 543 3007 vero
569 2942 735 3026 profanae,
761 2943 899 3006 Statuta
924 2941 1039 3006 civilia
1064 2943 1231 3027 derogant
1248 2963 1345 3006 cano-

49 3052 152 3116 nibus
176 3059 211 3114 et
236 3072 292 3114 eos
321 3051 457 3114 tollunt.

159 3158 335 3234 Quantum
358 3167 482 3240 autem,
507 3157 550 3220 ad
570 3155 628 3241 jus
648 3157 803 3220 naturale
827 3157 884 3220 vel
908 3157 1084 3220 divinum:
1108 3157 1189 3220 licet
1213 3163 1343 3220 statuta

8 3259 9 3272 ¹
47 3287 114 3329 non
141 3270 285 3348 possunt
308 3263 396 3328 illud
419 3287 461 3328 ex
486 3272 559 3328 toto
583 3263 711 3344 tollere,
746 3273 886 3346 possunt
911 3271 1027 3328 tamen
1060 3263 1281 3347 distinguere,
1306 3271 1345 3326 ut

48 3373 201 3456 exempli
225 3375 337 3457 gratia
362 3373 416 3438 lex
450 3375 568 3438 divina
593 3373 679 3436 dicit
712 3373 930 3437 indistincte:
954 3393 1023 3436 non
1056 3371 1196 3452 occides,
1229 3377 1345 3433 tamen

50 3480 101 3545 lex
126 3481 280 3544 humana
304 3487 339 3544 et
362 3489 533 3544 statutum
558 3479 715 3543 concedit
743 3479 966 3544 homicidium
999 3482 1036 3542 in
1060 3477 1178 3541 multis
1202 3476 1345 3540 casibus.

47 3587 147 3652 Idem
173 3587 357 3651 dicendum
389 3589 431 3653 de
465 3591 614 3670 decimis,
647 3610 733 3673 quae
767 3588 936 3652 debentur
968 3589 1010 3651 de
1040 3585 1117 3670 jure
1151 3585 1277 3667 divine,
1310 3595 1344 3648 et

49 3710 168 3760 tamen
192 3695 286 3777 Papa
309 3695 435 3760 multos
461 3697 660 3780 privilegiet
684 3717 785 3778 super
809 3696 949 3758 decimis
981 3716 1050 3757 non
1074 3692 1254 3756 solvendis

159 3803 410 3868 Concludamus
429 3825 519 3889 erg0,
543 3804 634 3889 quod
660 3826 718 3887 per
737 3811 907 3867 statutum
931 3825 969 3865 ac
990 3803 1101 3888 legem
1124 3802 1180 3864 vel
1204 3803 1345 3883 rescrip-

8 3979 9 3992 ,
49 3924 144 3977 tum:
170 3932 239 3974 non
264 3919 375 3994 potest
395 3909 452 3994 jus
477 3912 633 3976 naturale
657 3911 713 3975 vel
737 3912 894 3976 divinum
918 3912 954 3973 in
988 3909 1041 3974 sui
1066 3913 1225 3973 universo
1250 3908 1344 3988 tolli3

48 4041 107 4083 nec
135 4021 229 4082 enim
263 4018 422 4082 Summus
455 4019 619 4083 Pontifex
642 4020 700 4083 vel
723 4019 811 4082 alius
844 4020 1014 4102 quispiam
1049 4023 1160 4100 potest
1185 4021 1344 4088 statuere,

47 4139 85 4190 ut
120 4149 193 4191 nou
225 4125 465 4190 observaretur
497 4134 597 4190 vetus
632 4126 687 4190 vel
712 4147 839 4189 novum
873 4125 1141 4198 Testamentum,
1165 4122 1221 4184 vel
1254 4121 1344 4206 quod

49 4233 151 4298 liberi
175 4254 245 4297 non
261 4233 488 4298 educarentur
511 4233 761 4316 aparentibus;
785 4232 899 4295 sedin
923 4230 1095 4315 aliquibus
1112 4228 1246 4292 casibus
1270 4249 1345 4311 par-

48 4339 255 4405 ticularibus
280 4347 391 4424 potest
424 4340 499 4404 fieri
525 4364 566 4404 ex
597 4337 691 4422 justa
725 4361 834 4408 causa,
860 4347 977 4401 contra
1007 4334 1064 4418 jus
1098 4336 1255 4398 (livinum
1289 4335 1344 4398 vel

48 4447 225 4511 naturale:
250 4454 288 4511 ut
314 4447 437 4531 praedo
463 4449 568 4529 possit
593 4446 711 4527 occidi,
735 4446 791 4509 vel
816 4445 873 4508 fur
896 4451 1092 4507 nocturnus.

160 4556 227 4620 Tit.
252 4556 295 4620 X.
323 4552 417 4638 Quid
440 4559 491 4619 esi
516 4550 754 4632 ConsuetudO,
778 4557 809 4617 ci
840 4553 1038 4638 quaesunt
1070 4545 1271 4614 necessario
1296 4543 1345 4611 ad

48 4660 354 4730 Consueiudinem
377 4660 633 4746 fisurundumi
657 4662 850 4742 Sciendum,
874 4659 964 4745 quod
988 4657 1198 4722 consuetudo
1222 4659 1267 4719 sit
1287 4653 1345 4738 jus

1183 4778 1237 4832 93*
