3124 5216
1282 424 1352 490 689»

57 627 207 709 »scripti
230 625 481 706 indixissem,
505 631 540 688 et
563 623 890 708 promulgassemus3
914 625 957 688 ad
981 625 1125 688 eandem
1148 623 1220 690 Nos
1243 625 1348 687 etiam

56 731 303 816 »personaliter
318 736 561 815 comparentes,
576 731 755 816 eidemque
771 729 1053 816 praefuissemus;
1076 731 1216 798 Fideles
1238 733 1349 796 nostri

57 841 232 904 »universi
254 839 395 903 Domini
418 838 579 920 Praelati,
602 838 764 922 Berones,
788 838 977 922 Magnetes,
1007 845 1044 902 et
1066 838 1216 920 Nobiles,
1240 846 1349 904 caete-

56 948 176 1030 »rique
199 945 328 1027 Status,
350 953 386 1010 et
409 943 556 1010 Ordines
579 946 785 1010 mentionati
807 947 917 1009 nostri
939 945 1070 1029 Inclyti
1092 945 1208 1030 Regni
1233 945 1349 1031 Unga-

56 1055 149 1117 »riae
165 1053 390 1136 Partiumque
406 1051 518 1117 eidem
532 1073 752 1134 annexarum,
769 1051 814 1116 ad
824 1050 1015 1134 praefatam
1024 1052 1184 1120 Diaetam
1194 1053 1349 1137 plen0,et

57 1158 358 1244 »frequentissimo
381 1180 525 1224 numero
549 1166 792 1242 comparentes,
810 1162 1191 1247 praementionataequa
1206 1161 1350 1228 Diaetae

56 1267 296 1332 »Posoniensis
328 1265 505 1348 Actorum,
528 1271 564 1330 st
588 1266 886 1332 constitutionum
908 1267 1002 1332 hand
1034 1270 1258 1354 immemores,
1289 1293 1350 1354 pro

57 1376 255 1459 »exigentia
287 1374 481 1457 eorundem,
514 1382 549 1439 et
582 1377 759 1459 signanter
792 1379 973 1459 praecitati
1010 1374 1162 1442 Articuli
1201 1379 1350 1461 secundi,

56 1479 243 1562 »debitam
271 1487 307 1544 et
329 1479 560 1565 homagialem
582 1503 663 1566 erga
686 1481 767 1564 Nos,
789 1504 858 1567 qua
881 1482 1085 1568 legitimum,
1117 1491 1153 1548 et
1184 1485 1351 1552 Haeredi-

56 1590 208 1653 »tarium
230 1587 363 1672 Regem
386 1610 492 1671 suam,
515 1611 555 1653 ac
577 1589 773 1673 Dominum,
797 1590 1024 1674 devotionem,
1049 1597 1084 1654 et
1101 1589 1205 1657 fidem
1221 1595 1351 1676 testati,

56 1695 315 1780 »desiderioque
331 1697 558 1780 auspicandae
574 1695 793 1762 felicissimae
808 1697 1235 1782 inaugurationisnostrae
1245 1702 1351 1784 ducti,

56 1801 361 1885 »supplicavenmt
383 1801 561 1887 Majestati
583 1811 720 1869 nostrae
751 1803 953 1888 humillime,
985 1812 1021 1871 et
1053 1815 1279 1892 rogaverimt:
1311 1817 1352 1874 ut

58 1911 304 1976 »innuentibus
345 1915 542 1994 praecitatis
580 1912 906 1996 constitutionibus,
945 1916 1082 1980 omnino
1120 1924 1200 1981 ante
1239 1915 1351 1982 adhuc

57 2018 328 2085 »faustissimam
342 2019 608 2084 coronationem
630 2025 792 2101 nostram,
816 2018 887 2084 Nos
910 2017 1148 2104 infrascriptos
1166 2021 1351 2107 Articulos,

58 2130 261 2212 »omniaque
284 2134 319 2191 et
345 2127 480 2212 singula
503 2128 541 2192 in
563 2127 686 2191 iisdem
709 2133 880 2209 contenta,
904 2133 1005 2209 ratos,
1020 2136 1145 2214 gratos,
1162 2139 1197 2195 et
1213 2139 1351 2215 accepta

58 2235 254 2319 »habentes
277 2244 501 2320 nostrumque
524 2256 726 2300 consensum
748 2235 818 2299 illis
842 2233 1052 2319 praebentes,
1071 2233 1218 2320 benigne
1234 2259 1352 2320 accep-

57 2354 163 2426 ›tare,
196 2351 231 2410 et
263 2343 488 2409 Authoritate
520 2351 638 2409 nostra
669 2343 781 2427 Regia
812 2341 1000 2428 approbare
1024 2350 1060 2407 et
1084 2343 1293 2427 confirmare,
1317 2351 1352 2409 et

58 2462 153 2518 »tam
175 2451 247 2516 Nos
269 2452 336 2534 ipsi
359 2449 507 2534 benigne
523 2449 714 2532 observare,
730 2471 834 2534 quam
851 2449 1020 2534 paralius,
1036 2469 1181 2534 quorum
1197 2453 1352 2535 interest,

59 2558 227 2624 »firmiter
249 2557 424 2622 observari
448 2555 560 2621 facere
584 2558 814 2641 dignaremur.
837 2557 989 2634 Quorum
1012 2556 1155 2641 quidem
1178 2555 1352 2622 Articulo-

58 2689 157 2731 ›rum
182 2672 281 2730 tenor
303 2667 459 2748 sequitur
481 2667 519 2729 in
541 2663 632 2728 hunc
656 2665 815 2729 modum:

166 2769 194 2855 ξ.
219 2773 247 2835 ὃ.
275 2772 427 2836 »Primct
460 2771 559 2848 Quod
593 2779 727 2854 praeter
759 2769 802 2835 ab
826 2773 969 2855 antiquo
993 2769 1177 2834 deductam
1199 2769 1354 2834 haeredi-

60 2883 205 2945 »tariam
228 2879 375 2962 Regiam
399 2877 661 2961 Successionem,
685 2878 1035 2961 coronationemque;
1059 2880 1095 2940 in
1118 2876 1250 2961 reliquo
1278 2879 1353 2942 uni-

60 3009 198 3054 »varsas
221 2993 257 3050 st
280 2985 433 3069 singulas
456 3006 651 3048 communes
674 2986 776 3049 istius
798 2985 914 3069 Regni
930 2984 1112 3067 Ungariae,
1128 2984 1353 3069 Partiumque

61 3097 193 3160 »eidem
225 3114 436 3159 annexarum
468 3091 673 3174 Libertates,
707 3092 959 3174 immunitates,
983 3091 1180 3176 Privilegia,
1205 3092 1354 3176 Statuta,

61 3204 276 3268 »communia
313 3201 409 3282 Jura,
448 3199 568 3282 Leges,
607 3205 642 3262 et
680 3199 973 3281 Consuetudines3
1011 3220 1031 3262 a
1069 3199 1170 3264 Divis
1208 3199 1353 3263 condam

62 3311 255 3394 ›Ungariae
271 3305 435 3392 Regibus
452 3316 487 3372 et
502 3307 671 3391 gloriosae
687 3309 871 3372 memoriae
891 3304 1212 3373 Praedscessoribus
1227 3309 1353 3370 nostris

62 3419 248 3484 »hactenus
283 3437 466 3497 concessas,
505 3424 540 3480 et
579 3415 806 3498 confirmatas,
838 3418 877 3480 iu
908 3414 1133 3498 futurumque
1171 3413 1354 3477 conceden-

63 3525 152 3606 ›daa
175 3530 211 3588 et
235 3545 295 3607 per
317 3544 380 3587 nos
403 3521 652 3588 confirmandas
676 3523 733 3604 (ad
756 3545 849 3608 quas,
874 3529 1027 3606 atquae,
1052 3521 1139 3586 dicti
1166 3520 1294 3603 Statua,
1319 3527 1354 3585 et

63 3632 230 3698 »Ordines
264 3629 448 3695 formulam
480 3652 615 3714 quoque
647 3631 852 3712 duramenti,
886 3631 927 3694 ad
961 3632 1102 3694 initium
1129 3630 1355 3694 Decretorum

63 3739 298 3805 »Serenissimi
321 3736 403 3801 olim
427 3737 605 3819 Principis,
629 3737 769 3800 Domini
792 3737 1004 3801 Ferdinandi
1037 3737 1155 3820 Primi,
1187 3738 1354 3821 gloriosae

63 3847 356 3912 »reminiscentiae
380 3846 617 3910 Antecessoris
640 3845 750 3908 nostri
774 3846 929 3926 positam,
953 3851 1137 3927 extensam,
1170 3852 1206 3908 et
1237 3844 1355 3907 reduc-

63 3963 156 4019 »tam
178 3951 321 4031 habent)
345 3952 482 4018 exclusa
506 3959 624 4014 tamen
647 3957 682 4014 et
706 3957 835 4014 semota
858 3949 1010 4015 Articuli
1035 3951 1085 4015 31.
1109 3952 1247 4015 Decrcti
1271 3951 1355 4014 Divi

64 4063 243 4127 »Andreae
274 4060 382 4144 Regis
416 4059 564 4123 Secundi
603 4059 645 4122 dc
684 4057 785 4122 Anno
827 4059 922 4122 1222.
961 4058 1112 4121 clausula
1150 4059 1354 4140 incipiente:

64 4169 214 4246 »Quodsi
236 4189 320 4232 vero
344 4169 424 4250 Nos,
447 4188 555 4250 usque
578 4167 620 4230 ad
645 4165 770 4230 verba:
794 4168 831 4230 in
854 4175 1058 4250 perpetuum
1082 4164 1303 4229 facultatem:
1319 4167 1356 4228 in

64 4274 243 4341 »omnibus
267 4277 337 4339 suis
360 4276 513 4356 Punctis,
536 4273 717 4356 clausulis,
740 4279 775 4336 et
797 4272 974 4357 Articulis,
998 4281 1099 4357 prout
1123 4294 1224 4356 super
1239 4293 1356 4336 eorum

64 4405 149 4448 »usu
181 4391 216 4447 et
249 4382 439 4464 intellectu,
472 4383 584 4464 Regio
618 4390 653 4445 et
677 4384 848 4447 communi
873 4382 1035 4446 Statuum
1058 4403 1232 4463 consensu,
1254 4381 1357 4444 Diae-

63 4492 204 4557 »taliter
226 4499 434 4556 conventum
458 4491 580 4573 fuerit;
604 4489 750 4554 firmiter
782 4497 817 4555 et
849 4497 965 4554 sancte
997 4487 1263 4572 observabimus,
1297 4510 1357 4572 per

63 4599 236 4683 »aliosque
260 4621 377 4663 omnes
401 4607 436 4662 et
460 4598 613 4682 singulos
636 4597 885 4662 inviolabiliter
908 4595 1083 4662 observari
1107 4595 1279 4660 faciamus.

171 4702 199 4788 ξ.
224 4705 252 4769 6.
296 4705 491 4768 »Secund02
530 4704 668 4769 Sacram
706 4705 823 4788 Regni
855 4705 1033 4788 Coronam,
1061 4699 1164 4788 juxta
1204 4710 1357 4766 veterem

117 4843 246 4890 nnana:
262 4844 283 4888 A
296 4854 397 4898 magyar
412 4844 524 4888 tortenat
538 4842 627 4887 liutici.
1213 4824 1250 4879 44
