3124 5216
245 369 312 434 754

244 575 278 632 et
312 566 497 651 Bulgariae
525 565 660 650 Regina
689 562 897 648 Apostolica,
929 563 1111 630 Archidux
1143 561 1315 646 Austriae,
1347 563 1419 627 dux
1453 563 1525 628 Bur·

243 676 403 762 gundiae,
427 673 573 758 Styriae,
593 672 793 738 Corinthiae
809 680 845 737 et
861 672 1063 754 Carnioliae,
1087 673 1215 757 Magna
1234 672 1399 754 Princeps
1415 670 1525 734 Trans

244 782 419 864 silvaniae,
435 781 589 846 Marchio
605 781 790 863 Moraviae,
807 779 887 844 Dux
903 778 1122 862 Brabantiae,
1135 777 1380 864 Lymburgiae,
1396 777 1526 843 Lucem·

244 889 382 975 burgae,
406 888 576 970 Geldriae,
601 887 872 973 Virtembergae,
896 889 1080 971 superioris
1112 893 1147 949 et
1179 884 1353 949 inferioris
1388 884 1526 967 Silesiae,

244 996 441 1079 Mediolani,
464 996 638 1078 Mantuae,
662 995 814 1079 Parmae,
838 995 1034 1059 Placentiae
1051 1001 1086 1058 et
1102 993 1310 1075 Guastallae,
1331 991 1528 1057 Auschvitzi

244 1111 279 1169 et
303 1104 428 1185 Zatori,
452 1103 616 1184 Princeps
636 1102 790 1184 Sueviae,
814 1123 926 1166 comes
949 1099 1160 1185 Habeburgi,
1183 1099 1380 1182 Plandriae,
1404 1097 1528 1180 Tirolis,

244 1211 473 1292 Hannoniae,¹
514 1207 688 1293 Kyburgi,
729 1208 884 1272 Goritiae
927 1215 961 1272 et
1000 1206 1195 1289 Gradiscae,
1239 1205 1396 1270 Marchio
1447 1204 1530 1270 Sacri

244 1318 393 1382 Romani
431 1319 576 1401 imperii,
615 1316 820 1401 Burgoviae,
858 1317 1042 1399 superioris
1081 1321 1116 1378 et
1154 1311 1328 1378 inferioris
1367 1314 1532 1393 Lusatiae,

244 1425 366 1489 Comes
399 1423 589 1507 Namurcis,
621 1423 769 1488 Domina
807 1423 979 1488 marchiae
1018 1423 1219 1488 sclavoniae
1254 1429 1290 1486 et
1323 1421 1531 1502 Mecbliniae,

244 1533 350 1596 vidua
373 1532 620 1616 Lotharingiae
644 1539 679 1596 et
704 1532 812 1616 Barri,
837 1553 962 1617 magna
987 1531 1058 1595 dux
1081 1530 1266 1594 Hetruriae
1290 1537 1353 1594 etc.
1378 1537 1446 1594 ete.

247 1645 249 1648 ’
352 1640 537 1704 Memoriae
569 1639 846 1704 commendamus
879 1645 996 1703 tenore
1030 1640 1262 1720 praesentium
1294 1636 1533 1724 significantes.

244 1746 370 1835 quibus
392 1747 533 1829 expedit
557 1749 737 1828 universis,
761 1748 853 1832 quod
877 1747 948 1811 Nos
971 1752 1140 1832 quantum
1163 1769 1205 1809 ex
1229 1753 1321 1810 recte
1338 1746 1534 1810 coordinata

245 1857 446 1921 commercio
480 1857 516 1918 in
548 1857 707 1940 quamvis
739 1854 1004 1938 Rempublicam
1029 1861 1207 1937 promanat
1230 1853 1412 1936 commodi,
1438 1876 1535 1939 quan-

244 1971 320 2028 tum
353 1963 481 2027 solidae
515 1963 689 2047 utilitatis,
723 1965 903 2028 attentiori
941 1969 1056 2028 mente
1089 1963 1285 2046 recolentes
1318 1964 1536 2048 omniumque

245 2071 383 2136 illorum
407 2069 584 2135 fructuum
608 2077 643 2135 et
667 2071 984 2154 emolumentorum,
1003 2093 1090 2157 quae
1106 2093 1176 2135 non
1192 2073 1229 2134 in
1244 2070 1428 2154 publicum
1449 2072 1537 2154 regni

245 2179 354 2262 mode,
382 2185 416 2242 et
450 2180 647 2261 provinciae
680 2177 860 2263 cujusdam
893 2181 929 2243 in
962 2185 1129 2261 concrete,
1162 2201 1284 2243 verum
1315 2181 1352 2242 in
1386 2177 1538 2264 singulos

244 2287 350 2350 etiam
373 2287 466 2349 cives
489 2287 526 2349 in
551 2285 751 2368 particulari
769 2287 893 2350 exinde
909 2286 1101 2350 redundare
1117 2292 1379 2367 consueverunt,
1396 2285 1540 2348 clemen·

244 2401 298 2457 ter
321 2395 492 2472 consciae;
517 2414 577 2475 pro
601 2414 649 2474 ea,
673 2413 740 2478 qua
765 2395 801 2456 in
824 2396 965 2478 quaevis
989 2390 1222 2476 subjectorum
1247 2392 1356 2457 Nobis
1384 2391 1540 2456 fidelium

246 2499 456 2584 populorum,
479 2500 536 2564 vel
559 2503 696 2565 minimi
719 2503 867 2566 nominis
890 2502 1067 2566 commoda
1083 2501 1178 2566 nullo
1195 2523 1263 2566 non
1278 2508 1438 2584 tempore
1456 2503 1542 2586 vigi-

245 2609 355 2672 lamus
378 2616 413 2671 et
437 2610 591 2672 intentae
616 2629 733 2672 sumus
757 2615 912 2672 materna
936 2631 1017 2672 cura
1033 2617 1068 2673 et
1085 2609 1326 2692 sollicitudine,
1345 2609 1437 2673 alias
1455 2613 1542 2673 int-er

244 2718 440 2780 innumeras
473 2713 516 2780 ab
550 2715 639 2778 aditi
663 2713 773 2780 felicis
806 2715 925 2780 Nostri
955 2717 1132 2800 regiminis
1155 2715 1367 2800 temporibus
1393 2719 1433 2780 in
1460 2716 1543 2780 salu·

245 2830 317 2888 tem
345 2829 380 2886 et
408 2842 586 2886 commune
614 2820 743 2886 bonum
776 2824 874 2908 regni
907 2824 1012 2887 etiam
1045 2823 1255 2908 Hungariae,
1287 2845 1543 2908 regnorumque

246 2937 282 2993 et
307 2931 561 3014 provinciarum
584 2931 628 2994 ad
652 2930 745 2994 idem
768 2933 999 3014 spectantium
1019 2929 1128 2994 factas
1152 2933 1429 3012 constitutiones
1459 2953 1544 2996 com·

245 3038 371 3100 morcio
413 3057 547 3121 quoque
589 3036 799 3122 Hungarico,
838 3039 929 3122 quod
968 3039 1125 3123 angustis
1163 3037 1350 3102 admodum
1388 3040 1542 3124 adusque

246 3143 416 3208 limitibus
447 3145 744 3226 circumscriptum
777 3143 900 3227 fuerat,
933 3145 1069 3229 quodve
1102 3147 1242 3208 unicum
1275 3167 1359 3228 pene
1384 3147 1430 3210 ad
1460 3168 1543 3210 com·

247 3251 457 3333 plementum
481 3249 647 3314 utilitatis
670 3258 704 3314 et
728 3251 921 3315 ornamenti
945 3253 1043 3335 regni
1066 3249 1178 3335 hujus⁷
1204 3252 1313 3314 omnis
1336 3255 1485 3336 generis
1508 3251 1543 3315 ad

246 3361 507 3424 sustentandam
546 3361 657 3424 vitam
695 3362 893 3424 necessariis
933 3360 1117 3443 productis
1154 3363 1240 3424 mira
1273 3359 1337 3424 soli
1370 3359 1542 3425 felicitas

246 3474 456 3551 naturaeque
481 3466 697 3552 benignitate
722 3467 938 3532 abundanter
962 3469 1083 3550 dotati,
1107 3470 1236 3553 requiri
1254 3466 1458 3550 videbatur,
1477 3489 1544 3552 por-

246 3573 350 3638 tubus
374 3577 566 3658 maritimis,
582 3574 806 3660 littoralique,
822 3576 912 3660 quod
930 3576 1063 3640 modica
1087 3577 1251 3659 temporis
1274 3577 1542 3658 intercapedine.

245 3681 421 3746 Austriaoi
445 3683 582 3745 nomine
605 3681 777 3765 veniebat,
793 3689 932 3747 vetusto
949 3683 1172 3747 nihilominus
1185 3679 1262 3766 jure
1279 3703 1318 3746 eo
1335 3685 1543 3764 pertinebat.

245 3791 430 3854 novissime
454 3788 675 3872 reapplicitis,
699 3799 803 3875 atque
827 3790 910 3854 urbe
935 3813 1069 3876 quoque
1102 3791 1174 3872 hac,
1208 3797 1377 3875 portuque
1411 3791 1542 3855 Flumi-

246 3899 343 3962 nensi
367 3897 478 3960 eidem
502 3899 539 3960 in
565 3897 775 3982 singularem
807 3897 1067 3963 benevolentiae
1101 3907 1135 3963 et
1168 3897 1371 3962 clementiae
1406 3909 1543 3964 nostras

246 4015 408 4069 tesseram
433 4008 667 4090 incorporatis,
691 4029 816 4071 novam
840 4009 921 4071 dare
946 4006 1100 4090 formam,
1124 4006 1312 4093 eaquesub
1333 4010 1544 4092 principium

246 4115 374 4196 statim,
398 4111 522 4198 quibus
542 4110 776 4178 florentissimi
792 4116 945 4198 condam,
962 4117 1053 4199 quod
1071 4117 1190 4197 priscis
1207 4117 1311 4179 etiam
1327 4107 1542 4198 temporibm-

246 4221 397 4305 viguisse
421 4243 439 4284 e
463 4220 610 4304 publicis
630 4221 718 4286 hanc
741 4225 778 4286 in
802 4246 875 4287 rem
898 4223 1213 4306 constitutionibus,
1229 4221 1542 4308 historicorumqn·

247 4335 318 4390 tam
342 4328 607 4392 domesticorum
630 4352 735 4414 quam
758 4337 793 4393 et
817 4337 1058 4394 extraneorum
1082 4329 1149 4394 fide
1174 4328 1357 4394 indubium
1373 4337 1442 4413 est,
1461 4352 1543 4395 corn·

247 4436 364 4498 mercii
399 4435 504 4500 moles
538 4443 614 4500 tuto
648 4438 876 4520 superinduci,
909 4447 945 4502 et
980 4439 1190 4520 postliminio
1223 4439 1321 4522 quasi
1355 4441 1543 4502 restaurari

357 4672 364 4698 ¹
384 4664 530 4734 Hainaut,
550 4666 727 4737 Hennegau,
747 4668 835 4738 belga.
855 4668 1036 4737 tartomlmy.
