3124 5216
235 390 300 458 722

232 587 392 673 gerendis
415 590 490 670 apti
512 590 591 669 sint,
616 591 742 670 partim
765 589 856 673 quod
879 587 1039 654 fortunae
1072 589 1277 654 domesticae
1301 589 1337 654 id
1361 611 1432 654 non
1453 611 1518 654 raro
1552 571 1553 636 ἶ

232 695 436 777 deposcant:
459 716 563 779 quare
589 695 617 758 1.
641 695 702 759 alii
725 695 825 760 Claro
849 717 884 760 se
917 698 1096 778 associant,
1119 695 1175 760 vel
1199 699 1402 760 institutum
1426 697 1519 782 quod-

233 802 312 866 dam
335 800 550 885 Religiosum
574 803 611 865 in
634 801 814 887 Hungaria
848 809 1023 885 receptum
1056 802 1320 886 amplectuntur,
1349 805 1378 868 2.
1404 804 1465 868 alii
1484 805 1519 868 ad

232 911 431 993 magisteria
454 907 614 972 ludorum
649 908 912 973 vernaculorum
944 915 1004 972 aut
1037 907 1349 975 Grammaticorum
1377 914 1519 975 animum

233 1015 413 1101 adjiciunt,
438 1017 467 1081 3.
492 1017 552 1081 alii
575 1017 618 1082 ad
644 1025 802 1100 paternos
825 1017 913 1082 lares
945 1018 1100 1100 redeunt,
1124 1026 1164 1082 ut
1196 1018 1354 1082 relictam
1376 1019 1521 1082 haeredi-

233 1133 342 1191 tatem
365 1126 501 1207 adeant,
525 1131 585 1190 aut
608 1126 756 1190 tuendae
773 1124 926 1189 familiae
950 1147 1067 1190 curam
1090 1129 1267 1210 recipiant,
1290 1129 1411 1212 reique
1435 1125 1523 1190 fami-

234 1235 329 1298 liaris
359 1234 651 1298 administrandae
683 1236 833 1298 rationes
865 1257 930 1298 usu
954 1237 1027 1318 ipso
1060 1235 1268 1299 condiscant.
1300 1235 1331 1300 4.
1355 1235 1419 1299 alii
1442 1235 1522 1318 apud
1552 1291 1553 1306 2

233 1345 417 1425 optimates
440 1364 460 1405 a
483 1345 632 1422 secretis,
670 1364 689 1406 3
728 1341 856 1407 libellis
879 1350 943 1407 etc.
976 1341 1088 1407 futuri
1119 1365 1192 1407 3333
1215 1343 1396 1426 collocant,
1421 1344 1452 1407 5.
1474 1343 1524 1407 3111

235 1452 383 1536 denique
416 1451 501 1515 alias
532 1453 627 1516 vitae
660 1452 874 1517 conditiones
910 1456 947 1516 in
979 1452 1212 1536 superioribus
1249 1459 1524 1516 commemoratas

234 1562 414 1642 arripiunt.
438 1559 549 1636 Quare
573 1560 616 1623 ad
634 1561 889 1625 institutionem
904 1560 998 1624 hisce
1015 1563 1276 1625 convenientem
1300 1555 1525 1620 definiendam

236 1667 265 1732 1.
297 1669 525 1731 necessarium
557 1671 633 1751 erit,
672 1674 712 1732 ut
750 1668 910 1732 inchoata
945 1664 1019 1751 jam
1052 1673 1088 1732 in
1120 1667 1245 1732 scholis
1277 1664 1526 1729 Grammaticus

235 1775 350 1838 studia
375 1776 490 1856 paucis
530 1773 733 1856 recolantur,
765 1773 858 1838 ultra
891 1774 1133 1858 provehantur,
1165 1773 1405 1857 accedantque
1429 1795 1526 1838 novae

234 1885 376 1964 insuper
400 1880 601 1964 disciplinae
625 1882 803 1944 recensitis
826 1883 920 1945 vitae
936 1879 1191 1945 conditionibus
1215 1883 1371 1964 apprime
1397 1901 1527 1944 consen·

235 1997 364 2054 taneae.
389 1990 419 2052 2.
442 1987 535 2052 Hinc
559 1993 733 2051 autemst
757 1994 892 2070 tempus
917 1986 1017 2052 facile
1047 1991 1295 2071 praestituatur
1317 1989 1528 2052 institutioni

234 2096 317 2160 huic
341 2099 564 2178 conveniens;
588 2098 753 2159 nimirum
786 2095 829 2158 ad
861 2117 968 2159 annos
1001 2095 1087 2176 illoc,
1119 2093 1245 2180 quibus
1276 2095 1528 2159 Grammaticae

235 2226 352 2268 cursus
377 2203 550 2286 definitur,
573 2209 626 2267 tot
665 2202 777 2267 adhuc
816 2210 916 2266 erunt
950 2200 1170 2288 adjungendi,
1202 2209 1286 2287 quot
1319 2201 1531 2266 videbuntur

235 2311 426 2394 disciplinis
450 2311 531 2375 huic
554 2309 809 2374 adolescentum
843 2309 943 2374 classi
976 2312 1212 2374 consentaneis
1244 2311 1310 2372 rite
1339 2309 1531 2373 ediscendis

235 2421 425 2499 necessarii,
448 2423 601 2502 spectata
625 2420 699 2500 ipsa
722 2419 827 2480 etiam
859 2417 1057 2481 auditorum
1089 2423 1202 2481 aetate
1226 2416 1270 2480 ad
1293 2419 1532 2481 maturitatem

232 2525 304 2611 jam
328 2531 454 2591 sensim
478 2526 669 2590 accedente.
695 2563 735 2570 —-
760 2524 871 2601 Quare
903 2528 1057 2590 nascitur
1084 2525 1149 2589 hoc
1172 2524 1246 2588 loco
1269 2523 1380 2586 altera
1407 2523 1553 2587 schola-¹

236 2656 312 2698 rum
336 2635 521 2698 latinarum
544 2633 670 2714 classis,
699 2631 799 2715 paulo
824 2633 963 2718 quidem
986 2636 1162 2715 minorem,
1186 2653 1289 2717 quam
1312 2631 1392 2694 ludi
1416 2631 1553 2706 Gramr

235 2746 389 2824 maticae,
413 2739 702 2824 comprehendens
741 2739 957 2804 alumnorum
995 2762 1184 2822 numerum,
1224 2739 1293 2802 late
1325 2746 1452 2802 tamen
1485 2740 1535 2802 ad-

236 2849 376 2913 modum
401 2855 528 2932 patens,
553 2854 694 2932 propter
725 2847 971 2911 tradendarum
1003 2869 1118 2910 rerum
1149 2846 1348 2928 utilitatem,
1384 2845 1534 2930 locisque

237 2955 434 3019 collocanda
473 2954 639 3037 plurimis,
679 2961 818 3037 propter
856 2955 1006 3018 adeundi
1045 2955 1334 3019 commoditatem.
1368 2953 1474 3018 Haec
1507 2957 1553 3046 in,

238 3068 410 3144 posterum
449 3059 638 3144 Gymnasia
677 3058 952 3143 adpellabuntur.
985 3060 1045 3125 IV.
1083 3061 1231 3125 Emenso
1264 3057 1553 3145 Gymnasiorum

236 3190 337 3231 cursu
357 3163 523 3250 juventus
548 3167 746 3251 plerumque
771 3173 864 3230 certo
888 3169 982 3230 vitae
1005 3169 1124 3252 generi
1155 3189 1227 3231 3333
1258 3167 1405 3248 addicit,
1430 3180 1471 3233 et
1487 3167 1533 3231 vel

236 3276 387 3340 dimissis
410 3274 588 3338 literarum
621 3275 746 3338 studiis
778 3279 889 3337 status
923 3276 960 3337 in
991 3273 1223 3357 superioribus
1251 3285 1535 3340 commemoratos

235 3381 474 3465 amplectitur:
498 3381 555 3444 vel
578 3381 622 3445 ad
639 3382 900 3446 condiscendam
915 3381 1181 3466 Philosophiam,
1197 3405 1236 3447 33
1252 3383 1333 3446 inde
1356 3385 1403 3448 ad
1430 3384 1535 3449 Theo

236 3490 373 3575 logiam,
405 3495 466 3552 ant
499 3488 825 3572 Jurisprudentiam,
858 3494 919 3553 aut
952 3490 1099 3574 denique
1127 3495 1238 3554 artem
1260 3491 1441 3555 Medicam
1467 3515 1535 3575 ope

237 3619 310 3660 ram
333 3617 431 3659 suam
455 3596 616 3677 traducit,
641 3605 680 3660 nt
712 3619 834 3680 nempe
866 3597 931 3661 hoc
964 3597 1140 3661 doctrinae
1172 3598 1384 3662 adminiculo
1410 3604 1534 3682 partim

236 3705 426 3767 necessaria
451 3703 625 3786 degendae
648 3706 742 3767 vitae
767 3703 919 3767 subsidia
953 3704 1019 3767 sibi
1052 3712 1233 3788 comparet,
1258 3709 1388 3788 partim
1413 3715 1459 3771 ut
1483 3708 1535 3770 ali-

236 3810 373 3895 quando
396 3809 519 3874 utilem
542 3809 633 3894 Regi
658 3819 761 3895 31333
786 3809 994 3894 reipublicae
1020 3832 1158 3893 operam
1182 3819 1341 3895 praestet.
1371 3813 1483 3878 Unde
1506 3817 1534 3877 in

237 3915 509 3982 constabiliendo
543 3917 656 3981 stadio
689 3918 754 3982 hoc
792 3917 945 3984 literario
978 3918 1096 3982 sedulo
1130 3919 1384 4001 providendum
1408 3929 1478 4002 est,
1501 3943 1535 3984 ns

237 4025 328 4109 quod
353 4023 612 4107 disciplinarum
636 4025 776 4088 utilium
809 4047 917 4110 genus
945 4025 1160 4088 desideretur
1181 4025 1225 4089 ab
1248 4027 1477 4092 auditoribus
1500 4027 1535 4090 ad

236 4130 613 4216 quamdemumcunque
660 4131 862 4197 facultatem
907 4136 1060 4196 animum
1106 4129 1358 4217 adjicientibus.
1408 4136 1553 4221 Magno¹

237 4244 412 4322 praeterea
437 4239 628 4303 cavendum
653 4263 761 4324 opere,
794 4263 836 4304 ne
870 4263 985 4304 rerum
1008 4261 1128 4323 parum
1152 4241 1293 4305 utilium
1317 4247 1536 4308 tractatione.

237 4345 424 4410 enodandis
449 4344 584 4410 frivolis
608 4350 764 4432 argutiis,
798 4350 997 4431 cumprimis
1024 4369 1106 4412 vero
1130 4347 1258 4412 crebris
1281 4371 1301 4412 3
1324 4351 1450 4415 studio
1477 4374 1536 4416 ces

237 4451 436 4534 sationibus,
461 4455 534 4516 sive
559 4451 663 4536 feriis,
686 4462 822 4537 tempus
840 4457 1035 4537 pretiosum,
1059 4477 1168 4540 neque
1192 4455 1351 4539 deinceps
1377 4479 1537 4542 reparare

239 4557 322 4620 dum
346 4557 459 4622 ferant
479 4556 633 4642 juvenes,
650 4581 795 4644 quorum
818 4562 972 4645 alioquin
994 4584 1064 4625 non
1088 4566 1204 4645 paucis
1227 4569 1287 4627 331
1310 4571 1445 4630 natura
1472 4571 1536 4650 ipsa

239 4663 384 4742 avarior,
409 4671 469 4726 aut
493 4665 693 4746 quotidiana
717 4669 811 4729 vitae
831 4669 982 4748 societas,
1005 4677 1065 4732 ant
1090 4669 1237 4754 denique
1260 4669 1437 4738 domestia
1464 4677 1553 4738 cim-³
