3182 5210
1323 253 1414 340 111·
1451 283 1452 286 ¹

5 467 7 552 ζ
100 477 152 540 alii
175 478 212 538 in
236 497 294 539 ore
318 474 435 558 gladii,
460 481 543 556 puta
567 474 608 537 de
640 475 808 538 ministris
841 479 876 535 et
908 471 1047 536 famulis
1081 482 1115 536 et
1149 471 1388 558 iobagionibus

5 623 6 678 ᾗ
100 583 290 648 eorumdem
314 603 455 646 numero
479 583 730 666 quinquaginta
755 588 825 644 tres
849 580 971 644 saltem
995 581 1037 674 de-
1054 581 1197 663 Bathur,
1214 581 1389 646 miserabi-

5 679 6 738 ἕ
100 692 172 755 liter
204 697 287 754 sunt
320 691 431 754 occisi.
463 689 512 752 Hi
545 695 634 770 sunt,
663 692 723 772 qui
747 688 976 773 Evangelicae
1000 673 1129 752 fluenta
1153 689 1328 753 doctrinae
1353 698 1388 752 et

98 807 246 862 nostram
269 799 401 882 regiam
424 803 604 882 sequentes
628 795 846 859 Maiestatem
868 795 1128 880 abnegaverunt
1152 804 1259 859 semet
1289 801 1387 879 ipsos,

98 928 169 970 suos
193 915 298 990 atque
331 925 400 985 sua⁷
433 925 502 968 non
534 925 590 966 eos
624 911 820 967 terruerunt
859 905 979 966 mortis
1022 906 1121 983 mine,
1160 925 1229 967 non
1268 927 1386 968 eorum

97 1015 226 1094 clamne,
259 1035 328 1077 non
361 1015 604 1092 contentiones,
637 1033 706 1074 non
738 1011 803 1075 alie
837 1013 1080 1092 temptationes
1109 1033 1175 1095 que
1198 1011 1388 1076 humanum

97 1129 344 1186 consueverunt
368 1119 596 1205 fragilitatem
620 1119 662 1183 ab
686 1121 822 1203 incepto
846 1120 1053 1201 operationis
1081 1115 1189 1182 bonae
1216 1123 1388 1202 proposito

96 1251 261 1293 revocare..
285 1228 424 1292 Pridem
453 1228 647 1310 specialiter
679 1249 756 1291 cum
780 1227 944 1290 adversus
977 1225 1182 1302 Mattheum,
1215 1227 1388 1310 quondam

95 1336 301 1404 Palatinum.
325 1337 513 1399 exercitum
537 1344 572 1399 et
595 1335 852 1419 expedicionem
877 1335 965 1396 circa
989 1333 1137 1396 Kassam
1156 1335 1388 1418 movissemus,

95 1445 207 1508 dictus
237 1445 403 1528 magister
426 1443 601 1508 Johannes
625 1443 716 1506 filius
750 1439 874 1522 Briccij
901 1440 1062 1505 ferociter
1086 1443 1176 1506 inter
1200 1449 1329 1505 ceteros
1352 1465 1387 1506 se

94 1552 304 1634 opponendo.
337 1559 420 1616 tunc
462 1549 512 1614 ibi
545 1573 613 1614 non
647 1553 719 1614 sine
752 1549 852 1612 laude
886 1551 1048 1612 memoria.
1082 1547 1188 1633 digna
1227 1547 1387 1614 bellicosa

5 1745 7 1754 ‚
93 1659 263 1724 virilitate
288 1658 624 1723 (111111111111111118
658 1659 763 1722 etiam
796 1679 874 1720 curn
907 1657 1079 1741 quondam
1112 1657 1275 1720 adversus
1299 1655 1388 1720 filios

93 1767 224 1831 Thema
250 1768 429 1850 predictos²
454 1765 581 1830 vexillo
609 1773 724 1829 nostre
759 1769 851 1849 regie
884 1764 1077 1828 Maiestatis
1104 1773 1226 1843 erecto,
1248 1772 1389 1848 gentem

91 1883 246 1937 nostram
271 1882 305 1937 et
329 1876 542 1937 exercitum⁹
565 1879 720 1936 nostrum
744 1873 1049 1936 transmisissemus
1082 1873 1170 1934 cirea
1203 1869 1388 1952 Debrecen‚

91 1994 251 2046 strenuae
269 1983 501 2046 dimicationis
524 1979 679 2045 officium
703 1985 738 2044 in
762 1983 833 2044 acie
858 2001 1056 2063 congressae
1075 1981 1189 2062 gentis
1205 1981 1388 2062 oppositae,

93 2091 243 2153 feliciter
267 2098 301 2153 et
325 2089 439 2152 valide
464 2092 539 2152 111υ
561 2088 728 2174 gestando
759 2087 997 2168 triumphavit.
1031 2086 1149 2150 Tertio
1173 2090 1277 2150 etiam
1310 2109 1388 2149 1111

92 2196 249 2279 partibus
273 2201 311 2260 in
335 2195 570 2260 Transilvanis
603 2195 781 2258 Dousam¹¹
817 2194 989 2278 quondam
1022 2194 1215 2276 voivodam,
1248 2194 1388 2256 tandem

91 2304 301 2384 Palatinum,
330 2311 447 2367 contra
471 2303 596 2386 Moyus
620 2301 730 2366 filiurn
754 2301 888 2385 MoyuS,
912 2299 1086 2364 infidelem
1110 2308 1266 2364 nostrum
1298 2303 1388 2383 capi-

91 2411 207 2491 talem,
231 2433 309 2474 cum
338 2409 455 2474 debito
488 2412 602 2494 gentis
635 2416 810 2492 apparatu,
843 2410 934 2470 inter
967 2415 1096 2470 ceteros
1130 2407 1387 2490 principaliores

5 2545 7 2596 i
90 2541 168 2582 suos
202 2517 304 2581 lateri
327 2520 533 2599 insistentes
559 2538 636 2580 cum
660 2517 779 2580 eodem
812 2519 924 2598 ipsum
957 2517 1161 2599 magistrum
1194 2514 1388 2580 Johannem

5 2707 6 2710 Ἴ
92 2625 263 2706 proficisci
295 2628 518 2704 iussissemus⁷
551 2634 633 2688 tuno
667 2624 826 2688 similiter
859 2645 928 2688 non
960 2625 1032 2686 sine
1065 2621 1226 2686 laboriosi
1254 2645 1388 2687 concer-

5 2735 7 2806 1
90 2735 233 2797 taminia
257 2732 366 2813 laude,
391 2753 508 2796 severa
534 2733 711 2796 ferocitate
735 2731 910 2795 hostiliter
934 2717 1130 2794 dimicavit.
1162 2730 1229 2792 Hic
1267 2752 1387 2811 nempe

5 2827 7 2866 ³
88 2840 193 2904 simul
215 2861 293 2904 cum
313 2840 390 2904 aliis
413 2839 579 2904 fratribus
603 2843 673 2904 suis
698 2860 757 2922 pro
781 2837 880 2903 nobis
903 2837 1111 2924 generaliter
1133 2839 1175 2901 ad
1201 2839 1314 2900 omnia
1330 2837 1388 2900 ad-

90 2970 188 3013 versa
215 2971 250 3012 se
275 2947 425 3012 viriliter
450 2969 509 3028 pro
533 2947 630 3010 nobis
655 2955 689 3009 11
718 2968 824 3030 regno
856 2953 973 3009 nostro
1005 2953 1223 3028 opponentes.
1257 2965 1388 3025 semper

88 3073 120 3119 et
138 3055 322 3125 indefesse,
338 3056 480 3119 servitia
495 3053 705 3118 fidelitatum
723 3052 894 3136 praeclara
911 3052 1010 3116 laude
1035 3053 1140 3137 digna
1157 3054 1386 3115 constiterunt

86 3163 275 3226 consecuti.
308 3162 401 3238 Quae
435 3164 548 3224 omnia
582 3159 721 3242 speciali
754 3160 974 3222 annotatione
1014 3179 1208 3221 sermonum
1246 3157 1388 3241 longum

5 3255 7 3262 ¹
86 3290 258 3332 enarrare.
288 3275 322 3331 et
352 3266 586 3349 praesentibus
618 3267 723 3329 inseri
757 3264 846 3328 foret
880 3265 1065 3344 tediosum;
1099 3271 1139 3327 ut
1172 3266 1220 3326 sic
1253 3286 1387 3328 crucem

85 3376 232 3440 Domini
257 3375 417 3439 tollentes
441 3381 592 3438 nostram
617 3375 726 3436 secuti
750 3377 941 3436 extiterunt
974 3371 1200 3435 Maiestatem.
1233 3371 1287 3434 Ex
1320 3395 1387 3456 quo

86 3484 237 3567 dignum
261 3485 378 3568 itaque
402 3491 437 3544 et
457 3478 591 3562 justum
614 3481 844 3560 aestimantes,
868 3487 908 3540 111
933 3500 1056 3562 magna
1080 3479 1214 3562 magnis
1231 3487 1266 3542 et
1282 3478 1386 3563 digna

85 3592 207 3676 dignis
227 3590 480 3672 impendantur,
496 3597 531 3652 et
545 3591 728 3652 immensos
745 3586 876 3649 labores
893 3589 1028 3668 copiosa
1044 3608 1172 3650 merces
1196 3585 1328 3650 reficiat
1352 3597 1386 3652 et

85 3707 269 3763 restauret.
299 3697 348 3761 Ut
372 3699 524 3779 ipsorum
548 3696 702 3778 exemplo
742 3695 890 3778 reliquos
929 3695 972 3756 ad
1011 3694 1190 3758 fidelitatis
1229 3696 1386 3760 antidota

84 3807 334 3870 accendamus:
374 3804 508 3867 discant
548 3813 582 3867 et
621 3805 726 3865 ceteri
759 3800 823 3864 sub
857 3803 1010 3882 principe
1040 3802 1191 3885 gratioso
1226 3802 1385 3866 devotius

5 3923 6 3926 ’
85 3911 261 3976 famulari.
296 3911 460 3975 Volentes
495 3921 565 3974 tam
598 3910 783 3972 meritoriis
817 3917 851 3971 et
884 3910 1048 3990 gratuitis
1073 3905 1243 3990 obsequiis
1266 3907 1387 3972 volun*

87 4022 171 4082 tatis
188 4027 306 4082 nostre
322 4020 434 4102 gratie
453 4038 628 4082 occurrere
652 4015 825 4097 donativo,
850 4015 931 4078 licet
955 4037 1072 4077 eorum
1096 4017 1216 4078 merita
1234 4014 1335 4099 longe
1352 4024 1386 4080 et

87 4125 299 4208 peramplius
323 4125 377 4192 his
401 4128 529 4189 maiora
553 4126 749 4208 exigerent:
774 4131 890 4186 tamen
914 4131 953 4185 11
976 4125 1013 4184 111
1044 4122 1228 4205 aliqualem
1260 4145 1387 4188 recom-

87 4237 326 4313 pensationem
350 4235 399 4320 eis
424 4232 595 4316 paulisper
620 4232 883 4313 respondeamus
908 4240 941 4294 et
975 4238 1131 4312 respectu
1165 4231 1286 4294 horum
1320 4253 1385 4314 que

155 4389 270 4443 omem
290 4389 393 4459 igitur,
850 4396 871 4424 ¹¹
890 4384 1030 4455 lstve'infy
1050 4384 1215 4438 codexebeu
1240 4387 1386 4456 Donarem,

157 4477 407 4550 ‘Episcopatum
794 4495 827 4529 an
849 4477 975 4530 ltraiki
995 4477 1179 4531 masolatban
1206 4475 1386 4530 Derowsam.

147 4578 166 4604 ¹·
186 4566 343 4638 Hianyzik
357 4585 398 4622 ae.
1266 4601 1267 4610 .

1227 4673 1279 4726 14*
