3182 5210
200 337 264 404 172

197 537 321 602 lentur.
344 535 395 602 Ut
418 538 528 622 igitur
551 537 655 600 series
677 537 789 620 gratie
822 541 938 600 nostre
970 531 1169 598 huiusmodi
1201 531 1305 597 robur
1336 535 1498 616 optineat
1585 590 1586 605 ,

198 653 361 728 perpetue
384 642 570 726 firmitatis,
592 663 655 708 neo
680 661 838 726 processu
862 647 1056 725 temporum
1079 641 1187 724 possit
1210 662 1271 724 per
1297 641 1498 725 quempiam
1585 660 1586 685 ¹

198 753 235 816 in
258 753 397 818 irritum
419 751 582 834 revocari,
606 757 780 836 presentes
804 749 1031 814 concessimus
1054 747 1198 829 litteras,
1223 745 1370 832 duplicis
1385 744 1499 830 sigilli

197 861 308 924 nostri
331 859 519 924 munimine
542 856 728 922 roboratas.
751 855 882 922 Datum
906 877 966 938 per
989 875 1109 920 manus
1128 855 1287 939 magistri
1302 852 1497 935 Benedicti,

198 975 315 1032 sancte
338 965 585 1052 Strigoniensis
613 965 753 1030 ecclesie
776 965 886 1050 electi,
909 963 1129 1048 eiusdemque
1153 962 1220 1027 loci
1252 963 1387 1028 comitis
1420 983 1498 1046 per·

199 1077 303 1158 petui,
326 1073 497 1140 Budeusis
522 1075 686 1158 prepositi
710 1081 745 1140 et
768 1074 846 1139 aule
869 1081 985 1138 nostre
1009 1069 1291 1154 vicecancellarii,
1315 1069 1435 1135 dilecti
1459 1079 1498 1134 et

199 1180 311 1246 fidelis
342 1182 460 1264 nostri,
492 1179 594 1246 Anno
627 1181 759 1246 domini
792 1181 845 1248 Μ0
877 1180 950 1248 00⁰
982 1179 1102 1244 LXX⁰
1135 1183 1268 1264 quarto,
1299 1177 1497 1266 indictione

200 1289 365 1372 Secunda,
398 1287 488 1353 ΧΠο
520 1287 697 1353 Kalendas
729 1287 949 1373 Septembris,
981 1287 1097 1373 Regni
1119 1295 1236 1351 autem
1259 1287 1369 1350 nostri
1391 1285 1497 1350 Anno
1588 1287 1589 1292 ’

199 1395 365 1478 Secundo,
388 1395 646 1462 venerabilibus
670 1395 826 1480 patribus
849 1395 1024 1481 Stephano
1058 1394 1254 1460 Colocensis
1276 1400 1313 1458 et
1335 1393 1498 1459 Johanne

100 1517 102 1525 ·
200 1501 410 1585 Spalatenais
433 1504 705 1589 archiepiscopis,
729 1503 913 1588 Lamperto
936 1503 1108 1590 Agriensi,
1131 1502 1267 1568 Briccio
1282 1502 1498 1582 waradiensi,

200 1607 392 1694 Tymotheo
416 1607 647 1697 Zagrabiensi,
670 1609 826 1678 Dionisio
850 1612 1025 1677 Jouriensi
1047 1617 1084 1676 et
1115 1609 1219 1676 Petro
1251 1606 1498 1674 Transsilvano

200 1717 367 1800 episcopis
389 1717 549 1782 ecclesias
572 1719 629 1784 dei
652 1717 801 1784 feliciter
832 1715 1115 1804 gubernantibus,
1147 1716 1302 1782 Dionisio
1327 1714 1499 1796 PalatinO,

114 1817 116 1822 ’
200 1827 325 1889 comite
348 1825 390 1890 de
414 1824 550 1912 Olrlyoh
583 1833 618 1891 et
649 1826 775 1892 Judice
807 1826 1048 1909 Cumanorum,
1082 1825 1233 1889 Henrico
1266 1822 1355 1888 bano
1388 1824 1500 1888 totius

201 1929 390 2014 Sclavenie,
429 1931 573 1997 Nicolao
615 1932 741 1998 Judica
782 1935 875 1998 curie
913 1941 1038 2016 nostre,
1076 1934 1202 1998 comite
1240 1931 1284 1996 de
1321 1929 1500 2012 Guechke,

201 2037 370 2103 Joachino
403 2041 569 2123 magistro
607 2039 878 2104 Tavarnicorum
916 2047 1120 2122 nostrorum,
1159 2037 1284 2103 comite
1322 2037 1364 2101 de
1403 2037 1500 2121 Plys,

201 2145 342 2210 Nicolao
375 2147 565 2231 woyavoda
593 2147 829 2229 TransilvanO,
853 2148 977 2212 comite
1002 2146 1044 2210 de
1068 2146 1213 2228 zounulr,
1236 2143 1394 2210 Renoldo
1427 2167 1502 2208 ma-

200 2253 310 2338 gistro
338 2251 573 2337 dapiferorum
604 2261 808 2338 nostrorum,
840 2255 965 2318 comite
989 2251 1282 2339 Zulgageurionsi,
1315 2249 1501 2318 Herbordo

201 2361 367 2445 magistro
386 2381 575 2446 agasonum
597 2370 801 2443 nostrorum,
825 2363 950 2426 comite
974 2361 1016 2425 de
1040 2361 1184 2443 Barana,
1208 2358 1315 2424 Paulo
1340 2358 1429 2424 bano
1455 2360 1501 2423 de

191 2465 374 2549 ¹Securino,
406 2467 507 2553 Moys
539 2469 704 2553 magistro
737 2471 993 2533 tavarnicorum
1031 2469 1139 2550 ipsius
1178 2466 1315 2531 domine
1353 2467 1501 2551 Regino,

202 2577 326 2640 comite
359 2575 577 2660 symigiensi,
615 2573 746 2642 Dedalo
779 2578 903 2640 comite
937 2575 1139 2656 Zaladiensi,
1172 2573 1339 2660 Gregorio
1372 2575 1502 2638 comite

202 2682 306 2745 oastri
329 2679 441 2764 ferrei,
461 2680 489 2746 J
490 2679 623 2745 ohanne
647 2683 771 2746 comite
791 2681 1024 2765 supruniensi,
1040 2679 1171 2746 Jacobo
1187 2681 1312 2744 comite
1328 2679 1503 2744 Nitriensi

202 2797 237 2852 et
260 2787 338 2853 aliis
361 2785 622 2873 quampluribus
646 2791 830 2852 comitatus
852 2788 967 2873 Regni
991 2785 1190 2852 tenentibus
1214 2793 1249 2850 et
1272 2786 1425 2851 honores.
