3144 5218
257 579 293 661 1)
315 575 377 644 Aa
400 573 619 664 1687s8-iki
641 573 882 665 vallestigyi
904 573 1218 664 tdrve'nyozikk.

192 732 250 804 Aa
292 733 512 826 1687l8-iki
559 731 875 827 orszaggyiile'sen
922 759 944 806 a
991 724 1259 830 protestdnsok
1298 735 1381 807 mar

80 857 399 953 megnyugodtak
428 858 540 930 volna
569 883 610 930 az
643 859 818 932 1681-iki
847 857 1141 952 tlirvenyekben,
1165 861 1211 932 de
1239 861 1380 953 kdnyd-

79 983 224 1078 riigtek
272 1009 363 1056 anon
402 985 424 1057 ὅ
460 983 686 1079 felsege'nek‚
722 985 826 1080 hogy
863 1010 885 1056 a
923 973 1150 1079 megerdsitd
1196 985 1379 1058 czikkhez

77 1109 261 1202 bizonyos
280 1109 468 1204 pontokat
487 1109 805 1182 csatolhassanak.
824 1108 1120 1203 Kivansaigukat
1148 1106 1214 1204 lgy
1241 1109 1380 1181 formu-

76 1232 232 1304 laztak:
275 1233 469 1306 »Demissa
506 1239 634 1306 tamen
664 1233 860 1328 sequentia
888 1235 981 1306 haec
1010 1235 1203 1329 postulata
1239 1239 1379 1322 nostra,

77 1362 218 1430 contra
247 1359 385 1431 abusus
413 1359 667 1453 concipiendo,
699 1359 981 1431 confirmatorio
1010 1358 1187 1430 Articulo
1217 1359 1379 1453 benigne

78 1481 174 1554 addi
203 1481 427 1576 suppliciter
446 1488 655 1571 exorantes,
678 1487 723 1554 ut
742 1484 868 1576 quoad
887 1507 1006 1576 usque
1021 1483 1135 1576 juxta
1155 1482 1379 1554 facultatem

77 1607 219 1678 iisdem
239 1607 428 1680 Articulis
446 1609 554 1680 nobis
573 1633 787 1681 concessam
807 1608 992 1682 uberioris
1011 1607 1234 1680 clementiae
1250 1607 1380 1703 Diplo-

77 1732 246 1804 maticas
293 1731 614 1826 complanationes
658 1733 698 1804 in
745 1733 884 1805 futuris
932 1733 1078 1806 Diaetis
1116 1733 1380 1820 obtinebimus,

78 1855 255 1929 fomenta
284 1858 471 1929 abusuum
498 1858 680 1953 utrinque
708 1859 924 1933 tollantur.«
968 1859 1027 1932 Aa
1055 1858 1222 1930 emlitett
1254 1861 1380 1953 postu-

78 1981 260 2054 latumok
288 1979 355 2076 igy
382 1983 637 2078 hangzottak:
666 1984 818 2056 Primo:
845 1983 901 2057 Ut
929 1983 1138 2057 clausulam
1166 1983 1273 2057 salvo
1292 1983 1380 2056 Iure

79 2107 336 2180 Dominorum
376 2108 639 2199 Terrestrium,
676 2134 696 2181 e
733 2133 889 2204 corpore
937 2111 1141 2181 eorundem
1179 2110 1380 2203 decerpere

80 2232 401 2326 mortificareque‚
422 2233 523 2304 acin
543 2234 692 2329 oppidis
711 2233 812 2322 Mad,
833 2233 975 2328 Tallya,
987 2235 1152 2325 Tarczal
1170 2234 1380 2307 Keresztur

80 2359 122 2430 in
153 2359 348 2431 Comitatu
382 2358 658 2454 Zempliniensi,
696 2383 739 2431 ac
778 2359 869 2431 alibi
906 2360 1096 2454 praesenti
1133 2361 1203 2433 sub
1241 2357 1380 2432 Diaeta

81 2509 154 2580 per
182 2485 342 2556 abusum
370 2483 538 2576 ejusdem
558 2483 758 2556 Clausulae
786 2489 972 2579 occupata
1000 2490 1038 2556 et
1067 2486 1246 2580 adempta
1270 2483 1380 2556 reddi

77 2609 216 2702 jubere
245 2607 427 2701 Majestas
450 2609 592 2680 Vestra
621 2608 886 2682 sacratissima
914 2609 1016 2682 velit.
1044 2609 1205 2682 Secundo
1215 2635 1226 2681 .·
1257 2607 1380 2702 Siqui-

81 2733 172 2804 dem
201 2731 342 2826 ubique
370 2731 467 2803 liber
494 2731 680 2804 Exercitii
717 2757 806 2805 usus
844 2733 1073 2822 conceditur,
1101 2758 1229 2806 omnes
1257 2732 1382 2828 Regni

82 2855 297 2929 Comitatus
317 2861 355 2928 et
375 2856 659 2947 Mosoniensem,
688 2858 754 2952 qui
781 2858 821 2928 in
848 2857 924 2930 illis
944 2858 1131 2930 Articulis
1149 2857 1380 2952 praeteritus

83 2989 151 3072 est,
189 2987 227 3054 et
266 2981 359 3054 alias
395 2983 591 3056 universas
629 2985 805 3056 civitates
842 2984 989 3079 pariter
1034 2983 1202 3078 singulas
1240 2983 1379 3076 Regias

83 3115 123 3180 et
152 3107 357 3180 Montanae
387 3109 680 3200 Tymaviensem
721 3109 837 3180 etiam
875 3099 930 3180 et'
951 3107 1267 3196 Szakolozensem,
1305 3106 1381 3179 Kt-

83 3234 315 3327 szegiensem
342 3231 435 3304 item
464 3237 502 3305 et
531 3231 765 3324 Rustensem,
802 3238 917 3328 prout
946 3238 984 3304 et
1013 3230 1379 3327 Sa-Gydrgyensem,

83 3358 348 3430 Baziniensem
375 3361 413 3428 et
442 3357 736 3452 Legradiensem
764 3385 808 3432 ac
837 3359 930 3432 alios
959 3357 1111 3452 quosvis
1130 3358 1254 3451 Pagos
1279 3356 1380 3428 simi-

83 3483 176 3555 liter
203 3488 243 3554 et
271 3483 433 3555 confinia
461 3484 500 3555 in
529 3485 660 3556 eodem
688 3485 883 3558 Exercitio
912 3483 1117 3556 clementer
1134 3486 1380 3554 manutenere

84 3609 275 3704 dignetur.
305 3607 452 3681 Tertio:
479 3607 535 3682 Ut
565 3609 729 3681 ministri
757 3610 935 3684 docendis
963 3607 1113 3703 populis
1142 3611 1180 3678 et
1200 3605 1380 3678 Rectores

83 3734 313 3807 erudiendae
346 3733 538 3806 iuventuti
575 3735 784 3824 necessarii,
821 3734 1066 3808 innuentibus
1102 3733 1237 3805 iisdem
1275 3731 1381 3804 Arti-

84 3859 190 3949 culis,
211 3860 353 3953 absque
382 3884 545 3954 quorum
572 3859 790 3932 interventu
818 3860 982 3932 liberum
1011 3857 1247 3931 Exercitium
1272 3856 1381 3928 intel-

82 3985 155 4080 ligi
183 3985 325 4078 nequit,
362 4008 437 4057 non
485 3985 698 4056 turbentur.
737 3987 898 4075 Quarto:
935 3983 1091 4056 Nobiles
1128 3981 1304 4072 universi,
1340 3981 1380 4052 in

84 4111 201 4183 curiis
221 4111 298 4183 suis
317 4109 554 4182 Exercitium
574 4109 826 4182 Ministeriale
854 4109 1046 4199 habentes,
1075 4109 1135 4181 vel
1159 4108 1274 4202 juxta
1296 4107 1381 4180 illos

83 4235 282 4308 Articulos
328 4235 508 4324 habituri,
552 4233 704 4306 aliunde
741 4234 934 4308 venientes
971 4241 1009 4308 et
1046 4235 1175 4307 venire
1212 4233 1380 4306 volentes

83 4361 345 4456 cujuscunque
383 4359 610 4432 conditionis
648 4359 817 4432 homines
848 4359 965 4431 libere
995 4359 1199 4432 admittere
1228 4356 1381 4452 possint,

83 4512 154 4559 nec
182 4493 386 4582 propterea
415 4484 569 4559 admissi
598 4483 827 4557 divexentur
864 4489 931 4556 aut
969 4483 1187 4579 puniantur.
1225 4481 1381 4573 Quinto:

86 4613 252 4708 Templa,
271 4613 488 4701 Parochiae,
509 4607 675 4699 Scholae,
696 4617 734 4682 et
754 4611 910 4706 reliqua,
929 4609 968 4681 in
987 4611 1079 4683 locis
1105 4607 1381 4683 Articulariter
