3160 5212
228 357 293 420 292

226 554 386 616 similiter
409 553 678 637 subiugavimus,
702 553 1045 638 subiugassemusque
1074 561 1109 617 01
1142 556 1215 617 01110
1248 554 1419 639 1011110100Ι
1453 558 1521 619 nisi

227 660 422 724 domesticis
455 661 647 724 insolentiis
680 671 714 724 01
747 661 894 746 querelis
927 665 1080 725 revocati
1112 660 1303 725 fuissemus.
1337 661 1404 726 Sed
1438 663 1522 726 dum

226 769 280 832 his
304 768 404 832 rebus
428 791 598 850 vacamus,
622 769 704 832 dum
721 791 894 833 successus
909 776 1043 832 nostros
1059 791 1230 854 urgemus,
1246 769 1329 832 dum
1344 767 1524 832 fortunam

226 876 395 961 simulque
418 879 600 940 victoriam
630 881 874 962 prosequimur,
897 899 1021 962 magna
1047 880 1177 941 interea
1212 887 1350 960 propter
1381 876 1523 962 longam

226 984 416 1048 absentiam
432 990 467 1046 01
483 987 741 1066 occupationem
757 993 917 1068 1100110111,
934 985 1191 1066 homicidarum,
1201 984 1327 1066 furum,
1338 985 1523 1062 latronum,

227 1093 443 1174 praedonum,
468 1091 693 1174 falsariorum,
716 1091 1004 1156 incendiariorum
1028 1099 1063 1156 et
1087 1092 1252 1156 similium
1276 1091 1522 1156 sceleratorum

225 1203 336 1262 oritur
358 1201 395 1261 in
418 1219 524 1282 regno
548 1197 745 1280 multitudo,
769 1202 818 1262 ita
843 1207 881 1262 ut
906 1221 975 1263 non
997 1203 1120 1282 viator,
1143 1221 1206 1262 neo
1230 1198 1339 1263 frater
1361 1223 1381 1262 0
1401 1198 1522 1268 fratre,

227 1327 288 1367 1100
312 1305 434 1387 hospes
459 1304 503 1368 ab
527 1303 662 1388 hospite
682 1313 779 1369 tutus
803 1315 900 1387 esset,
926 1315 1065 1390 propter
1087 1307 1178 1390 quod
1203 1313 1238 1369 et
1261 1306 1525 1386 011111111111011-

226 1413 303 1475 dem
347 1411 539 1495 praelatum
581 1412 789 1476 desiderium
826 1420 982 1476 nostrum
1020 1414 1165 1496 explere,
1204 1412 1524 1498 tranquillitatique

224 1519 500 1603 Regnioolarum,
535 1529 636 1603 prout
670 1543 803 1602 semper
834 1524 1029 1603 optavimus
1063 1520 1238 1585 consulere
1273 1523 1449 1603 possimne,
1484 1524 1523 1583 in

225 1626 288 1690 hoc
312 1627 473 1712 Regnum
497 1628 671 1709 Nostrum,
695 1629 738 1690 ad
763 1631 859 1691 cuius
883 1631 1037 1712 regimen
1060 1629 1188 1709 divina,
1211 1637 1251 1692 ut
1272 1631 1522 1712 praemisimus,

225 1735 448 1817 dispositione
473 1737 617 1798 assumti
633 1757 757 1818 eumue,
774 1735 948 1821 frequenti
964 1736 1231 1820 Regnicolarum
1249 1735 1376 1819 pulsati
1393 1735 1525 1798 lamen-

226 1845 354 1904 tatione
388 1841 634 1924 descendimus,
658 1842 918 1926 generalemque
942 1842 1081 1906 Dietam
1105 1843 1161 1906 hio
1194 1843 1312 1907 Budae
1346 1841 1523 1905 celebran-

225 1950 313 2031 dam,
347 1951 479 2011 cunctis
513 1947 690 2026 Praelatia
724 1948 925 2028 Beronibus,
949 1948 1152 2012 Proceribus
1175 1957 1210 2012 et
1233 1948 1310 2012 aliis
1334 1947 1524 2012 Nobilibus

224 2059 447 2120 instituimus
471 2055 541 2120 Ubi
565 2077 642 2118 011111
666 2057 793 2120 eisdem
819 2079 894 2138 una,
919 2059 1128 2140 caeterisque
1152 2056 1194 2120 de
1218 2055 1373 2140 quolibet
1405 2055 1526 2119 Corni-

223 2173 300 2227 tatu
324 2163 440 2227 electis
463 2161 656 2246 Nobilibus,
680 2171 714 2226 et
739 2166 938 2226 universum
961 2163 1024 2226 1100
1048 2164 1210 2246 Regnum
1233 2167 1524 2246 repraesentanti-

224 2271 296 2354 11110,
319 2272 362 2334 ad
387 2271 524 2334 laudem
548 2273 717 2352 imprimis
741 2270 807 2334 Dei
830 2279 865 2334 01
890 2275 962 2334 eius
985 2274 1172 2355 genetricis
1195 2274 1343 2356 virginis
1377 2271 1522 2338 Mariae.

223 2392 485 2462 sanctorumque
509 2378 655 2461 Regum,
680 2387 900 2460 patronorum
924 2378 1054 2441 00111001
1078 2377 1180 2442 huius
1200 2379 1324 2462 Regni.
1341 2389 1375 2441 01
1392 2379 1523 2442 deinde

224 2506 284 2569 pro
308 2493 432 2566 nostr0,
456 2491 491 2547 01
515 2487 621 2547 totius
646 2485 761 2569 Regni
784 2485 920 2568 honore,
944 2485 1062 2567 salute,
1096 2485 1184 2549 bono
1217 2495 1320 2553 statu.
1354 2486 1524 2568 utilitate,

223 2594 398 2656 commodo
422 2603 456 2656 et
490 2592 752 2676 tranquillitate,
786 2597 823 2656 in
855 2593 1047 2676 subscripta
1080 2593 1230 2676 capitula
1270 2603 1305 2656 et
1344 2593 1524 2675 articulos,

224 2721 284 2783 pro
307 2699 443 2783 legibus
467 2707 500 2762 et
530 2703 603 2762 iure
636 2703 763 2783 scripto
798 2707 960 2783 perpetuo
994 2701 1176 2764 duraturos
1209 2708 1244 2764 et
1277 2700 1524 2782 observandos

224 2811 297 2890 pari
321 2815 354 2870 01
379 2810 534 2870 unanimi
557 2810 710 2871 omnium
733 2807 922 2888 volunt-ate,
947 2807 1088 2872 consilio
1121 2815 1156 2870 et
1185 2828 1324 2870 assensu
1356 2810 1524 2870 conveni-

223 2936 298 2976 mus
331 2923 366 2976 et·
395 2915 684 2976 concordavimus
709 2915 860 2990 Quorum
884 2915 1023 2998 quidem
1057 2914 1294 2998 capitulorum,
1327 2917 1400 2977 0110
1434 2917 1525 2977 arti-

149 3067 154 3079 .
223 3021 376 3085 culorum
402 3025 530 3104 primus
554 3029 614 3084 est.

329 3128 405 3192 Art.
427 3128 454 3191 I.
478 3127 652 3210 Imprimis
677 3128 867 3192 diffinitum
884 3137 918 3192 et
935 3129 1132 3192 conclusum
1148 3139 1216 3193 est:
1233 3129 1331 3207 Quod
1348 3129 1522 3193 iudicium

221 3235 379 3319 generale
420 3239 492 3298 sive
526 3235 717 3298 Palatinale.
751 3235 937 3316 aboleatur,
970 3244 1004 3299 01
1038 3260 1057 3299 0
1090 3238 1190 3300 modo
1229 3236 1324 3300 nullo
1362 3259 1523 3320 unquam

221 3351 373 3426 tempore
398 3341 605 3406 celebretur:
630 3344 696 3408 Sed
720 3351 843 3424 10111011,
868 3367 909 3407 110
935 3367 994 3427 per
1017 3344 1081 3408 hoo
1113 3343 1392 3433 malefactoribus
1425 3343 1522 3407 male

221 3451 347 3534 agendi
371 3451 450 3514 data
475 3473 699 3535 concessaque
723 3453 885 3515 videatur
908 3451 1057 3534 licentia,
1082 3455 1278 3517 ordinatum
1312 3461 1380 3514 est:
1415 3452 1523 3528 Quod

221 3561 251 3620 si
283 3556 419 3641 quando
452 3558 646 3622 Comitatus
679 3557 804 3642 aliquis
842 3581 861 3621 a
901 3559 1101 3644 latronibus,
1140 3559 1283 3642 furibus,
1322 3559 1524 3636 homicidia

213 3665 450 3748 incendiariis,
474 3663 622 3728 falsariis
647 3673 678 3728 et
705 3665 780 3728 aliis
814 3666 1051 3732 huiuscemodi
1078 3667 1267 3752 flagitiosis,
1301 3669 1446 3730 sentiret
1481 3691 1524 3732 se

221 3771 404 3855 molestari,
445 3779 479 3835 et
522 3770 607 3835 tales
649 3771 885 3836 malefactores
925 3773 975 3837 ibi
1013 3775 1237 3858 multiplicari
1276 3785 1525 3857 cognosceret:

220 3879 331 3962 Regia
355 3879 517 3942 Maiestas
540 3879 583 3941 ad
609 3883 811 3961 petitionem
835 3880 928 3944 illius
952 3881 1145 3945 Comitatus
1169 3903 1318 3946 annuere
1342 3889 1375 3944 et
1401 3881 1525 3948 eidem

219 3987 363 4052 liberam
395 3987 577 4050 concedere
611 3985 812 4050 facultatem
846 3987 995 4072 debebit,
1027 3990 1118 4073 quod
1152 3989 1228 4052 illos
1261 4010 1338 4052 oum
1377 3989 1525 4055 Gemite

219 4099 398 4180 exquirere
421 4101 455 4158 et
479 4097 706 4158 exterminare
732 4099 837 4178 possit
862 4103 896 4159 01
919 4095 1043 4160 valeat.

326 4201 403 4266 Art.
425 4201 471 4266 H.
494 4201 584 4265 Item
608 4206 688 4286 quia
712 4205 748 4266 in
765 4203 1052 4266 celebrationibus
1071 4203 1355 4286 proclamatarum
1372 4226 1527 4290 congre-

219 4314 407 4394 gationum,
440 4309 605 4393 plurimae
639 4314 869 4391 enormitates
902 4319 936 4374 et
969 4311 1125 4374 inaudita
1159 4312 1327 4394 scandala,
1361 4315 1527 4395 pericula

219 4419 323 4478 etiam
362 4419 538 4501 inopinata
577 4440 619 4480 ex
658 4420 843 4500 improviso
872 4417 948 4482 fieri
980 4418 1099 4482 solent.
1132 4419 1188 4483 Ad
1222 4419 1414 4485 tollendum
1450 4426 1528 4508 igi-

219 4533 277 4586 tur
299 4523 535 4588 huiuscemodi
560 4524 794 4608 periculosum,
824 4533 858 4588 01
891 4535 988 4590 extra
1027 4526 1091 4590 hoo
1130 4549 1274 4611 regnum
1314 4529 1530 4599 inauditum

219 4631 394 4716 iudicium,
418 4631 473 4696 vel
498 4635 611 4714 potius
635 4632 873 4716 corruptelam,
891 4636 965 4717 pari
988 4637 1227 4698 universorum
1242 4634 1529 4721 Regnioolarurn
