3144 5218
198 363 265 425 556

197 567 411 644 concurrent,
435 558 564 624 facient
591 559 627 624 id
651 567 816 623 nontam
839 581 900 642 pro
923 559 1109 644 Hungaris,
1132 581 1237 644 quam
1260 580 1321 641 pro
1343 580 1378 622 66
1402 560 1495 640 ipsis,

199 673 238 730 ut
271 667 307 731 id
339 674 440 731 antea
473 687 607 752 quoque
640 667 760 731 eadem
790 668 905 732 vicina
937 666 1060 750 Regna
1092 673 1128 729 61
1151 665 1354 730 Provinciae
1378 663 1496 728 lauda-

200 771 317 838 biliter
356 772 520 856 fecerunt,
552 779 588 837 et
627 772 760 837 faciunt
798 773 842 837 ad
880 772 1084 836 hodiernum
1123 773 1326 837 Provinciae
1368 771 1496 856 Styria,

198 879 389 963 Cerinthia,
408 879 589 962 Carniolia,
613 879 819 964 solvuntque
843 879 1024 945 Slavoniae
1047 877 1222 960 Oonfinia3
1246 877 1389 943 Austria
1411 900 1496 942 vero

201 1008 261 1070 pro
284 987 438 1070 Jaurino,
465 989 654 1071 ceterisque
677 985 943 1051 adhaerentibus
976 985 1132 1050 confiniis
1156 984 1356 1068 contribuit,
1389 1008 1495 1072 eaque

199 1094 313 1159 solvit.
338 1093 468 1158 Verum
498 1095 528 1157 si
555 1099 668 1157 cetera
691 1093 909 1158 attendamus
934 1091 1099 1176 Oonfmia,
1133 1092 1246 1176 palam
1278 1099 1330 1156 661
1364 1093 1496 1157 nullam

201 1223 318 1266 curam
340 1201 460 1266 haberi
483 1200 718 1266 Gonfiniorum
741 1203 778 1266 in
802 1201 972 1284 Slavonia,
1004 1201 1129 1265 Banali
1161 1201 1349 1265 directione
1383 1198 1496 1282 subje-

199 1316 343 1391 ctorum,
366 1331 476 1394 neque
499 1309 543 1372 ad
567 1331 606 1372 ea
630 1309 818 1394 quidquam
834 1309 1021 1392 deputatur
1043 1307 1088 1372 ab
1103 1307 1193 1390 01116,
1216 1310 1270 1372 011
1286 1310 1392 1372 etiam
1408 1308 1497 1374 Con-

200 1413 283 1480 finia
317 1415 461 1482 Oanisae
493 1417 649 1499 opposita
681 1415 808 1501 absque
833 1415 940 1480 ferme
964 1419 1057 1480 omni
1081 1417 1274 1498 provisione
1299 1423 1389 1498 sunt,
1418 1437 1498 1479 cum

202 1531 317 1588 tamen
349 1523 532 1588 insolentia
556 1523 745 1588 Turcarum
777 1523 939 1588 Oanisam
962 1523 1187 1588 incolentium
1219 1545 1326 1606 usque
1360 1521 1497 1606 Styriae

200 1629 329 1695 limites
348 1629 422 1716 jam
446 1633 624 1716 pertingit,
647 1629 973 1696 intermediantibus
996 1629 1154 1694 omnibus
1177 1629 1281 1714 villis,
1309 1652 1349 1694 ac
1372 1629 1499 1694 Distri-

200 1739 315 1804 ctibus
342 1737 428 1825 jugo
452 1739 596 1804 'l'urcicc
629 1736 801 1822 subjectis,
830 1745 864 1803 et
888 1737 953 1802 sub
977 1738 1125 1821 pondere
1157 1738 1385 1804 intolerabilis
1410 1737 1500 1802 fero-

201 1848 274 1910 ciae
307 1847 471 1912 Turcieae
508 1845 727 1930 gementibus
759 1853 795 1910 61
827 1845 956 1910 fractis.
994 1846 1086 1923 Quid
1119 1845 1160 1910 de
1185 1845 1283 1910 Nova
1316 1843 1429 1927 11106,1
1464 1855 1498 1909 61

201 1952 368 2018 Oonfiniis
396 1955 650 2018 antemontanis
682 1954 794 2018 eidem
824 1949 1118 2018 adhaerentibus?
1151 1951 1315 2018 Solvebat
1347 1951 1430 2016 olim
1465 1966 1499 2017 et

200 2060 285 2124 haec
319 2059 475 2126 Oonfinia
508 2061 670 2145 Regnum
703 2061 896 2145 Bohemiae,
929 2067 964 2125 et
987 2061 1171 2125 Provincia
1203 2059 1378 2124 Moraviae
1411 2067 1501 2124 tam-

201 2189 306 2251 quam
343 2167 569 2231 antemuralia
611 2189 680 2250 sna,
719 2169 828 2250 ipsam
866 2187 949 2234 vero
987 2167 1123 2232 Novam
1161 2163 1288 2232 Arcem
1326 2165 1500 2232 Dominus

204 2273 518 2357 Archi-Episcopus
549 2274 794 2359 Strigoniensis
829 2273 981 2357 curabat,
1012 2275 1196 2339 accedente
1226 2273 1350 2337 saltem
1382 2272 1501 2358 aliquo

203 2383 328 2465 exiguo
354 2381 507 2445 subsidio
530 2381 755 2446 Dominorum
779 2381 1008 2446 Moravcrum.
1040 2379 1090 2446 At
1113 2377 1327 2445 cessantibus
1347 2377 1420 2462 jam
1445 2381 1501 2444 his

202 2487 441 2572 solutionibus,
487 2489 597 2554 nihilo
638 2489 759 2555 melior
806 2497 858 2554 est
896 2491 1048 2572 ipsorum
1087 2509 1222 2574 quoque
1271 2486 1502 2552 confiniorum

202 2595 364 2679 conditi0,
388 2619 491 2680 quam
514 2598 660 2662 aliorum
684 2601 979 2681 praescriptorum,
1011 2597 1137 2682 quibus
1168 2597 1212 2662 ab
1235 2598 1386 2662 externis
1409 2596 1503 2660 1111111

203 2703 358 2768 solvitur.
383 2705 474 2782 Quid
498 2713 673 2788 praeterea
696 2707 738 2771 de
763 2705 929 2770 0011110116
962 2707 1113 2788 partium
1145 2707 1244 2791 regni
1276 2706 1502 2789 superiorum,

203 2833 242 2873 ac
266 2811 330 2874 sub
353 2811 563 2876 Generalatu
586 2813 803 2878 Oassoviensi
826 2810 1075 2876 existentium?
1108 2811 1320 2876 Exsolvebat
1347 2818 1382 2875 et
1414 2811 1501 2876 haec

204 2915 361 2982 Oonfinia
379 2919 462 2985 olim
487 2921 670 2985 Provincia
691 2920 841 3002 Silesiae,
865 2917 962 3002 cujus
985 2919 1154 2985 solutione
1178 2927 1331 2984 cessante
1356 2917 1500 2982 (lamera

205 3013 435 3108 Scepusiensis
466 3028 597 3116 Regiae
630 3028 676 3093 M.
709 3027 904 3112 praestabat
937 3027 1156 3110 stipendium,
1189 3049 1275 3112 qnae
1308 3033 1424 3090 cotum
1459 3049 1501 3089 ex

204 3132 324 3216 Regiis
341 3135 564 3216 proventibus
583 3157 652 3200 non
667 3135 768 3199 modo
784 3157 823 3199 ea
840 3133 996 3198 Confinia
1012 3133 1147 3198 abunde
1164 3133 1339 3198 exsolvere
1355 3138 1501 3216 poterat,

204 3239 263 3304 sed
303 3243 590 3326 quemadmodum
628 3266 670 3307 ex
709 3243 874 3306 relatione
912 3241 1085 3326 quondam
1120 3240 1287 3324 Stephani
1318 3237 1501 3325 ssltshtzy,

205 3344 278 3428 ejus
302 3353 465 3432 temporis
496 3350 540 3414 ad
564 3349 787 3434 inquirendos
812 3355 998 3432 proventus
1022 3345 1175 3430 ejusdem
1199 3347 1362 3412 Gamerae
1386 3347 1502 3432 Depu-

204 3456 272 3518 tati
295 3455 529 3522 Commissarii
561 3457 692 3521 clarum
724 3463 785 3538 661,
817 3477 887 3520 non
909 3457 1071 3540 exiguam
1104 3461 1333 3538 proventuum
1360 3453 1501 3520 illorum

206 3568 339 3644 partem
362 3586 422 3646 pro
444 3565 556 3649 Regia
588 3585 722 3649 quoque
754 3561 937 3647 Majestate
969 3563 1179 3645 remansisse,
1202 3567 1416 3646 compertum
1439 3571 1501 3626 est.

205 3669 286 3734 licet
310 3679 392 3736 tunc
416 3672 528 3737 adhuc
553 3680 739 3755 proventus
762 3672 893 3736 mediae
909 3671 1116 3736 Tricesimae
1132 3671 1285 3736 nondum
1309 3671 1499 3736 manased

204 3777 391 3862 videamus,
417 3801 503 3863 quae
527 3785 562 3843 ot
586 3785 670 3864 quot
694 3782 764 3843 sint
788 3779 909 3861 media,
933 3777 1058 3862 quibus
1081 3801 1134 3842 res
1158 3778 1378 3862 Hungaricae
1397 3775 1497 3860 juxta

205 3885 320 3970 Regni
330 3885 603 3950 Constitutiones
609 3883 727 3969 juvari
737 3885 847 3950 solent
858 3907 917 3968 per
926 3907 1004 3950 suos
1014 3885 1208 3969 Indigenas
1227 3884 1383 3961 Quatuor
1397 3885 1500 3966 modi,

205 3991 330 4076 quibus
354 3992 510 4058 Confinia
534 3995 608 4076 ipsa
631 3993 840 4078 Hungarica,
873 4000 908 4056 et
932 4000 1179 4077 consequenter
1202 3992 1364 4074 Regnum
1387 3993 1500 4075 ipsum

200 4096 319 4181 juvari
335 4107 476 4183 possunt
489 4101 547 4166 vel
562 4100 736 4184 deberent,
749 4101 786 4164 in
801 4103 927 4164 nostris
938 4099 1253 4164 Constitutionibus
1269 4100 1499 4181 reperiuntur:

314 4207 449 4272 Primus
473 4217 524 4272 est
549 4215 735 4292 proventus
759 4208 890 4272 mediae
906 4208 1122 4292 Tricesimae,
1145 4207 1324 4271 ordinatus
1342 4228 1362 4270 a
1377 4207 1499 4292 Regno

205 4313 275 4376 illis
299 4314 463 4399 confiniis,
487 4315 611 4400 quibus
636 4316 753 4400 Styria
776 4315 834 4378 vel
858 4313 1000 4378 Austria
1024 4335 1092 4378 non
1116 4313 1245 4378 solvit.²
1278 4313 1344 4378 His
1367 4315 1499 4378 accedit

318 4473 536 4529 11116610011.

268 4633 271 4638 ¹
315 4572 324 4600 ¹
344 4567 387 4617 Aa
408 4493 485 4618 1631.
505 4563 528 4616 Ι.
548 4562 744 4617 articulnsbdl
764 4561 906 4616 ide'zzdk:
925 4559 1105 4614 Ordinatnm
1124 4563 1198 4614 item
1218 4565 1271 4630 cst,
1290 4565 1446 4612 01001066
1472 4563 1499 4611 61
1538 4599 1539 4602 ,

205 4653 319 4723 singuli
356 4653 585 4724 regnicolarum,
623 4660 815 4723 quaesturam
853 4657 1032 4721 exercentes,
1072 4653 1251 4722 quicumque
1287 4648 1434 4704 hactenus
1472 4655 1500 4701 et
