3142 5214
1290 355 1357 420 663

58 557 120 638 qui
154 564 237 618 sunt
270 556 307 617 in
335 555 521 618 territoriis
554 552 834 636 permanentibus
866 555 904 616 in
936 555 1144 636 possessione
1177 555 1356 636 utriusque

59 663 179 742 part-is.
203 659 279 724 Art.
296 659 336 724 V.
356 657 413 724 Ab
436 662 525 723 ostio
548 662 659 724 amnis
682 659 817 744 Bossut,
841 662 878 728 in
894 659 1024 724 Savum
1042 657 1226 742 effluentis,
1249 681 1356 743 usque

56 771 145 831 item
169 769 208 830 in
232 765 362 831 Savum
386 767 554 832 elabentis
578 767 701 833 Unnae
719 765 818 832 fluvii
834 770 971 851 ostium,
994 765 1077 831 Savi
1092 765 1200 830 altera
1216 766 1356 851 quidem

58 896 147 957 pars,
168 876 343 958 pertinens
366 876 409 940 ad
434 875 602 940 ditionem
625 899 824 960 caesaream,
849 877 1043 960 possidetur
1057 874 1237 940 abeodem
1252 871 1357 957 maje-

54 991 168 1062 state;
201 981 310 1046 altera
341 1002 423 1046 vero
448 1003 525 1065 pars
550 982 765 1064 possideatur
787 981 832 1046 ab
855 985 1060 1066 imperatore
1085 981 1356 1046 Ottomanorum.

54 1088 267 1153 Interfluens
290 1087 417 1153 fluvius
433 1087 543 1154 Savus
568 1097 602 1154 et
626 1089 766 1172 insulae,
791 1093 828 1153 in
851 1089 915 1154 hoc
934 1091 1106 1153 communi
1130 1093 1245 1151 tractu
1260 1089 1356 1169 sitae,

53 1200 129 1262 sint
147 1218 361 1278 communes,
385 1205 421 1260 et
436 1219 517 1261 usus
542 1205 617 1261 tum
636 1198 678 1262 ad
695 1200 955 1282 navigationem
978 1197 1070 1261 ultro
1094 1197 1257 1278 citroque,
1281 1201 1356 1257 tum

51 1304 98 1368 ad
125 1305 213 1368 alias
236 1305 497 1369 commoditates
520 1307 700 1390 utriusque
726 1308 832 1389 partis
851 1304 1001 1370 subditis
1021 1306 1150 1388 pariter
1166 1303 1356 1365 communis

51 1415 122 1494 sit,
151 1415 308 1496 utrisque
332 1413 492 1498 religiose
516 1412 779 1478 observantibus
803 1411 984 1497 pacificum
1007 1417 1042 1476 et
1066 1407 1356 1493 imperturbatum

52 1518 152 1582 ultro
170 1521 324 1604 citroque
344 1523 592 1584 commercium.
608 1520 726 1604 Usque
741 1521 784 1585 ad
801 1521 940 1586 Unnam
955 1518 1101 1583 fluvium
1124 1520 1228 1603 regio,
1252 1518 1356 1600 110111-

50 1648 143 1690 nens
161 1626 204 1690 ad
222 1627 414 1691 dominium
433 1626 621 1710 imperialis
638 1625 876 1692 Ottomanioae
892 1625 1091 1710 majestatie,
1115 1647 1182 1710 qua
1206 1624 1355 1688 Bcsnam

51 1742 202 1818 spectat,
227 1733 444 1799 citerioribus
469 1737 553 1818 ripis
576 1734 695 1798 Fluvii
719 1734 840 1800 Unnae
866 1733 1052 1798 definiatur
1071 1739 1174 1816 atque
1195 1733 1355 1795 termine-

52 1851 133 1923 tur,
152 1845 327 1907 evacuatis
344 1843 445 1924 Novi,
461 1841 624 1923 Dubizza,
640 1841 665 1906 J
666 1845 891 1924 assenovizza,
907 1839 1017 1924 Doboj
1037 1847 1071 1904 et
1088 1839 1181 1904 Brod
1198 1863 1239 1904 ex
1258 1845 1354 1922 parte

51 1950 236 2033 Bosnensi,
260 1958 295 2014 01
318 1949 547 2034 qualicunque
571 1949 639 2013 alio
663 1950 770 2013 simili
787 1949 869 2032 loce,
893 1953 930 2013 in
952 1949 1016 2014 hoc
1032 1955 1147 2013 tractu
1167 1950 1354 2028 existente;

51 2066 91 2120 et
117 2057 276 2122 deductis
300 2057 380 2121 inde
405 2055 585 2139 praesidiis
608 2056 792 2140 Caesareis,
816 2059 883 2120 ista
908 2077 984 2139 pars
1008 2058 1101 2120 omni
1121 2055 1223 2118 modo
1246 2053 1355 2117 libera

52 2164 284 2248 relinquatur.
302 2162 528 2228 Castanovicz
544 2170 660 2228 autern
677 2171 712 2228 et
728 2163 860 2228 insulae
876 2163 968 2228 infra
984 2169 1112 2228 terram
1127 2162 1220 2226 Novi
1236 2182 1354 2226 versus

52 2268 198 2352 Savum,
239 2291 318 2334 eum
358 2269 580 2334 ulterioribus
619 2274 703 2354 ripis
738 2268 891 2354 ejusdem
924 2271 1055 2352 Unnae,
1094 2293 1172 2334 oum
1211 2272 1281 2333 sint
1320 2277 1355 2332 et

53 2383 222 2440 maneant
246 2379 283 2440 in
309 2383 479 2460 potestate
502 2377 601 2441 Rom.
626 2381 851 2460 imperatorie,
876 2379 1060 2462 praedictis
1088 2381 1159 2441 suis
1184 2375 1354 2440 limitibus

53 2485 328 2569 distinguantur.
353 2484 444 2548 Loca
468 2485 616 2566 demum,
649 2486 740 2550 ultra
764 2485 903 2551 Unnam
927 2487 1028 2572 longe
1052 2509 1071 2550 a
1095 2485 1185 2550 Savo
1209 2487 1286 2567 sita,
1320 2490 1354 2546 et

53 2590 102 2654 ab
128 2597 273 2674 utraque
298 2598 394 2674 parte
419 2593 598 2674 praesidiis
623 2599 823 2657 conservata
851 2599 956 2676 atque
982 2614 1132 2676 possessa
1150 2614 1227 2656 cum
1244 2593 1354 2672 terris,

53 2707 139 2762 ante
165 2719 321 2780 praesens
345 2698 474 2762 bellum
497 2699 539 2763 ad
565 2699 684 2763 eadem
708 2699 953 2783 spectantibus
978 2707 1138 2764 maneant
1164 2701 1291 2763 iterum
1317 2701 1354 2761 111

56 2811 231 2887 potestate
255 2806 435 2888 utriusque
460 2806 666 2888 possidentis
691 2808 808 2888 partia,
832 2829 871 2870 ea
894 2806 1100 2890 conditione,
1134 2815 1174 2870 01
1198 2809 1354 2871 commis-

54 2915 149 2996 sarii,
174 2915 347 2996 utrimque
371 2933 451 2976 mox
476 2913 675 2995 deputandi,
699 2911 878 2976 districtus
902 2920 1006 2996 atque
1039 2916 1214 2978 territoria
1238 2915 1355 2998 singu-

56 3020 168 3102 latim,
191 3017 758 3102 11011001101101110010111100110010,
781 3026 977 3102 separantes
995 3042 1055 3102 per
1073 3019 1189 3104 fossas,
1214 3021 1354 3104 lapides,

58 3127 162 3210 palca,
200 3133 261 3190 001
293 3127 370 3208 0110,
402 3148 605 3210 quacunque
637 3128 769 3190 ratione
802 3127 845 3190 ad
879 3128 1078 3192 evitandam
1111 3128 1354 3210 confusionem,

57 3237 170 3317 posita
203 3237 301 3320 signa
334 3242 525 3320 segregent,
558 3241 660 3318 atque
694 3231 904 3320 disjungant,
937 3237 974 3298 in
1007 3236 1162 3317 partibus
1195 3237 1354 3301 Oroatiae

55 3364 166 3426 usque
189 3343 232 3406 ad
256 3343 418 3408 ultimum
443 3341 638 3406 Confinium
661 3348 696 3406 01
720 3341 920 3406 Terminum
935 3343 1104 3408 Locorum
1124 3347 1160 3408 in
1175 3348 1354 3429 utriusque

56 3450 212 3514 Dominii
228 3451 443 3514 Possessione
460 3499 466 3512 .
484 3499 489 3512 .
508 3500 514 3512 .
538 3450 651 3526 Quum
667 3451 737 3512 sint
757 3451 793 3512 in
809 3448 917 3512 altera
935 3449 1016 3514 Savi
1035 3459 1139 3534 parte,
1159 3475 1226 3536 qua
1247 3452 1354 3515 domi·

56 3562 155 3623 nium
183 3558 359 3642 imperiale
393 3557 650 3622 Ottomanioum
683 3560 831 3640 respicit,
864 3560 1070 3622 munimenti
1104 3558 1196 3623 Brod
1230 3557 1353 3623 fortifi-

57 3669 219 3749 cationes,
257 3673 378 3749 utpote
418 3673 572 3730 recenter
609 3688 629 3728 a
667 3665 804 3729 militiis
844 3669 1008 3729 caesareis
1048 3665 1167 3748 factae,
1200 3675 1353 3750 tempore

57 3775 226 3838 educendi
251 3774 413 3857 praesidii
437 3776 583 3837 caesarei
608 3776 718 3836 everti
742 3772 907 3852 debeant;
941 3773 1034 3837 locus
1067 3781 1183 3837 0010111
1215 3773 1274 3838 1110
1307 3777 1353 3837 sit

57 3883 352 3946 commodissimus
375 3881 418 3944 ad
443 3887 687 3962 mercaturam,
713 3882 839 3962 poterit
863 3879 993 3944 ibidem
1012 3883 1100 3966 erigi
1117 3903 1194 3946 cum
1210 3880 1353 3945 honesto

58 4001 93 4053 et
117 3991 294 4054 commodo
313 3992 467 4054 recinctu
484 3991 625 4070 civitas;
649 3991 698 4052 ita
716 3997 840 4069 tamen,
857 3995 895 4052 ut
912 3991 949 4051 in
965 3991 1052 4052 arcis
1068 3995 1129 4051 aut
1146 3990 1353 4052 munimenti

58 4095 205 4160 formam
229 4117 297 4160 non
320 4097 507 4184 redigatur.

166 4203 243 4268 Art.
267 4204 346 4269 VII.
371 4206 526 4271 Licitum
550 4217 584 4271 et
610 4206 757 4271 liberum
780 4215 853 4271 esto
877 4211 1015 4292 utrique
1033 4212 1183 4291 partium
1200 4230 1260 4292 pro
1276 4229 1353 4272 con-

59 4310 219 4374 finiorum
243 4331 382 4377 sucrum
407 4318 599 4394 securitate,
623 4336 825 4399 quocunque
841 4315 975 4380 meliori
991 4319 1104 4380 visum
1121 4316 1228 4381 fuerit
1244 4317 1353 4398 mod0,

58 4439 161 4501 arces,
195 4421 409 4485 munimenta
444 4429 478 4486 01
511 4421 584 4486 1000
618 4446 678 4504 1101
702 4431 895 4505 praesentes
920 4431 1087 4488 tractatus
1118 4424 1255 4506 pacifice
1280 4445 1353 4508 pos-

59 4547 160 4607 sessa,
185 4547 408 4611 quaecunque
429 4528 565 4593 defecto
590 4536 727 4593 exstant
751 4552 916 4613 reparare,
940 4532 1074 4593 munire
1098 4537 1133 4594 01
1157 4529 1362 4614 fortificare,

58 4635 210 4716 exceptis
243 4633 321 4716 illia,
355 4635 396 4698 de
429 4633 554 4718 quibus
588 4639 761 4720 utrimque
794 4639 1001 4701 nominatim
1034 4639 1189 4722 superius
1213 4644 1352 4701 cautum
