3142 5214
623 572 805 641 ArticuIns
830 572 870 640 X.
898 571 992 640 Anni
1017 573 1113 640 1654.

329 719 534 783 Decernitur
566 722 679 802 etiam,
713 727 752 782 ut
785 719 956 802 stipendia
990 724 1159 782 merentes
1193 717 1404 803 Regnicolae
1444 718 1509 783 loeo

224 849 443 912 personarum
466 848 604 890 suarum
637 835 671 891 et
705 849 723 890 a
759 829 866 910 portis
899 848 1033 912 quoque
1069 829 1149 908 suis,
1181 826 1337 889 adinstar
1369 825 1509 890 aliorum
1566 889 1567 898 ,

222 935 498 1022 Regnicolarum,
531 955 592 998 nec
624 955 693 998 non
721 937 825 998 etiam
849 915 1153 1020 quomodocunque
1177 936 1214 997 in
1237 933 1359 1018 Regno
1389 955 1509 1016 posses·
1564 899 1567 1032 i

222 1045 357 1125 sionati,
381 1047 533 1125 tempore
557 1040 735 1106 Generalis
769 1041 1043 1120 insurrectionis,
1076 1039 1160 1103 alios
1193 1039 1321 1104 milites
1354 1042 1509 1124 expedire

223 1173 301 1214 cum
325 1151 467 1213 caeteris
490 1148 689 1234 Regnicolis
713 1147 860 1212 debeant
885 1154 919 1212 et
943 1150 1013 1211 sint
1036 1147 1191 1234 obligati.

600 1306 783 1374 Articulus
805 1306 893 1376 XIV.
918 1306 1014 1374 Anni
1039 1307 1136 1375 1659.

331 1435 508 1500 Statutum
532 1437 661 1518 pariter
684 1441 745 1516 est,
769 1441 808 1498 ut
832 1433 939 1498 libera
963 1435 1075 1520 Regia
1098 1435 1233 1499 Civitas
1257 1433 1388 1499 Montis
1414 1434 1512 1498 Grae-

222 1545 332 1606 oensis
356 1541 605 1628 ZagrabiensiS,
629 1543 801 1606 mandetis
823 1541 990 1628 legitimis
1014 1542 1085 1606 Dni
1112 1541 1259 1606 Comitis
1282 1542 1381 1623 Bani,
1406 1541 1510 1606 veluti

222 1648 351 1712 Iudicis
376 1651 476 1712 istius
499 1649 615 1733 Regni
643 1647 827 1730 Ordinarii,
855 1648 968 1713 locum
1001 1649 1082 1712 dare
1114 1647 1247 1732 debeat,
1280 1652 1449 1713 innuente
1481 1649 1511 1712 id

222 1758 333 1839 ipsum
357 1758 462 1820 etiam
486 1756 631 1820 articulo
655 1757 708 1820 45.
731 1755 773 1820 A.
799 1756 894 1822 1659.
918 1757 1061 1820 Diaetae
1085 1757 1330 1822 Posoniensis.¹

613 1914 795 1982 Articuius
822 1914 893 1984 XV.
919 1914 1014 1982 Anni
1039 1915 1134 1982 1660.

329 2043 478 2107 Ratione
502 2043 666 2106 mercium
690 2064 732 2105 ex
756 2041 880 2106 Turcia
904 2041 1208 2124 importandorum,
1232 2042 1434 2109 conclusum
1457 2051 1513 2124 est,
1556 2059 1560 2066 ·

222 2158 261 2214 ut
278 2171 338 2233 pro
355 2147 523 2234 exigenda
540 2147 726 2212 Tricesima
742 2149 914 2212 ordinaria
925 2154 959 2211 et
975 2151 1143 2230 auctione,
1159 2170 1179 2212 a
1196 2147 1324 2213 talibus
1344 2149 1513 2214 mercibus

222 2258 454 2340 proveniente,
479 2254 673 2339 Capronoae
689 2253 746 2320 vel
763 2257 800 2318 in
814 2253 950 2336 Demie,
965 2253 1049 2318 locis
1065 2253 1345 2320 Tricesimalibus
1361 2255 1514 2321 officium

222 2366 384 2449 erigatur,
408 2361 605 2447 ibidemque
629 2361 673 2426 ab
698 2362 941 2426 inducentibus
958 2361 1117 2448 legitima
1133 2361 1320 2427 Tricesima
1337 2367 1514 2450 exigatur:

221 2493 240 2534 a
265 2470 366 2535 rebus
391 2477 506 2535 tamen
530 2493 589 2554 per
614 2470 780 2554 Captivos
807 2491 866 2554 pro
882 2469 975 2555 lytro
992 2469 1191 2552 inferendiS,
1211 2469 1401 2534 Tricesima
1423 2475 1514 2558 exigi

222 2600 291 2642 non
314 2578 445 2644 debeat.

602 2682 784 2750 Articulus
810 2681 900 2750 XVI.
924 2682 1022 2749 Anni
1047 2682 1143 2781 1674.

329 2813 486 2878 innotuit
511 2812 667 2877 Statibus
691 2820 725 2878 et
751 2812 937 2878 Ordinibus
961 2814 1085 2898 Regni,
1109 2813 1290 2878 nonnullos
1306 2814 1514 2899 Regnicolas

222 2921 460 3005 inquietudine
484 2943 544 2986 sua
569 2928 603 2985 et
627 2943 806 2985 causarum
830 2924 1044 3004 propriarum
1068 2920 1265 2986 diffidentia
1285 2927 1406 3003 motos,
1427 2922 1514 2986 ordi-

222 3030 333 3091 narios
350 3028 439 3092 Iuris
456 3029 645 3110 ProcessuS,
656 3026 836 3111 forumque
852 3029 952 3091 istius
962 3029 1086 3112 Regni,
1102 3028 1213 3092 veluti
1230 3031 1365 3112 primae,
1377 3028 1513 3093 debitas

222 3143 257 3200 et
280 3137 469 3201 ordinarias
498 3140 680 3201 instantias
714 3137 970 3219 praetereundo,
1003 3144 1038 3200 et
1072 3137 1284 3218 declinando
1316 3159 1358 3202 ex
1391 3139 1513 3221 Regno

221 3243 431 3328 Hungariae,
441 3267 542 3326 penes
559 3245 721 3308 mandata
732 3242 953 3326 Superiorum
963 3243 987 3308 J
988 3244 1128 3308 udicum
1138 3264 1358 3328 quoscunque
1371 3244 1396 3308 J
1398 3245 1512 3308 udices

222 3358 256 3414 et
280 3351 495 3416 Justitiarios
515 3373 592 3415 cum
615 3353 715 3436 gravi
749 3347 967 3433 praejudicio,
1006 3349 1171 3414 Judicum
1204 3359 1238 3414 et
1272 3350 1512 3416 Tribunalium

221 3456 541 3542 Iurisdictionisque
569 3464 604 3522 et
636 3454 871 3522 Authoritatis
902 3455 1027 3539 Officii,
1058 3478 1097 3520 ac
1129 3455 1226 3520 Sedis
1258 3463 1331 3520 tam
1363 3457 1511 3526 Banalis.

221 3586 324 3648 quam
356 3565 651 3646 Comitatensium,
685 3570 802 3628 contra
839 3564 1071 3628 conditionem
1109 3567 1267 3648 quintam
1305 3564 1510 3648 Diplomatis

221 3672 335 3756 Regii,
359 3693 512 3736 necnon
536 3671 719 3756 privilegia
744 3693 764 3734 a
790 3670 890 3734 Divis
921 3671 1094 3754 quondam
1121 3671 1321 3756 Himgariae
1346 3673 1509 3758 Regibus,

221 3780 353 3864 Regnis
376 3781 502 3843 nostris
519 3779 687 3860 Oroatiee,
704 3776 904 3841 Solavoniae
920 3783 955 3840 et
972 3777 1165 3842 Dalmatiae
1181 3776 1330 3863 benigne
1346 3799 1508 3858 concessa,

220 3886 382 3950 inducere
406 3886 503 3950 velle.
602 3919 605 3924 Δ

330 3991 386 4058 Ad
412 3993 660 4076 praecavendas
677 3993 819 4076 proinde
836 3989 1004 4075 ejusmodi
1021 3993 1324 4078 inconvenientias,
1340 3995 1506 4058 communi

221 4099 323 4185 hujus
348 4104 464 4188 Regni
486 4101 648 4166 Statuum
672 4109 706 4165 et
730 4101 900 4166 Ordinum
923 4108 1005 4166 voto
1031 4106 1201 4168 sancitum
1225 4110 1286 4187 est,
1319 4111 1359 4170 ut
1391 4107 1423 4168 si
1454 4103 1506 4186 qui

220 4209 488 4296 Regnicolarum
511 4209 671 4273 Judicem
694 4217 729 4272 et
752 4207 991 4274 Justitiarium
1014 4205 1181 4292 ejusmodi
1215 4232 1317 4293 penes
1349 4210 1504 4276 mandata

332 4384 866 4440 ¹Azem11'tettczikkboiidezzuk:
887 4384 1048 4455 Legitimis
1067 4401 1151 4455 porro
1170 4389 1233 4438 tam
1262 4385 1296 4438 D.
1317 4383 1347 4440 G.
1376 4383 1505 4456 palatini,

221 4493 310 4548 quam
330 4476 457 4530 aliorum
475 4475 561 4545 regni
580 4475 797 4528 ordinariorum
814 4475 958 4544 judicum,
979 4479 1009 4527 et
1028 4475 1059 4526 in
1082 4472 1238 4526 Sclavonia
1267 4473 1302 4526 Ι).
1332 4473 1402 4528 bani
1431 4488 1505 4526 msu-

220 4566 308 4635 datis,
328 4571 390 4619 tam
418 4567 451 4624 in
473 4565 673 4632 comitatibus
693 4582 782 4636 quam
801 4565 904 4619 liberis
924 4564 1108 4631 civitatibus,
1128 4565 1215 4618 iuxta
1234 4569 1368 4618 tenorem
1386 4568 1442 4617 art.
1469 4561 1504 4615 la

220 4656 293 4710 anni
314 4656 391 4710 1635.
412 4655 521 4725 ubique
540 4654 622 4707 locus
640 4654 736 4708 detur.
