3124 5216
214 355 279 420 714

213 561 443 638 permaneant,
476 575 586 639 neque
613 554 685 618 ullo
717 555 817 618 modo
850 553 1065 634 adimantur;
1090 552 1232 637 proinde
1264 552 1342 616 illas
1374 571 1511 636 quoquc

212 659 362 742 Filiales,
400 681 487 744 quae
520 661 752 724 recentissime
793 661 900 726 relate
940 660 984 725 ad
1020 661 1237 724 excursiones
1269 659 1511 724 Ministrorum

212 765 419 832 inhibitioni
443 763 617 850 subjectae
640 773 745 850 sunt,¹
769 775 805 833 et
827 789 973 853 quarum
996 768 1129 831 intuitu
1152 766 1334 831 Processus
1358 765 1511 830 Fiscales

213 875 370 938 suscitati
394 881 483 956 sunt,
507 881 655 958 actuque
687 875 883 957 decununt,
911 874 1035 938 iisdem
1057 873 1291 957 Augustanae,
1314 881 1350 938 et
1382 871 1511 937 Helva

212 985 302 1046 ticae
324 978 541 1046 Confessioni
573 981 722 1046 addictis
762 984 910 1064 restitui,
941 982 1170 1046 Excursiones
1192 981 1437 1046 Ministrorum
1469 981 1511 1044 ad

212 1089 348 1152 easdem
376 1087 468 1152 ultro
492 1088 641 1171 admitti,
665 1095 769 1174 atque
792 1091 884 1173 ipsos
907 1089 1090 1154 Processus
1113 1088 1264 1152 Fiscales
1286 1095 1369 1153 actu
1391 1088 1512 1152 decur-

212 1203 326 1260 rentes
350 1197 475 1258 cassari
499 1193 645 1278 benigne
670 1197 837 1280 praecipit
860 1195 992 1260 Eadem
1015 1191 1178 1278 Majestas
1202 1194 1454 1259 Sacratissima.

320 1299 466 1368 Decimo
490 1305 641 1388 quarto:
663 1304 822 1369 Oratoria
844 1304 1058 1388 Magnetum,
1074 1311 1110 1368 et
1132 1301 1312 1368 Nobilium
1336 1305 1374 1366 in
1397 1301 1512 1367 solitis

212 1431 330 1476 eorum
352 1411 565 1476 Residentiis
588 1413 777 1476 constituta
809 1413 904 1476 adire
927 1411 1075 1476 liberum
1097 1413 1145 1474 sit
1168 1407 1243 1494 ejus
1265 1409 1349 1475 Loci
1382 1410 1512 1475 Incolis

212 1517 445 1602 Augustanos,
469 1525 505 1582 et
527 1517 730 1583 Helveticae
754 1519 971 1584 Confessioni
997 1517 1156 1600 addictis,
1179 1525 1215 1582 et
1238 1519 1373 1599 vicinis,
1406 1525 1512 1601 atque

212 1629 250 1690 in
274 1626 397 1690 iisdem
419 1625 614 1710 Religionis
637 1647 718 1690 suae
741 1625 862 1692 Cultui
886 1647 925 1690 eo
948 1625 1059 1708 modo,
1091 1626 1146 1689 uti
1178 1625 1221 1690 de
1244 1627 1382 1710 privato
1416 1623 1512 1690 Beli·

212 1734 325 1818 gionis
348 1732 524 1796 Exercitio
548 1754 650 1816 supra
674 1733 885 1797 declaratum
917 1739 979 1815 est,
1002 1753 1133 1796 vacare.

319 1836 467 1904 Decimo
500 1835 645 1924 quinio:
666 1839 755 1904 Oum
786 1840 938 1905 hucdum
969 1839 1132 1924 Episcopi
1163 1837 1513 1905 RomanoOatholici

213 1949 389 2012 occasione
407 1945 658 2010 Visitationum
676 1947 935 2031 Canonicarnm,
954 1947 1133 2011 Ministros
1151 1949 1257 2011 etiam
1274 1945 1514 2030 Augustanus,

213 2065 249 2120 et
269 2055 472 2119 Helveticae
495 2053 712 2118 Confessioni
734 2055 952 2119 addictorum
975 2054 1083 2120 relate
1105 2055 1149 2118 ad
1173 2054 1515 2118 administrationem

212 2163 384 2246 Baptismi
407 2164 558 2242 visitare,
574 2171 678 2246 atque
693 2165 888 2227 examinaro
904 2165 1153 2246 consueverint,
1168 2161 1212 2226 ab
1228 2161 1292 2227 hac
1308 2161 1515 2226 visitatione

212 2277 442 2354 praeattactos
464 2269 643 2334 Ministros
666 2271 852 2335 clementer
874 2270 1049 2354 dispensat
1071 2267 1235 2353 Majestas
1258 2269 1328 2334 Sua
1343 2268 1515 2334 Sacratis·

213 2379 307 2458 sima,
345 2398 413 2440 una
451 2397 532 2441 vero
570 2375 717 2460 benigne
756 2376 922 2460 concedit,
953 2384 993 2441 ut
1026 2374 1397 2460 Superintendentibus
1432 2393 1516 2438 snae

212 2483 407 2567 Religionis
429 2483 607 2548 Ministros
630 2485 772 2548 visitare
795 2505 835 2548 ea
859 2484 1030 2548 duntaxat
1053 2485 1186 2548 ratione
1209 2483 1356 2548 liberum
1380 2483 1441 2562 sit,
1476 2487 1517 2544 ut

212 2587 410 2672 hujusmodi
425 2588 651 2654 Visitationes
669 2589 797 2674 absque
813 2593 906 2655 omni
923 2589 1228 2655 Oontribuentium
1249 2591 1428 2674 aggravi0,
1453 2593 1516 2651 aut

213 2697 442 2782 qualicunque
465 2696 510 2761 ab
533 2699 576 2762 iis
599 2697 740 2762 ferenda
764 2705 964 2782 sumptuum
987 2698 1140 2763 Oolleota
1163 2699 1401 2762 instituantur.

320 2805 536 2889 Quapropter
566 2806 689 2870 iisdem
713 2806 957 2871 declarandum
989 2807 1065 2890 erit,
1098 2827 1233 2870 severas
1264 2825 1390 2888 poenas
1434 2802 1517 2866 illos

213 2916 418 2994 incursuros,
442 2915 502 2996 qui
524 2912 590 2978 hac
617 2915 792 2978 occasione
825 2911 1119 2978 aGontribuente
1151 2912 1330 2998 quidpiam
1361 2912 1516 2994 exigere,

212 3021 401 3084 autetiam
424 3026 601 3104 acceptare
625 3027 763 3085 tantum
785 3022 860 3084 ausi
883 3018 1024 3084 fuerint.

320 3127 426 3192 Porro
442 3127 800 3212 siOongregationem,
816 3136 877 3192 aut
887 3127 1066 3212 Synodum
1081 3126 1367 3211 praementionati
1386 3123 1517 3208 Super-

213 3235 454 3317 iintendentes,
481 3243 517 3300 st
544 3237 699 3301 Ministri
730 3236 964 3320 Augustanae,
997 3243 1032 3300 et
1064 3235 1268 3300 Helveticae
1302 3231 1515 3298 confessioni

213 3341 346 3406 addicti
361 3341 532 3406 celebrare
555 3345 758 3427 cogitarent,
772 3343 860 3407 illud
884 3363 1019 3428 quoque
1035 3343 1073 3405 in
1088 3340 1341 3407 conformitate
1356 3339 1515 3405 Articuli

214 3451 265 3513 31.
290 3450 402 3514 1715.2
424 3471 464 3514 ea
487 3453 620 3516 ratione
643 3450 900 3515 admittendum
923 3471 996 3514 ease
1019 3449 1166 3533 benigne
1191 3449 1335 3514 resolvit
1349 3445 1514 3512 Altefata

213 3557 282 3622 Sua
314 3555 495 3642 Majestas:
528 3567 569 3624 ut
600 3581 719 3623 causas
751 3561 897 3642 praevie,
929 3567 1033 3644 atque
1071 3557 1208 3642 singula
1240 3557 1513 3623 Deliberationis

214 3661 357 3749 Objccta
389 3666 541 3730 indicare
573 3674 766 3748 teneantur,
799 3687 859 3751 pro
892 3689 928 3730 re
961 3667 1042 3730 dein
1074 3673 1247 3750 comperta
1279 3665 1442 3751 Synodus
1475 3665 1513 3726 in

214 3775 406 3858 praesentia
439 3773 584 3837 duorum
622 3773 951 3856 commissariorum,
983 3775 1085 3836 unius
1122 3775 1287 3837 nimirum
1325 3769 1512 3850 Catholici,

212 3880 355 3945 alterius
377 3900 459 3944 vero
483 3877 636 3964 ejusdem
663 3878 886 3944 Acatholicae
908 3879 1102 3964 Religionis
1125 3901 1186 3962 per
1218 3879 1323 3944 Suam
1346 3873 1513 3959 Majesa

214 3997 284 4054 tem
300 3989 572 4054 Sacratissimam
588 3987 736 4072 benigne
752 3987 1081 4052 denominandorum
1099 3986 1299 4052 celebretur.
1323 3985 1512 4051 Caeterum

321 4094 467 4162 Decimo
500 4097 623 4160 sexto:
653 4095 853 4162 Universim
885 4117 945 4179 per
974 4095 1137 4179 Regnum
1174 4091 1401 4158 inalterabilis
1436 4092 1512 4156 Lex

214 4215 295 4290 esto,
319 4207 449 4270 nemini
472 4205 666 4289 Religionis
689 4225 799 4286 causa,
822 4205 889 4267 nisi
908 4203 1060 4287 Legibus
1084 4201 1265 4284 Civilibus,
1281 4201 1512 4285 benignisquc

324 4481 331 4506 ¹
351 4471 437 4524 Hont
456 4469 487 4524 es
506 4470 627 4541 ngrad
646 4467 841 4539 magyekben,

323 4560 393 4612 ²Ea
422 4577 439 4612 a
467 4559 554 4612 czikk
582 4559 741 4629 szigoriian
770 4557 882 4626 eltiltja
911 4575 928 4610 a
955 4557 1164 4626 protestansok
1193 4554 1405 4627 gyillekezdset
1429 4572 1512 4626 vagy

215 4649 345 4702 asinatat
364 4665 382 4699 a
400 4647 501 4716 kirtly
522 4646 609 4699 tudta
630 4645 661 4700 es
679 4644 890 4715 beleegyezese
908 4645 1020 4699 nelkul.
