3192 5214
1317 347 1381 446 00

83 543 168 607 terit
201 544 346 608 insuete.
387 543 474 621 Quia
507 546 545 608 iu
576 543 640 608 hoc
673 545 800 610 resedit
838 547 1074 610 examinatum
1112 564 1216 629 quam
1255 543 1382 626 pluries

83 647 915 736 0000000100000111000000010000001000οε
938 651 1037 718 nobis
1069 659 1201 717 000000
1235 652 1382 735 Europe,

83 767 123 821 ut
147 755 331 823 Danubius
363 757 543 824 fortalitiis
575 762 777 824 muniretur.
809 761 904 825 Haeo
937 762 1029 824 enim
1062 767 1225 846 estoque
1249 769 1382 824 contra-

83 865 257 928 dictionis.
297 863 367 929 Hic
399 865 556 931 Eraclius
581 869 730 932 occurrit
768 867 917 933 Oosdroe
951 887 1011 949 pro
1043 865 1200 932 Romano
1239 869 1382 949 imperio

82 969 341 1052 defendendo,1¹
366 979 401 1037 et
424 971 480 1037 hio
503 975 609 1038 etiam
633 996 694 1039 nos
716 983 1020 1060 quantumcunque
1046 975 1225 1056 improvisi
1247 979 1283 1038 at
1298 981 1382 1038 tuno

82 1081 274 1144 enormiter
311 1079 395 1144 laesi
433 1103 492 1166 per
531 1082 649 1146 decem
687 1103 820 1146 menses
858 1083 1129 1146 contradiximus
1168 1079 1381 1160 Thartheris,

84 1207 193 1272 regno
216 1195 334 1252 nostro
358 1195 440 1252 tuno
464 1187 535 1254 fere
560 1191 697 1272 penitus
729 1188 911 1254 fortaliciis
935 1197 970 1254 et
999 1187 1237 1254 defensoribus
1260 1190 1382 1254 immu-

83 1295 200 1357 nito.¹²
228 1293 336 1376 Quod,
359 1297 450 1380 quod
473 1296 574 1378 absit,
597 1299 628 1361 si
660 1298 892 1380 possideretur
916 1319 934 1360 0
958 1295 1172 1376 Thartharis,
1208 1303 1297 1360 esset
1323 1315 1381 1382 pro

1 1486 2 1490 Ἰ
83 1402 169 1484 ipsis
193 1411 352 1485 apertum
383 1403 535 1468 hostium
567 1404 610 1468 ad
643 1404 728 1468 alias
761 1404 843 1469 fidei
877 1404 1067 1469 catholicae
1099 1407 1273 1488 regiones;
1306 1411 1382 1467 tum

1 1527 2 1568 l
80 1511 166 1592 quis
191 1531 233 1574 ex
257 1511 324 1574 ista
344 1517 439 1592 parte
463 1532 582 1575 versus
615 1510 839 1577 Christicolas
868 1532 937 1576 non
969 1519 1021 1576 est
1055 1531 1147 1574 mare
1181 1510 1380 1593 impediens,

83 1623 161 1680 tum
186 1619 267 1702 quia
300 1626 437 1701 possent
454 1615 604 1682 familias
627 1639 705 1682 suas
737 1622 773 1684 in
805 1619 931 1704 quibus
964 1618 1142 1684 abundant
1175 1617 1383 1683 mirabiliter

2 1722 6 1733 '
83 1720 217 1786 ibidem
240 1725 355 1806 aptius
378 1743 481 1809 quarn
504 1723 589 1790 alibi
612 1721 779 1790 collocari}
812 1725 927 1790 Γ1100110
940 1731 967 1770 ¹⁸
990 1727 1027 1790 in
1050 1725 1245 1808 exemplum
1263 1727 1382 1808 000100

1 1912 2 1929 ¹
81 1831 145 1914 qui
169 1851 212 1893 ex
237 1837 334 1912 parte
358 1833 499 1896 orientis
523 1831 566 1895 ad
598 1832 846 1898 occidentalem
877 1835 1020 1897 veniens
1053 1831 1314 1918 subiugandam,
1346 1835 1382 1896 in

1 1948 2 1956 ’
83 1937 200 2000 medio
224 1939 323 2022 regui
346 1937 546 2023 Hungariae
575 1939 691 2004 sedem
723 1960 820 2004 suam
853 1940 1089 2024 principaliter
1122 1939 1313 2020 collocavit,
1347 1949 1382 2020 et

1 2071 2 2135 ss
82 2049 206 2109 contra
230 2045 393 2111 Caesares
416 2049 476 2132 qui
500 2069 542 2111 ex
575 2047 751 2113 occidente
785 2047 828 2111 ad
862 2048 929 2113 sibi
961 2047 1238 2113 submittendum
1270 2049 1382 2112 oriens

1 2156 2 2168 ¹
83 2151 308 2236 dimicabant,
331 2173 436 2240 quam
467 2154 614 2237 plurima
646 2155 689 2219 ad
723 2159 1013 2220 constructionem
1036 2157 1207 2219 exercitus
1239 2151 1382 2234 faciunt,

1 2289 2 2352 j
83 2258 178 2323 infra
201 2263 302 2347 regni
324 2264 434 2327 nostri
464 2263 629 2327 terminos
662 2261 918 2346 deponebantu
951 2263 1061 2346 Super
1093 2262 1160 2327 hiis
1193 2285 1274 2348 ergo
1309 2285 1383 2346 pro-

1 2413 2 2460 ξ
84 2367 205 2432 videat
237 2371 484 2453 circumspecta
526 2369 734 2452 pontificalis
765 2370 938 2436 Sanctitas
971 2378 1006 2436 et
1039 2380 1223 2456 antequam
1255 2370 1382 2434 vulnus

1 2469 2 2528 Ῐ
84 2483 283 2558 marcescet,
299 2476 448 2542 salutare
464 2477 628 2562 dignetur
643 2497 812 2562 apponere
829 2479 1049 2544 medicamen.
1070 2477 1275 2543 Admiratur
1290 2479 1382 2542 enim

82 2603 190 2667 quem
224 2581 410 2666 plurimum
442 2585 651 2666 sapientium
683 2583 872 2650 multitudo
896 2606 944 2666 eo,
976 2586 1067 2670 quod
1092 2584 1194 2649 rebus
1218 2592 1258 2649 ut
1281 2606 1381 2666 nuno,

0 2675 1 2686 ¹
81 2692 133 2754 sio
158 2713 196 2754 se
220 2690 428 2756 habentibus
452 2691 586 2776 Regem
606 2691 784 2774 Frenetes,
807 2699 881 2756 tam
904 2691 1019 2758 nobile
1045 2691 1238 2758 membrum
1265 2691 1381 2757 Eccle-

82 2802 165 2880 siae,
189 2799 232 2862 de
257 2798 414 2880 Europae
443 2797 570 2864 finibus
602 2797 726 2863 Vestra
750 2799 947 2863 Paternitas
970 2799 1142 2864 licentiori
1175 2801 1382 2863 00001001015

1 2921 2 2924 ’
82 2906 292 2972 Admiratur
315 2909 473 2993 sinquam
495 2891 532 2970 et
555 2907 719 2972 admirari
751 2927 820 2970 non
843 2907 980 2989 desinit,
1004 2928 1042 2971 eo
1066 2907 1156 2993 quod
1182 2906 1381 2989 Apostolics.

82 3015 280 3080 Clementia
303 3013 422 3078 multis
446 3013 635 3097 provideat,
659 3013 748 3077 sicut
772 3012 1156 3097 Constantinopolitano
1179 3015 1322 3096 imperio
1347 3022 1382 3078 et

82 3121 322 3186 ultramarinis
362 3119 526 3204 partibus,
558 3121 699 3205 quaesi
731 3121 1020 3205 ammitterentur,
1055 3121 1146 3206 quod
1179 3121 1279 3202 absit,
1313 3141 1382 3186 non

1 3225 2 3284 1
82 3237 224 3294 tentum
234 3237 372 3293 noceret
388 3229 545 3310 Europae
562 3225 824 3309 habitatoribus
835 3235 1004 3312 quantum
1020 3230 1050 3292 si
1066 3247 1210 3313 regnum
1226 3235 1382 3294 nostrum

81 3335 441 3401 soluma'l‘hartheris
460 3337 676 3420 contingeret
694 3335 868 3418 possideri.
885 3336 1122 3400 Protestamur
1138 3339 1253 3421 itaque
1270 3335 1382 3400 Deum

139 3573 162 3601 ¹¹
181 3563 371 3618 Vonatlro'abs
399 3563 558 3618 Heraklios
587 3561 680 3616 nimai

1 3685 3 3696 ν
82 3651 202 3707 csdsziir
226 3652 413 3724 hbborrijdra,
427 3652 566 3708 Khoszru
579 3668 680 3722 perzsa

1 3791 2 3797 ,
82 3742 186 3814 kirsly
200 3741 288 3796 allen.
302 3741 356 3796 Kr.
369 3760 397 3796 u.
411 3743 471 3798 611.
486 3741 591 3794 Ennelr
604 3739 680 3794 0010-

1 3822 2 3825 “
83 3831 174 3904 helya
194 3830 268 3885 soha
295 3847 358 3886 sem
377 3831 477 3886 volta
497 3830 585 3884 Duna
609 3827 681 3883 mel-

82 3921 160 3976 lelre.
180 3923 209 3974 A
228 3919 353 3976 100011οό
371 3926 419 3975 ezt
438 3937 471 3974 az
490 3919 592 3973 adatot
611 3917 680 3973 frei-

82 4013 166 4082 singi
195 4009 267 4064 Otto
295 4009 502 4081 kronikajabol
527 4007 680 4062 meritette

83 4100 132 4170 (V.
152 4101 182 4154 lr.
203 4101 242 4171 9.)
261 4101 413 4170 occisoque
441 4098 588 4169 singulari
614 4113 680 4151 con-

83 4206 190 4260 gressu
209 4207 299 4262 super
323 4197 444 4262 pontem
463 4187 595 4242 Danubii
615 4185 681 4241 Cos·

83 4279 173 4334 droae
203 4279 376 4334 filio-victor
403 4278 529 4332 rediens.
555 4274 681 4330 111000-

83 4367 169 4424 00000
198 4386 233 4422 az
261 4365 508 4440 szolgbltsthatta
540 4383 573 4420 az
601 4367 680 4434 okot,

84 4457 165 4530 hogy
195 4459 374 4514 Anastasius
405 4455 680 4528 chronographiaja,

1 4619 2 4622 Ἴ
85 4547 283 4619 Theophanes
328 4551 419 4618 gbrtg
462 4543 680 4615 kroniktjtnak

86 4635 163 4690 latin
191 4633 337 4690 fordltasa
358 4653 376 4690 a
394 4641 600 4707 gorbg-perzaa
628 4635 680 4689 ha-

789 3561 921 3616 boriiban
940 3580 957 3616 a
977 3563 1074 3616 Torua
1102 3563 1183 3635 folyd
1205 3561 1303 3634 hidjht
1322 3579 1382 3618 em-

788 3650 838 3704 liti
857 3651 922 3720 (Ed.
942 3653 1024 3706 Boor.
1046 3653 1104 3706 199.
1125 3652 1165 3722 1.).

846 3749 865 3778 ¹·
887 3743 963 3796 1241.
983 3740 1143 3810 aprilis-
1173 3741 1249 3796 1242.
1275 3741 1381 3812 janub-

788 3831 894 3903 riusig.

845 3930 866 3957 ¹⁸
886 3922 984 3975 Attila
1003 3920 1129 3992 halyett.

845 4019 866 4048 ¹⁴
885 4010 1053 4081 Kifejezese
1076 4028 1093 4064 a
1112 4011 1204 4064 duuai
1226 4009 1322 4080 ve'gelr
1338 4010 1381 4080 je-

788 4099 1001 4172 lentdsegdnek
1024 4119 1041 4155 a
1063 4100 1158 4156 romai
1185 4099 1381 4154 birodalomra

789 4190 889 4245 00000.

846 4289 865 4318 ¹³
884 4279 938 4332 IX.
968 4279 1057 4350 Lajos
1088 4280 1165 4334 1248.
1194 4297 1261 4350 aug.
1295 4277 1381 4333 naen

789 4369 889 4422 indult
903 4387 984 4440 nagy
997 4369 1146 4423 keresztes
1159 4367 1269 4422 heddai
1283 4368 1382 4439 Egyp-

789 4457 889 4511 tomba
900 4457 931 4511 es
941 4456 1032 4511 00000
1043 4457 1112 4512 csak
1128 4458 1204 4511 1254.
1216 4458 1279 4528 jun.
1293 4459 1381 4512 ais-sn

790 4545 836 4600 000
854 4549 958 4602 vissza.
