3142 5214
1265 353 1331 414 585

51 549 154 613 illaesa
186 550 413 631 praecipimus
446 550 687 614 conservanda.
718 550 762 614 In
794 554 1019 614 oeconomicis
1051 573 1185 636 quoque
1218 553 1330 636 quoad

51 655 167 741 regalia
190 663 226 718 et
250 655 387 741 fiscalia,
413 661 551 740 praevia
574 656 851 721 fidelissimorum
875 656 1037 722 Statuum
1071 661 1201 722 sincera
1226 658 1331 722 infor-

49 765 196 844 matione,
234 783 309 826 eam
347 762 503 828 habituri
538 767 707 828 rationem
745 769 780 827 et
819 765 968 848 modum,
999 771 1040 828 ut
1073 787 1134 848 per
1165 765 1331 832 Commis-

48 873 149 934 siones
172 868 365 934 Camerales
387 879 448 935 aut
471 871 538 934 alia
561 874 628 954 via,
650 891 749 934 nemo
773 871 951 956 nobilium,
974 875 1104 936 civium
1122 879 1184 937 aut
1218 876 1331 957 priva-

47 985 153 1040 torum
175 980 314 1062 gravari
339 981 445 1060 possit
469 984 529 1042 aut
554 977 703 1042 debeat.3

146 1085 282 1164 intnro.
320 1085 364 1150 In
396 1085 555 1150 omnibus
588 1089 661 1150 sive
695 1086 737 1149 ad
772 1085 928 1168 politiam
961 1089 1032 1150 sive
1069 1085 1244 1170 justitiam
1276 1089 1332 1152 vel

46 1195 270 1257 oeconomiam
293 1194 602 1258 administrandam
626 1196 825 1256 necessariis
848 1193 982 1277 officiis,
1001 1202 1140 1258 utemur
1158 1196 1333 1282 indigenis

46 1299 312 1386 Transsylvanis,
335 1301 512 1387 Hungaris
528 1323 658 1384 nempe,
682 1299 807 1364 Siculis
830 1307 865 1364 et
882 1299 1083 1386 saxonibus,
1099 1302 1194 1366 nullo
1210 1302 1333 1367 habitu

46 1406 217 1491 religionis
241 1417 413 1491 respectu3
438 1431 547 1493 neque
571 1416 708 1472 exterae
736 1411 901 1491 nationes,
933 1416 994 1472 aut
1026 1429 1113 1492 quae
1145 1410 1334 1476 Nobiscum

44 1513 178 1578 abillis
201 1518 293 1578 inter
321 1523 455 1580 exteras
487 1523 522 1580 et
555 1515 724 1580 inhabiles
756 1516 1014 1601 dignoscuntur,
1046 1517 1088 1580 ad
1122 1517 1266 1582 honores
1299 1525 1333 1581 et

45 1643 190 1706 munera,
213 1625 482 1708 quotiescunque
506 1646 545 1687 ea
569 1645 690 1688 vacare
714 1626 909 1708 contigerit,
942 1624 1206 1706 praevalebunt;
1239 1623 1333 1687 salva

44 1736 158 1792 tamen
186 1729 321 1812 Nostra,
345 1752 423 1794 oum
456 1730 593 1794 illorum
625 1751 799 1814 consensu,
831 1731 875 1794 ad
907 1731 1141 1814 recipiendum
1172 1738 1232 1795 aut
1265 1751 1334 1794 non

44 1838 274 1920 recipiendum
298 1840 334 1900 in
357 1838 574 1902 matriculam
598 1837 902 1901 commendatione.

148 1945 255 2012 Sexto.
280 1946 385 2010 Bonis
408 1946 452 2011 ob
476 1945 652 2010 defectum
685 1946 832 2029 prolium
864 1953 923 2010 aut
957 1953 1075 2011 notam
1108 1946 1334 2030 infidelitatis,

43 2051 83 2114 ad
110 2051 232 2116 fiscum
256 2056 390 2138 regium
413 2053 647 2138 devolvendis
672 2051 899 2117 benemeritos
931 2053 1212 2139 Transsylvanos,
1236 2054 1334 2118 Hun-

42 2179 139 2242 garos
155 2182 287 2244 nempe,
304 2158 436 2224 Siculos
453 2167 488 2222 et
504 2157 655 2223 Saxones
672 2159 860 2244 indigenae,
883 2181 951 2224 non
968 2167 1103 2224 attento
1127 2159 1334 2246 religionum

42 2265 247 2350 discrimine,
271 2270 430 2351 propensi
453 2269 580 2331 erimus
608 2266 754 2352 dignari.
785 2266 850 2331 Illa
883 2289 964 2332 vero
998 2270 1213 2360 privatorum
1237 2267 1335 2354 bona,

41 2396 125 2456 quae
150 2377 255 2438 armis
278 2377 405 2438 nostris
428 2381 593 2457 occupata
616 2381 696 2438 sunt
720 2373 764 2438 ab
787 2373 953 2458 hostibus,
985 2377 1137 2458 antiquis
1171 2395 1336 2458 possesso-

41 2480 144 2565 ribus,
178 2489 238 2545 aut
270 2503 387 2545 eorum
422 2484 626 2565 posteritati,
650 2504 692 2545 ex
723 2504 816 2546 mera
847 2482 1064 2566 benignitate
1096 2482 1207 2567 Regia
1238 2485 1336 2545 resti-

42 2595 193 2652 tuentur.
225 2588 280 2653 Ad
305 2611 407 2673 quem
430 2588 534 2652 finem
566 2588 670 2652 alicui
689 2588 870 2653 Tribunali
901 2591 937 2652 in
968 2587 1244 2673 Transsylvania,
1275 2595 1335 2652 aut

41 2695 169 2761 Nostro
199 2695 372 2778 belliduci,
404 2703 443 2758 ut
476 2698 560 2758 visis
599 2697 839 2760 instrumentis
871 2695 963 2780 quod
993 2692 1128 2779 justum
1158 2694 1337 2760 videbitur

151 2945 225 2996 'Aa
244 2941 396 3012 erdelyiek
424 2959 440 2996 e
469 2948 575 3013 pontra
602 2941 695 2996 nezvc
723 2941 830 2996 kertelr
848 2959 866 2995 a
885 2941 1008 3013 kirtlyt,
1028 2947 1175 3013 quatenus
1194 2941 1337 3011 dignetur

43 3032 152 3085 Vestra
180 3032 323 3102 Majestas
354 3031 381 3085 S.
410 3032 624 3102 benignissime
655 3048 786 3085 annuere
818 3037 852 3084 ut
882 3047 984 3086 omnes
1015 3037 1046 3084 et
1077 3031 1200 3102 quaevis
1231 3044 1337 3082 causae

41 3122 206 3175 seeundum
226 3123 339 3193 patrias
358 3122 439 3192 leges
458 3123 490 3174 in
510 3121 612 3174 eadem
632 3121 746 3174 Tabula
765 3121 933 3175 Judiciaria
953 3121 1190 3191 Transylvaniae
1215 3119 1337 3172 finalem

42 3213 162 3281 assequi
189 3212 368 3266 decisionem
397 3211 527 3281 valeant,
555 3229 611 3265 neo
638 3213 671 3264 in
699 3212 931 3282 appellationem
960 3211 1129 3265 ascendant.
1159 3211 1202 3262 Aa
1231 3207 1337 3261 Alvin-

42 3301 147 3353 cziana
166 3301 309 3355 resolutio
326 3301 475 3372 negyedik
496 3301 598 3371 pontja
618 3317 682 3354 erre
701 3299 793 3355 nezve
812 3301 866 3371 igy
893 3299 1102 3354 randelkezik:
1132 3297 1206 3351 Cum
1232 3313 1337 3350 causae

41 3389 173 3460 duplicis
203 3393 266 3445 sint
295 3393 423 3462 generis,
461 3391 510 3445 vel
548 3391 719 3444 criminales
756 3391 805 3444 vel
843 3391 966 3459 civiles3
1004 3391 1030 3443 S.
1062 3388 1092 3442 G.
1124 3388 1161 3442 R.
1189 3388 1229 3440 M.
1257 3388 1338 3439 inter

40 3482 199 3550 graviores
235 3481 358 3535 illorum
394 3481 542 3534 censenda
572 3482 682 3534 statuit
715 3481 841 3533 crimina
869 3480 966 3533 laesae
995 3480 1083 3547 M.-is,
1115 3475 1337 3549 perduellionis,

42 3569 231 3639 proditionis,
261 3576 291 3623 et
319 3570 379 3623 alia
398 3586 473 3640 quae
491 3575 605 3623 statum
635 3575 665 3622 et
693 3569 947 3639 tranquillitatem
976 3568 1126 3638 publicam
1154 3566 1337 3635 respiciunt,

40 3675 133 3728 super
153 3658 260 3728 quibus
280 3657 426 3712 Gubernii
445 3665 550 3712 votum
575 3675 628 3712 seu
656 3659 825 3728 opinionem
844 3657 974 3711 libenter
1002 3656 1122 3728 quidem
1151 3655 1261 3721 audiet,
1290 3653 1338 3706 de·

41 3749 188 3801 cisionem
210 3754 312 3801 autem
332 3753 475 3818 tanquam
494 3765 557 3801 rem
577 3747 613 3800 ad
634 3746 749 3816 Regem
766 3745 941 3798 immediate
961 3749 1147 3815 spectantem
1165 3743 1224 3796 sibi
1245 3757 1338 3795 reser-

40 3843 116 3904 vat3
134 3853 174 3889 an
194 3853 272 3904 vero,
292 3842 322 3889 et
341 3837 373 3888 in
394 3836 501 3907 quibus
520 3836 589 3890 aliis
602 3835 778 3890 criminibus
791 3851 866 3906 quae
880 3852 1004 3906 poenam
1018 3833 1147 3904 eorporis
1159 3832 1338 3886 afflictivam

40 3943 111 3978 curn
128 3925 248 3994 jactura
267 3925 387 3979 honoris
406 3931 436 3978 et
456 3925 597 3979 bonorum
628 3931 694 3996 post
719 3941 753 3978 se
781 3923 914 3994 trahant,
942 3939 1079 3977 recursus
1107 3923 1144 3976 ad
1172 3921 1208 3975 R.
1238 3921 1338 3974 M.-em

39 4015 249 4069 concedendus
267 4015 316 4082 sit,
339 4015 485 4068 Gubernii
513 4017 683 4085 opinionem
712 4013 905 4084 exspect-abit.
935 4013 971 4066 In
1001 4013 1148 4066 Civilibus
1177 4027 1262 4081 porro
1289 4027 1339 4063 eas

39 4105 195 4158 duntaxat
214 4121 319 4160 causas
338 4121 390 4175 pro
410 4105 623 4173 revisibilibus,
643 4112 674 4157 et
693 4105 725 4156 in
744 4103 852 4174 quibus
872 4103 1026 4172 Majestati
1040 4118 1110 4156 suae
1124 4117 1175 4171 pro
1188 4099 1339 4154 revisione

40 4195 215 4265 supplicare
228 4196 327 4264 liceat,
340 4197 527 4266 pronunciat,
548 4213 623 4266 quae
641 4195 713 4248 3000
731 4209 837 4247 aureos
856 4195 889 4246 in
908 4209 1024 4246 summa
1043 4191 1166 4262 capitali
1186 4195 1239 4242 aut
1257 4188 1339 4241 ultra

40 4285 219 4354 important,
239 4286 323 4340 nullo
343 4287 422 4339 inter
442 4285 564 4339 mobilia
584 4292 614 4338 et
633 4283 799 4338 immobilia
817 4283 998 4351 discrimine,
1018 4282 1223 4335 adnumeratis
1247 4280 1338 4332 etiam

35 4374 162 4445 juribus
187 4377 245 4430 etsi
263 4377 388 4430 minoris
408 4376 519 4429 valoris
539 4381 592 4429 aut
611 4375 866 4428 considerationis.
896 4372 981 4426 Circa
1009 4377 1127 4442 tempus
1155 4369 1276 4424 modum
1305 4385 1339 4420 ac

38 4464 172 4518 formam
203 4467 362 4520 revisionis
381 4481 451 4518 vero
479 4473 542 4519 tam
562 4465 794 4535 interponendae
814 4481 902 4534 quam
922 4461 1155 4514 introducendae
1180 4477 1214 4512 ac
1242 4473 1338 4528 prose-

39 4554 188 4626 quendae,
202 4555 328 4626 aliisque
342 4571 375 4608 eo
388 4555 601 4625 spectantibus,
615 4553 760 4606 (hibernii
780 4553 949 4623 opinionem
969 4567 1023 4604 sua
1037 4549 1179 4618 Majestas
1198 4547 1340 4602 similiter

39 4644 286 4715 praestolabitur.
