3182 5210
220 335 286 398 246

327 531 429 595 XIX.
454 531 627 594 Ecclesiae
652 537 687 594 et
711 531 959 596 ecclesiasticae
990 554 1160 614 personae.
1194 555 1213 595 a
1246 535 1337 595 taxis
1360 553 1429 596 nou
1453 532 1519 594 diu

219 639 361 703 abusive
396 641 611 714 introductis
644 639 770 704 liberae
804 649 839 704 et
872 639 1048 706 absolutae
1082 641 1328 725 relinquantur.
1363 640 1517 704 Seruitia.

220 757 335 810 tamen
359 747 590 820 exercitualia,
615 769 707 811 more
731 747 816 812 alias
839 755 1000 812 consueto
1025 747 1136 812 facere
1161 755 1350 810 teneantur.

327 854 412 918 XX.
436 853 534 936 Item,
558 855 649 938 quod
670 854 712 918 de
736 857 955 918 maritatione
979 853 1128 919 filiarum
1154 861 1349 918 nostrarum
1373 875 1520 936 agemus

219 985 297 1025 cum
321 961 463 1026 consilio
487 962 723 1026 Praelatorum
757 971 791 1026 et
814 963 989 1028 Beronum
1013 986 1052 1026 ec
1076 962 1255 1028 Nobilium
1282 964 1380 1046 regni
1404 963 1518 1024 nostri

220 1070 427 1154 Hungauiae.
451 1093 512 1133 nec
537 1092 605 1133 non
636 1077 859 1154 cognatorum
892 1077 927 1133 et
960 1074 1190 1154 proximorum
1224 1077 1326 1154 atque
1359 1067 1517 1132 subdito-

220 1199 294 1240 rum
320 1199 503 1260 regnorum
527 1186 562 1240 et
586 1179 774 1242 ducatuum
797 1187 1000 1242 nostrorum.

327 1285 428 1348 XXI.
452 1284 551 1366 Item,
575 1285 664 1368 quod
690 1286 919 1350 ecclesiastica
945 1285 1108 1350 beneficia
1133 1295 1294 1348 vacatura
1318 1305 1386 1348 non
1412 1283 1518 1346 facie-

220 1413 304 1456 mus.
329 1415 439 1476 neque
464 1395 701 1474 permittemus
727 1416 786 1476 per
809 1393 997 1458 saeculares
1022 1416 1185 1476 occupare
1215 1413 1381 1475 personae.

326 1499 448 1562 XXII.
481 1499 579 1582 Item,
607 1501 699 1584 quod
732 1500 982 1565 habitationem
1005 1507 1159 1566 nostram
1182 1500 1238 1564 hio
1263 1501 1299 1562 in
1322 1498 1518 1580 Hungrniu,

220 1629 314 1670 more
338 1607 484 1671 aliorum
508 1627 628 1690 regum
652 1606 817 1671 faciemus
841 1615 876 1670 et
902 1606 1187 1674 contirmabimus.
1350 1685 1352 1690 ,

327 1713 443 1778 XXV.
476 1713 585 1777 Juxta
618 1717 877 1799 requisitionem
909 1713 1159 1798 regnicolarum
1198 1721 1401 1778 nostrarum.
1441 1711 1519 1776 Nos

220 1845 286 1886 una
311 1844 389 1886 cum
413 1821 542 1884 eisdem
565 1821 790 1903 operabimur,
822 1823 913 1906 quod
943 1821 1114 1904 Despotus
1146 1822 1290 1886 Rasciae
1323 1829 1358 1884 et
1391 1821 1519 1884 Comes

218 1929 337 2008 Ciliae.
361 1931 553 2013 caeterique
577 1928 766 2013 Magnetes
783 1930 943 2010 dominia,
960 1929 1123 1994 uidelicet
1141 1931 1374 2010 possessiones,
1391 1935 1519 1996 castra.

220 2017 397 2117 fortalitia,
422 2037 590 2118 civitatee,
614 2037 739 2118 oppida
764 2044 799 2100 et
824 2036 890 2100 alie
925 2036 1012 2100 bona
1045 2040 1081 2100 in
1112 2036 1176 2100 hoo
1209 2057 1314 2118 regno
1338 2033 1515 2118 Ungariae

219 2143 384 2208 habentes
418 2149 453 2206 et
478 2149 642 2224 tenentes,
666 2139 863 2225 hujusmodi
896 2152 1016 2226 castra
1049 2143 1228 2224 fortalitia,
1260 2141 1394 2224 oppida.
1418 2141 1516 2203 Civi-

218 2259 308 2314 tates
339 2259 374 2314 et
408 2252 632 2331 possessiones
665 2271 732 2314 non
766 2251 909 2314 advenis
941 2262 975 2313 et
1009 2249 1211 2320 forensibus.
1243 2251 1302 2314 sed
1335 2249 1521 2332 Hungaris

218 2356 423 2424 hominibus.
450 2379 508 2440 pro
532 2355 659 2420 honore
682 2358 763 2421 dare
792 2357 963 2421 debeant.1

326 2464 462 2529 XXVI.
486 2464 575 2528 Item
599 2465 743 2529 honores
767 2473 802 2528 et
825 2463 940 2529 officia
961 2473 1076 2530 nostra
1095 2465 1165 2528 illis
1180 2463 1362 2548 regnicolis
1386 2464 1519 2526 nostris

218 2573 396 2658 Hungaris
429 2571 554 2656 quibus
592 2573 801 2637 voluerimus
844 2593 936 2638 more
969 2573 1012 2637 ab
1044 2576 1187 2658 antiquo
1220 2580 1381 2637 consueto
1410 2565 1516 2652 juxta

217 2677 321 2762 hujus
345 2683 444 2764 regni
466 2682 576 2744 nostri
600 2679 773 2764 Ungariae
797 2682 1080 2745 consuetudinem
1102 2679 1324 2744 conferemus.

326 2785 479 2850 XXVII.
513 2786 611 2868 Item,
644 2787 735 2872 quod
776 2787 891 2850 nullus
929 2787 1099 2852 nobilium
1132 2790 1239 2872 regni,
1273 2807 1332 2870 pro
1373 2784 1518 2870 quibus·

219 2917 353 2979 cunque
379 2894 489 2974 factis
514 2917 574 2978 per
598 2916 844 2980 quemcunque,
868 2905 1003 2980 praeter
1026 2897 1141 2978 talem,
1170 2904 1285 2960 contra
1313 2917 1414 2980 quem
1439 2919 1520 2958 sen-

218 3005 329 3068 tentia
352 3002 509 3084 capitalis
529 2999 678 3085 juridice
704 3003 774 3068 lata
810 3002 924 3086 fuerit,
961 3008 1066 3087 possit
1099 3005 1256 3070 detineri.
1280 3025 1339 3068 seu
1363 3025 1516 3088 quoquo-

218 3110 319 3174 modo
343 3112 520 3191 captivari.

326 3215 498 3280 XXVIII.
516 3215 665 3298 Nobiles.
686 3223 758 3282 tam
770 3215 971 3302 jobagioues
992 3216 1156 3282 habentes
1172 3240 1275 3302 quam
1294 3239 1362 3280 non
1387 3217 1521 3280 huben-

218 3333 278 3405 tes
289 3325 437 3388 decimas
454 3323 535 3387 dare
552 3345 619 3387 non
636 3329 980 3410 teneantur‚a11tiqua
998 3348 1114 3390 eorum
1131 3325 1292 3390 libertate
1308 3329 1517 3410 requirente.

326 3431 465 3495 XXXI.
494 3432 614 3495 Partes
646 3431 833 3518 litigantes,
858 3435 994 3518 quando
1026 3435 1209 3503 voluerint,
1241 3435 1368 3519 absque
1402 3439 1518 3520 requi-

218 3542 343 3602 sitione
366 3539 489 3602 iudicis
514 3549 549 3602 et
578 3561 678 3604 onere
712 3541 892 3605 solutionis
926 3542 1171 3627 Birsagiorum,
1200 3543 1343 3606 liberam
1377 3563 1518 3604 concor-

219 3647 325 3711 dandi
348 3645 498 3710 habeant
523 3647 734 3712 facultatem.
766 3650 1062 3726 Quemadmodum
1085 3653 1228 3735 antiqua
1262 3660 1295 3714 et
1329 3648 1519 3713 laudabilis

218 3757 317 3836 regni
340 3757 450 3817 nostri
473 3755 692 3836 consuetude,
715 3757 912 3820 liuiusmodi
944 3757 1159 3820 concordiam
1192 3761 1229 3820 in
1252 3757 1518 3842 quibuscunque

218 3861 320 3925 factis
345 3864 562 3944 potentiariis
579 3871 614 3925 et
633 3863 718 3932 aliie.
739 3864 845 3929 libere
865 3863 1058 3928 faciendam
1083 3863 1193 3928 dictat
1217 3873 1251 3928 et
1280 3867 1468 3928 cousuevit..

325 3969 396 4032 Nos
429 3971 545 4054 itaque
578 3968 774 4052 hujusmodi
815 3971 1040 4054 petitionibus
1075 3971 1306 4054 praefatorum
1339 3971 1517 4035 Praelata-

218 4099 304 4156 rum.
329 4077 512 4145 Beronum.
536 4077 715 4142 Nobilium
738 4089 773 4142 et
797 4079 1046 4163 regnicolarum
1071 4089 1265 4143 nostrorum
1288 4101 1386 4142 aures
1412 4101 1519 4142 exau-

217 4184 349 4251 dibiles.
366 4189 460 4269 regio
480 4207 557 4250 cum
574 4185 693 4252 lavore
709 4187 923 4253 inclinantes
940 4190 1188 4270 suprascriptos
1204 4187 1379 4264 articulos,
1399 4187 1516 4270 quoad

218 4315 334 4356 omnes
358 4313 435 4356 suas
460 4296 690 4357 continentias
713 4301 747 4357 et
772 4295 949 4363 clausulas.
983 4317 1073 4358 mera
1100 4297 1446 4358 nostraauctoritate
1480 4306 1519 4356 et

220 4403 401 4482 potestatis
423 4401 646 4495 plenitudiue,
670 4424 711 4464 ex
737 4410 897 4486 certaque
921 4411 1057 4466 nostrae
1073 4403 1266 4466 Maiestatis
1282 4403 1434 4464 scientia.
1451 4423 1519 4467 nec

329 4640 335 4664 ¹
357 4629 458 4681 Honor
478 4647 495 4682 a
513 4627 659 4699 kozdpkor
679 4627 860 4682 ertclmeben
883 4655 913 4675 =
936 4628 1067 4698 liszlse'g‚
1087 4627 1191 4682 hilber.
