3124 5216
230 377 297 440 740

228 572 330 637 nibus
352 573 419 638 Rei
443 570 599 655 publicae
621 570 881 636 adcommodata
896 569 1121 637 Educatione,
1144 570 1181 631 in
1204 589 1272 652 qua
1303 571 1526 652 praecipuum

229 681 490 746 Provinciamm
536 679 721 743 cardinem
768 676 1008 761 publicamque
1053 675 1257 740 felicitatem
1299 679 1391 740 verti
1433 676 1526 759 apud

228 791 368 873 quosvis
390 787 627 853 benemoratos
654 785 795 869 populos
817 791 939 849 notum
962 793 1024 866 est,
1047 806 1096 866 ea,
1119 807 1206 869 quae
1229 787 1370 848 sinceris
1386 787 1527 850 omnino

229 896 354 959 studiis
392 893 617 974 intendimus,
651 895 861 955 incrementa
898 912 1017 974 capere
1055 912 1125 955 non
1164 912 1268 974 posse,
1306 890 1351 955 ab
1382 895 1525 956 ineunte

228 1003 414 1086 Regimine
437 1002 564 1066 Nostro
583 1001 825 1084 perspeximus,
849 999 986 1080 idcirce,
1010 999 1093 1062 dum
1122 999 1306 1082 praemissa
1337 1021 1526 1083 ageremus

229 1133 297 1176 una
322 1132 455 1194 semper
477 1131 517 1172 eo
540 1111 759 1190 respeximus,
781 1129 825 1171 ne
849 1109 885 1170 in
908 1105 972 1170 hac
995 1109 1100 1170 etiam
1130 1108 1311 1190 praecipua
1335 1107 1526 1173 Potestatis

230 1219 379 1283 Nostrae
422 1218 553 1300 Regiae
591 1216 703 1283 Parte.
742 1236 828 1299 quae
876 1217 1038 1278 instituto
1077 1213 1249 1278 Maiorem
1296 1215 1527 1298 peculiaribus

229 1323 547 1390 Constitutionibus
569 1321 679 1388 Nobis
706 1323 822 1386 delata
845 1331 907 1404 est,
929 1322 1122 1387 ullomodo
1145 1322 1304 1386 desimus
1327 1323 1442 1401 Quare
1469 1349 1527 1409 pro

229 1435 361 1497 ratione
400 1435 505 1497 etiam
536 1431 812 1495 antecedentium
845 1440 1038 1514 temporum
1076 1431 1174 1494 varia
1205 1431 1250 1494 ad
1282 1429 1369 1513 illos,
1400 1433 1528 1516 quibus

228 1540 424 1605 educandae
445 1541 650 1607 ‚Iuventutis
665 1541 848 1604 Provincia
866 1547 940 1602 tum
956 1539 1071 1602 delata
1087 1537 1166 1621 fuit,
1181 1537 1326 1602 Decreta
1345 1539 1528 1620 edidimus,

228 1671 316 1733 quae
339 1649 383 1712 ad
406 1647 644 1712 Institutionis
659 1644 762 1730 hujus
786 1655 820 1709 01
844 1647 1070 1710 Educationis
1088 1647 1253 1710 Normam
1276 1649 1343 1709 rite
1365 1649 1528 1715 ordinan-

229 1758 308 1821 dam
348 1756 584 1840 pertinebant,
625 1778 723 1840 porro
754 1756 847 1820 hunc
884 1759 922 1819 in
960 1755 1063 1820 finem
1102 1764 1174 1820 tam
1207 1756 1264 1820 hic
1295 1757 1452 1822 Viennae
1492 1763 1527 1823 in

228 1864 382 1948 Collegio
398 1863 576 1928 Nobilium
592 1865 738 1928 Nomine
762 1864 889 1928 Nostro
912 1867 1103 1948 111010111110,6
1125 1866 1162 1928 in
1185 1885 1253 1948 quo
1276 1868 1417 1949 quasvis
1438 1889 1528 1931 com-

230 1981 346 2054 parate
378 1972 421 2036 ad
455 1980 585 2035 statum
620 1971 804 2055 publicum,
837 1973 1000 2056 variaque
1034 1970 1227 2036 officiorum
1262 1993 1389 2056 genera
1422 1975 1528 2038 utiles

229 2079 438 2163 Disciplinas
470 2079 654 2144 tradendas
694 2081 961 2163 procuravimus,
1004 2080 1208 2162 peculiarem
1248 2103 1308 2164 pro
1347 2081 1529 2166 Hungaris

230 2189 337 2250 etiam
374 2184 661 2250 Adolescentibus
700 2185 953 2250 Fundationem
994 2184 1145 2255 fecimus,
1179 2187 1256 2251 aliis
1294 2200 1420 2268 autem,
1460 2213 1529 2274 quo

230 2295 412 2357 mitterent
443 2315 521 2359 suos
552 2292 642 2358 filios
675 2301 787 2357 rectae
825 2293 1051 2357 Educationis
1079 2303 1113 2358 et
1145 2294 1383 2360 Institutionis
1416 2319 1528 2365 causa.

231 2402 442 2465 occasionem
466 2399 702 2484 praebuimus;
725 2401 783 2464 sed
812 2423 882 2464 non
915 2403 1028 2464 minus
1052 2403 1089 2464 in
1107 2403 1229 2486 Regno
1260 2425 1395 2488 quoque
1428 2405 1527 2468 Hun-

229 2509 346 2592 gariae
372 2507 518 2591 plurima
546 2507 771 2572 Educationis
795 2515 831 2570 et
853 2507 1090 2572 institutionis
1122 2509 1314 2591 Domicilia.
1346 2512 1400 2573 uti
1441 2511 1528 2595 Tyr-

228 2617 359 2696 naviae,
383 2615 517 2697 Vaciaa,
533 2614 678 2699 aliisque
702 2617 737 2677 in
754 2615 854 2678 Locis
870 2616 1113 2679 constituimus
1132 2619 1369 2681 universorum
1386 2617 1527 2682 demum

229 2722 430 2786 Studiorum
452 2719 676 2785 Academiam
695 2722 889 2804 Tymaviae
915 2723 1140 2786 constitutam
1173 2745 1263 2788 nova
1285 2723 1528 2804 1101000110-

229 2829 367 2914 drisque
389 2828 534 2892 utilibus
565 2831 731 2892 auximus.
764 2829 852 2905 Quia
885 2850 965 2892 vero
994 2829 1078 2893 haec
1107 2833 1221 2894 omnia
1253 2833 1320 2894 etsi
1353 2831 1529 2914 praeclare

232 2937 421 3000 constituta
459 2935 600 3017 fuerint,
633 2957 693 3018 pro
731 2956 769 2998 eo
794 2943 918 3017 tamen,
941 2958 1009 3019 quo
1047 2939 1085 2999 in
1116 2937 1336 3002 excolendam
1369 2947 1528 3002 teneram

229 3043 467 3122 Juventutem‚
491 3065 533 3106 ex
557 3064 625 3127 qua
649 3042 877 3108 801111110τί00]
923 3043 1086 3108 Virorum
1108 3044 1191 3107 olim
1214 3045 1257 3109 ad
1278 3049 1422 3130 quaevis
1446 3047 1529 3110 Rei·

232 3148 388 3234 publicae
426 3150 546 3214 Munia
587 3171 648 3232 pro
695 3148 843 3212 statibus
881 3150 1044 3214 videlicet
1078 3149 1328 3234 Ecclesiastico,
1367 3152 1527 3218 Politice.

230 3256 386 3338 Militari,
433 3256 680 3339 Commerciali,
720 3256 951 3337 OeconomicO,
993 3279 1033 3320 ac
1070 3257 1148 3321 aliis
1195 3258 1329 3322 utiliter
1367 3259 1527 3324 obeunda

229 3365 431 3428 idoneorum
463 3365 702 3445 constituatur,
735 3383 797 3425 nec
836 3384 904 3425 non
936 3362 1178 3428 illustrandam
1205 3365 1293 3428 Rem
1316 3367 1526 3430 Literariam

229 3471 373 3535 ferimur
388 3470 516 3552 ardore,
533 3469 631 3553 plura
650 3470 759 3534 adhoc
778 3467 980 3551 adjicienda,
1004 3477 1107 3554 atque
1130 3473 1168 3534 in
1192 3471 1314 3535 stabile
1337 3473 1524 3556 quodpiam

229 3582 386 3665 Systema
410 3578 518 3643 Nobis
545 3580 736 3643 reducenda
760 3578 978 3661 videbantur,
997 3580 1125 3645 idcirco
1150 3603 1189 3646 00
1214 3582 1414 3665 cumprimis
1441 3588 1523 3644 tem-

230 3710 309 3771 pore
332 3688 416 3751 dum
439 3686 635 3770 Religiosus
658 3687 740 3750 olim
765 3685 856 3750 Ordo
881 3687 1062 3750 Societatis
1086 3689 1170 3754 Jesu
1203 3688 1439 3772 compellatus,
1471 3689 1524 3751 cui

228 3796 407 3878 Educatio,
440 3801 543 3878 atque
568 3794 748 3857 Institutio
774 3794 911 3856 Patriae
935 3793 1139 3859 Juventutis
1162 3817 1181 3858 a
1205 3795 1347 3876 duobus
1371 3803 1408 3858 et
1433 3795 1521 3879 quod

228 3905 379 3966 excurrit
418 3900 561 3965 saeculis
599 3897 720 3982 majori
759 3902 795 3962 in
834 3909 930 3984 parte
962 3903 1156 3967 concredita
1188 3901 1265 3986 fuit,
1297 3903 1523 3968 Authoritate

229 4009 326 4075 Sedis
350 4007 568 4091 Apostolicae
586 4004 780 4070 aboleretur
801 4005 978 4090 (1773j1'11.
995 4009 1060 4088 21),
1076 4032 1205 4074 novum
1221 4011 1388 4095 Systema,
1404 4012 1524 4075 110110

229 4138 307 4182 110111
344 4116 570 4180 Educationis
601 4121 636 4177 et
669 4116 776 4178 totius
815 4115 881 4178 1101
919 4116 1108 4180 Literariae
1149 4117 1246 4200 plene
1285 4119 1524 4201 complectens,

227 4223 468 4305 hodiernisque
500 4219 724 4303 Reipublicae
757 4220 965 4284 Rationibus
998 4224 1191 4286 omnimode
1223 4225 1521 4289 adcommodatum

228 4329 404 4408 elaborari,
446 4336 549 4412 atque
583 4326 690 4390 Nobis
723 4349 783 4410 pro
819 4327 1001 4392 Altissima
1033 4329 1213 4394 Decisione
1244 4331 1371 4394 Nostra
1413 4332 1522 4416 Regia

229 4437 370 4520 proponi
383 4432 557 4518 jussimus,
574 4433 665 4518 quod
688 4431 747 4496 ubi
772 4434 851 4496 dein
870 4456 939 4498 non
961 4435 1098 4520 vulgari
1114 4436 1289 4502 industria
1309 4437 1524 4503 elaboratum

339 4665 349 4692 ⁸
367 4655 394 4708 A
415 4655 638 4710 Therasianum.
