3142 5216
224 396 290 460 826

225 590 405 657 felosztasa
430 613 449 654 a
469 588 563 673 jelen
579 589 866 676 orazaggyiildsen
890 587 1164 672 maghiteltetett
1183 586 1423 671 valasztmany
1440 586 1522 650 altal

225 695 476 784 kidolgozandd
499 698 597 764 kules
620 700 748 762 saerint
771 697 979 762 intaetessek
1002 696 1051 760 el:

335 809 386 874 13.
410 807 462 872 Aa
485 806 653 873 allitandd
676 806 844 892 iijonczok
867 808 1017 894 egyediil
1039 829 1184 892 magyar
1206 804 1423 871 ezredekben
1439 804 1521 868 szol·

225 911 388 998 galjanak
403 936 419 978 s
435 912 516 978 diret
539 936 618 978 nem
642 935 785 999 magyar
808 913 1017 979 ezradakhez
1041 913 1176 978 attenni
1200 915 1321 978 semmi
1344 914 1419 976 sain
1435 910 1522 976 alatt

227 1043 306 1084 nem
330 1019 432 1084 lehet.

334 1125 367 1194 A
391 1127 526 1192 Karon·
549 1128 584 1192 Aa
607 1126 823 1192 Randaknak
847 1148 929 1191 azan
953 1124 1130 1210 ajanldsat
1154 1148 1185 1190 u.
1208 1149 1252 1192 m.
1275 1147 1294 1190 a
1318 1126 1412 1210 maly
1433 1147 1524 1188 nem-

226 1235 294 1297 zeti
317 1231 429 1319 buzgd
453 1233 676 1318 hiisdgdknek
699 1255 714 1297 s
737 1255 823 1298 azon
846 1233 1110 1320 ke'szsagiilrnek‚
1134 1233 1298 1318 melylyel
1323 1214 1350 1296 ὁ
1378 1232 1522 1317 Felsaga

227 1340 410 1406 sadudakai
434 1339 703 1427 eldsegitasaben
726 1339 878 1406 daeikkel
901 1341 1128 1422 vetakednek,
1152 1339 1246 1404 dicad
1274 1339 1522 1424 bizonySAgaul
1569 1361 1570 1364 ¹

226 1447 363 1533 szolgal7
388 1429 416 1511 (⁶)
439 1448 584 1533 Felsdga
607 1448 849 1534 kegyelmesen
873 1445 1021 1534 fogadja.
1265 1480 1310 1496 ·

444 1693 478 1764 a.
503 1693 543 1763 A
568 1692 788 1764 andoure
810 1693 1046 1765 anaema
1070 1693 1314 1766 reamissa.
1390 1781 1393 1787 ,

336 1875 433 1942 1808.
458 1873 642 1942 Atticulae
667 1875 698 1942 7.
722 1873 775 1942 De
800 1874 995 1944 Academia
1020 1875 1176 1944 militari
1198 1875 1415 1944 Ludovicea.

336 2039 429 2102 Dum
453 2037 510 2103 SS.
533 2045 569 2103 et
593 2037 660 2103 00.
685 2039 727 2103 de
750 2038 958 2104 Defensione
981 2039 1097 2127 Regni
1121 2046 1273 2126 agerent,
1293 2039 1448 2103 Consilia
1464 2060 1524 2102 sua

228 2167 296 2209 non
320 2153 458 2210 tantum
481 2147 525 2210 ad
549 2167 707 2230 praesens
730 2153 875 2230 tempus,
898 2146 1017 2210 esdad
1036 2145 1190 2210 futuram
1213 2168 1349 2232 quoque
1373 2154 1523 2210 aetatem

228 2253 467 2336 extenderunt,
490 2257 596 2338 utque
620 2252 705 2317 Filii
728 2259 763 2316 et
787 2253 921 2317 Posteri
945 2275 1062 2318 eorum
1085 2274 1154 2318 non
1177 2253 1287 2318 solum
1303 2252 1448 2336 viribus⁷
1465 2255 1523 2318 sed

228 2369 302 2424 arte
325 2381 461 2445 quoque
493 2367 528 2423 et
560 2360 637 2424 ideo
670 2358 844 2424 efficacius
878 2382 938 2443 pro
970 2360 1098 2444 Patria,
1136 2363 1232 2424 avita
1264 2361 1525 2425 Constitutione

228 2476 263 2532 et
288 2467 448 2552 Augusta
477 2474 643 2552 regnante
676 2467 786 2531 Domo
819 2467 1016 2552 depugnare
1050 2451 1201 2551 possintj
1223 2467 1406 2532 devotione
1442 2489 1525 2553 arga

228 2576 260 2638 S.
283 2575 328 2640 M.
354 2575 385 2638 S.
409 2581 444 2638 et
472 2595 586 2638 amore
610 2597 692 2660 erga
725 2575 880 2638 Patriam
912 2579 1097 2658 provocati,
1130 2575 1247 2640 liberis
1280 2574 1528 2640 Oblationibus

228 2681 416 2745 notabilem
440 2679 587 2744 fundum
611 2679 855 2765 conflaverunt,
878 2689 918 2746 ut
942 2681 1136 2747 Nationalis
1155 2681 1341 2746 Academia
1360 2682 1528 2746 militaris

229 2792 266 2852 in
287 2789 411 2874 Regno
434 2790 530 2874 erigi,
563 2794 598 2851 et
632 2788 755 2852 Studia
787 2787 953 2853 militaria
986 2791 1180 2872 promoveri
1213 2792 1351 2873 possint,
1384 2785 1527 2871 adjuvit

229 2901 371 2960 conatus
410 2894 666 2981 Angustissima
712 2895 919 2979 Imperatrix
958 2904 993 2961 et
1031 2898 1176 2982 Regina,
1216 2919 1276 2981 per
1313 2895 1527 2981 singularem

229 3024 364 3086 prorsus
389 3002 686 3086 Munificentiam‚⁹
706 3001 737 3068 S.
759 3003 804 3067 M.
830 3025 912 3069 vero
936 3003 968 3068 S.
984 3005 1061 3069 Rex
1084 3010 1204 3068 noster
1226 3004 1527 3069 Clementissimus

228 3113 319 3175 votis
344 3109 401 3174 SS.
420 3117 454 3173 et
476 3109 644 3173 Ordinum
660 3109 810 3194 benigna
826 3131 886 3173 sua
902 3107 1162 3194 Approbatione
1182 3112 1312 3192 annuit,
1329 3117 1364 3173 et
1380 3109 1527 3193 nequid-

228 3238 331 3303 quam
354 3216 561 3281 Institutum
584 3217 669 3281 adeo
698 3217 784 3281 utile
816 3224 1016 3300 moraretur,
1048 3217 1149 3280 aedas
1181 3215 1264 3281 olim
1297 3216 1527 3281 Therasianas

229 3327 327 3389 Vacii
351 3325 540 3390 illocandae
563 3323 770 3388 Academiae
794 3325 939 3388 militari
961 3324 1124 3406 donavit3
1150 3323 1208 3389 SS.
1232 3331 1267 3388 at
1291 3323 1359 3389 00.
1384 3324 1526 3388 'Phrone

229 3435 375 3498 Suaram
408 3431 631 3516 Majestatum
655 3432 863 3515 circumfusi,
887 3435 1078 3518 gratissimi
1105 3455 1144 3496 ao
1168 3432 1384 3497 devotissimi
1417 3433 1525 3495 animi

229 3563 325 3605 sensa
374 3543 612 3624 exprimentes²
659 3543 897 3623 impetrarunt,
944 3546 984 3603 ut
1029 3537 1217 3605 Academia
1262 3540 1347 3605 haec
1398 3541 1525 3602 amoris

230 3646 408 3733 Augustae
433 3647 599 3710 Dominae
632 3648 669 3709 in
701 3646 850 3710 Gentem
883 3646 1087 3732 Himgaram
1119 3650 1318 3711 memoriam
1346 3667 1524 3710 conserva-

232 3767 318 3836 tura,
343 3753 529 3819 Ludovicoa
553 3753 753 3836 appellatur.

338 3861 395 3925 SS.
419 3866 454 3923 et
479 3859 546 3925 00.
570 3860 801 3925 coordinando
824 3861 905 3925 huic
929 3863 1012 3926 adeo
1037 3861 1125 3945 utili,
1149 3869 1184 3926 et
1207 3862 1397 3925 necessario
1421 3859 1524 3923 Insti-

230 3979 307 4034 tuto
330 3988 470 4032 manum
498 3969 688 4052 evestigio
713 3967 945 4052 admoventes
979 3967 1125 4054 benigne
1158 3974 1332 4032 annuente
1364 3967 1396 4031 S.
1421 3969 1467 4032 M.
1492 3967 1522 4031 S.

230 4079 455 4162 ‹lecreverunt
467 4097 473 4138 :

338 4184 366 4260 ξ.
391 4183 419 4248 1.
444 4183 637 4248 Nationalis
670 4181 856 4248 Academia.
890 4183 1050 4247 militaris
1074 4183 1173 4248 Vaoii
1197 4185 1233 4247 in
1256 4181 1413 4248 Aedibus
1441 4182 1522 4246 olim

230 4291 447 4355 Therasianis
471 4291 675 4374 collocanda,
709 4299 748 4355 ut
781 4293 906 4355 amoris
936 4289 1115 4376 Augustae
1139 4289 1225 4374 Imp.
1249 4298 1284 4355 et
1307 4291 1463 4376 Reginae
1488 4291 1522 4352 in

230 4399 378 4462 Gentem
401 4399 604 4485 Hungaram
628 4402 826 4463 memoriam
851 4407 1037 4482 conservet,
1061 4399 1251 4485 Gentisque
1275 4399 1463 4485 Hungarae
1488 4399 1522 4460 in

338 4591 464 4645 ⁹MAria
492 4591 650 4645 Ludovika
678 4589 832 4661 kiralyndt
851 4606 867 4642 a
886 4588 967 4643 dieta
995 4590 1159 4645 koronazta
1186 4606 1262 4660 meg.
1292 4591 1319 4643 A
1347 4589 1523 4644 koronazasi

229 4679 398 4750 ajanddkot,
419 4681 518 4747 50‚000
537 4679 619 4744 frtot,
640 4699 657 4733 a
676 4681 800 4734 katonai
820 4678 975 4734 akademia
995 4679 1133 4750 czdljaira
1152 4679 1301 4749 ajinlotta
1319 4680 1369 4735 fel.
