3154 5202
1304 333 1372 397 359

61 532 259 597 iudiciario
292 532 510 596 condemnati
548 531 686 612 fuerint,
710 532 747 595 in
771 553 887 596 eorum
911 534 1071 614 personis,
1105 531 1149 594 ad
1173 533 1373 616 quorumvis

62 639 289 720 instantiam,
312 640 369 704 vel
402 639 565 706 clamores
598 645 659 702 aut
683 660 806 721 preces,
846 655 1014 722 nusquam
1046 646 1081 703 et
1107 661 1166 722 per
1199 640 1370 702 neminem

62 743 227 810 detineri
256 749 395 830 possint.
428 746 589 811 Violatur
610 753 728 810 tamen
760 745 843 808 haec
866 744 1007 810 libertas
1040 749 1076 810 in
1113 745 1224 828 factis,
1247 747 1371 810 causis-

62 874 166 936 quae
199 851 434 918 criminalibus
467 859 551 935 puta
589 835 774 916 homicidio
807 850 1006 934 deliberato,
1038 852 1200 917 villarum
1234 852 1370 917 combu-

62 964 198 1037 stione,
223 961 382 1046 furtoque
407 966 442 1024 et
474 961 602 1042 rapina,
634 980 694 1022 seu
725 958 906 1022 latrocinio
939 966 1042 1043 atque
1075 962 1180 1024 etiam
1218 960 1371 1024 violento

63 1069 258 1150 adulteria
281 1071 318 1132 in
334 1065 458 1152 quibus
482 1065 644 1130 honorem
668 1065 878 1150 titulumque
902 1073 936 1128 et
957 1065 1153 1130 libertatem
1177 1066 1371 1130 nobilitatis

63 1175 226 1259 quilibet
250 1177 391 1240 amittit.
423 1175 471 1239 Et
504 1176 552 1238 sic
585 1175 713 1257 poterit
745 1177 850 1238 etiarn
883 1195 942 1258 per
975 1175 1139 1238 rusticam
1172 1196 1311 1238 manum
1334 1176 1371 1238 in

63 1281 152 1345 loco
180 1281 298 1346 delicti
325 1289 361 1346 et
385 1282 537 1345 oriminis
561 1281 741 1360 commissi,
764 1279 870 1344 libere
904 1301 1037 1363 semper
1059 1281 1139 1344 talis
1164 1281 1320 1364 detineri,
1336 1290 1371 1346 et

59 1384 178 1469 juxta
201 1409 277 1452 suos
305 1410 461 1453 excessus
484 1388 711 1470 condemnari,
728 1391 909 1473 punirique
933 1392 1055 1452 merito
1071 1388 1211 1454 valebit.
1228 1390 1371 1454 Verum-

65 1503 195 1559 tamen
218 1499 247 1560 si
270 1497 312 1560 de
336 1497 410 1561 loco
433 1495 553 1560 delicti
591 1495 776 1580 aufugerit,
809 1503 844 1559 ct
867 1517 987 1559 manus
1011 1495 1269 1562 adversantium
1294 1520 1371 1562 eva-

65 1609 172 1689 serit,
202 1615 319 1690 postea
350 1627 420 1670 non
451 1605 554 1669 aliter
585 1607 653 1668 nisi
691 1607 854 1669 citatione
887 1604 944 1668 vel
976 1606 1155 1668 vocatione
1189 1605 1370 1684 mediante,

67 1733 302 1798 processuque
326 1713 472 1778 iuridico
495 1712 651 1777 damnari
674 1721 708 1776 et
733 1715 892 1796 agravari
915 1711 1064 1776 debebit.

187 1817 350 1886 Secundo
375 1818 525 1901 libertas
549 1821 638 1904 quod
663 1819 795 1884 nobiles
828 1821 936 1884 totius
969 1822 1075 1903 regni,
1108 1819 1236 1883 nullius
1277 1841 1370 1903 prae-

67 1935 237 2012 terquam
264 1931 426 2012 principis
448 1928 603 2013 legitime
627 1929 780 1993 coronati
796 1926 931 1991 subsint
956 1931 1128 2010 potestati,
1144 1934 1179 1992 et
1201 1930 1273 2011 ipse
1290 1949 1371 2012 quo-

67 2057 144 2120 que
169 2037 333 2120 Princeps
348 2043 465 2101 noster
480 2037 523 2100 ad
540 2036 729 2120 simplicem
746 2035 918 2119 querelam
941 2043 976 2099 et
992 2037 1167 2100 sinistram
1182 2039 1371 2121 suggestio-

69 2167 158 2209 nem
191 2145 335 2209 alicuius
367 2146 539 2208 neminem
572 2153 706 2229 praeter
736 2147 830 2208 viam
854 2146 938 2208 iuris
970 2151 1006 2208 et
1033 2144 1141 2207 altera
1174 2149 1269 2226 parte
1302 2165 1371 2208 non

69 2255 198 2318 audita
230 2256 268 2317 in
301 2273 451 2336 persona,
474 2252 531 2315 vel
563 2251 665 2316 rebus
688 2253 767 2334 suis,
799 2251 971 2314 ordinaria
994 2251 1180 2314 autoritate
1204 2251 1370 2333 impedire

70 2369 201 2442 potest.

190 2463 308 2531 Terlia
333 2473 394 2546 est,
427 2465 518 2549 quod
543 2467 643 2528 iustis
676 2485 793 2528 corum
816 2463 949 2528 iuribus
978 2473 1013 2528 et
1037 2463 1195 2529 omnibus
1228 2485 1371 2546 proven-

71 2575 172 2638 tibus
199 2577 289 2640 intra
323 2574 489 2638 terminos
511 2573 764 2636 territoriorum
796 2594 934 2636 suorum
958 2571 1202 2651 adiacentibus
1227 2571 1370 2636 liberam

70 2703 218 2765 semper,
252 2689 352 2764 prout
384 2679 515 2752 volunt,
549 2676 686 2740 fruendi
719 2675 848 2741 habent
882 2685 1095 2760 potestatem,
1127 2678 1171 2742 ab
1210 2681 1369 2763 omnique

69 2789 326 2853 conditionaria
365 2789 532 2850 servitute
570 2807 609 2848 ac
648 2785 829 2867 datiarum,
877 2785 1105 2868 collectarum,
1152 2784 1370 2866 tributorum,

69 2896 302 2981 vectigalium
340 2895 656 2976 tricesimammque
682 2891 860 2974 solutione,
893 2913 953 2974 per
985 2893 1098 2954 omnia
1130 2893 1299 2955 immunes
1331 2913 1370 2954 ac

70 3005 229 3086 exempti
274 3002 453 3082 habentur,
501 3000 650 3064 militare
697 3000 867 3064 duntaxat
914 3020 974 3082 pro
1019 3002 1118 3083 regni
1173 2999 1369 3064 defensione

71 3117 249 3174 tenentur.

188 3213 324 3299 Quarto
350 3217 402 3296 (nt
440 3215 590 3299 reliquae
629 3213 852 3297 praeteream)
892 3221 927 3277 et
959 3213 1082 3278 ultima
1120 3221 1180 3295 est,
1211 3215 1301 3298 quod
1342 3217 1371 3278 si

71 3329 248 3412 quispiam
270 3324 408 3407 Regum
431 3329 466 3385 et
491 3323 682 3404 principum
713 3327 916 3402 nostrorum,
949 3319 1169 3385 libertatibus
1191 3319 1371 3384 Nobilium

71 3437 114 3497 in
139 3431 292 3517 generali
317 3430 454 3494 decreto
478 3429 757 3494 excellentissimi
780 3429 935 3513 Principi
967 3430 1138 3514 quondam
1163 3429 1301 3493 domino
1324 3428 1370 3492 Π.

71 3539 216 3604 Andrae
248 3538 364 3622 Regis,
388 3543 613 3621 cognomento
652 3537 959 3621 Hierosolymitani
984 3537 1040 3617 (ad
1066 3537 1155 3620 quod
1190 3535 1371 3600 observan-

72 3645 160 3708 dum
183 3643 330 3728 quilibet
362 3643 499 3728 Regum
531 3643 740 3728 Hungariae,
779 3645 977 3728 priusquam
1010 3665 1108 3707 snum
1140 3651 1243 3724 caput
1276 3663 1370 3705 sacro

72 3753 283 3836 dyademate
317 3757 545 3832 coronaretur,
569 3759 819 3815 sacramentum
861 3759 1031 3833 praestare
1055 3749 1154 3828 solet)
1188 3750 1370 3814 declaratis

72 3869 110 3923 et
139 3862 316 3942 expressis,
340 3861 577 3922 contravenire
604 3865 802 3942 attentaret,
834 3866 918 3922 tunc
942 3861 1013 3922 sine
1038 3865 1118 3922 nota
1151 3859 1296 3922 alicuius
1320 3860 1370 3921 in-

72 3967 265 4048 fidelitatis,
289 3965 432 4031 liberam
456 3965 509 4029 illi
532 3966 714 4029 resistendi
738 3974 773 4029 et
805 3967 1061 4031 contradicendi
1084 3965 1213 4030 habent
1237 3969 1274 4030 in
1298 3987 1370 4048 per·

73 4080 220 4157 petuum
255 4071 465 4136 facultatem.
498 4071 565 4136 Per
588 4072 720 4136 nobiles
751 4080 866 4137 autem
899 4074 963 4137 hoc
995 4075 1032 4137 in
1057 4074 1130 4137 loco
1163 4073 1371 4159 generaliter

73 4181 255 4242 universos
287 4179 451 4242 Dominos
484 4179 669 4261 Praelatos,
702 4180 860 4262 Berones,
889 4189 1106 4265 caeterosque
1130 4181 1311 4264 Magnetes
1336 4187 1370 4242 et

73 4285 162 4348 alios
186 4287 284 4370 regni
307 4285 410 4348 huius
434 4307 588 4368 proceres
611 4286 776 4371 intellige,
800 4290 861 4371 qui
884 4287 999 4366 (sicuti
1024 4295 1280 4370 praenarrntnm
1304 4286 1369 4364 est)

76 4415 146 4456 una
170 4392 389 4477 eiusdemque
413 4391 585 4456 libertatis
610 4396 847 4477 praerogativa
872 4417 1003 4477 semper
1026 4397 1238 4458 muniuntur.

185 4497 252 4562 Tit.
277 4499 322 4562 X.
345 4499 433 4576 Quia
458 4500 589 4564 dictum
613 4507 665 4563 est
689 4504 852 4584 superius
877 4503 966 4587 quod
991 4505 1101 4566 omnis
1125 4501 1310 4565 liberitatis
1334 4509 1369 4565 et

77 4607 358 4688 possessionariae
397 4607 589 4671 collationis
629 4608 780 4690 plenaria
820 4615 969 4691 potestas
1008 4613 1043 4672 in
1083 4611 1279 4692 Principem
1312 4629 1370 4672 no-
