3182 5210
1318 346 1382 410 175

84 542 184 616 beldl
221 544 284 616 esd
321 543 584 616 hasznaletlou
620 569 781 641 magyer
818 544 990 618 foldeket
1025 546 1066 617 is.
1113 544 1151 617 A
1189 545 1381 642 kunssigot

82 667 210 764 pedig,
250 669 450 759 nemzetiil,
487 693 509 740 a
545 693 707 766 megyar
743 669 939 766 nemesseg
986 671 1297 767 saebadsagaival
1342 672 1380 744 es

82 791 384 890 kive'tltseigeival
410 795 573 868 ruhazza
601 794 660 867 sel.
688 794 762 891 Igy
791 820 831 868 ez
859 821 882 866 a
910 795 1072 889 tdrveny
1098 797 1210 870 lette
1229 795 1380 893 kriusetg

81 917 406 1014 megteritesenek
434 920 473 992 es
493 945 515 991 a
535 922 815 1017 magyersegbe
835 920 921 994 valo
940 921 1278 996 beolvesztesanak
1303 922 1380 1018 leg·

82 1044 241 1116 erosebb
267 1043 544 1138 eldmozditdja.
573 1044 631 1118 Aa
673 1046 849 1120 laec-iri
887 1044 968 1118 kun
1006 1044 1162 1119 felkeles
1200 1053 1260 1120 eat
1297 1047 1379 1120 hat-

80 1169 246 1242 raltetta
274 1195 403 1265 ugyun
433 1195 506 1266 egy
534 1171 647 1266 ideig,
685 1173 732 1244 de
770 1170 879 1246 encta
917 1197 937 1243 e
974 1171 1158 1246 tiirteneti
1195 1173 1379 1265 folyamat

4 1385 5 1392 ἵ
79 1293 418 1368 saltartoztathato
445 1320 532 1368 uem
561 1297 650 1385 volt,
678 1297 768 1393 mig,
791 1296 1006 1370 kiiriilbelol
1025 1297 1178 1390 Metyris
1197 1298 1378 1388 herebac,

78 1420 191 1514 teljes
219 1421 444 1516 befejezesre
472 1446 560 1494 nem
585 1422 717 1516 jutott.

190 1545 229 1618 A
266 1544 347 1618 kun
385 1546 597 1639 torvenyek
633 1547 676 1618 ki
714 1547 868 1619 vannak
906 1549 1004 1620 edva
1034 1573 1056 1619 a
1084 1547 1196 1644 Feje'r
1224 1547 1262 1621 Ο.
1291 1547 1377 1647 Dip.

78 1667 124 1741 V.
136 1670 221 1745 2.es
241 1670 447 1744 Endh‘oher
465 1671 715 1744 Monumente
736 1675 957 1744 554-565.
978 1673 1199 1746 Mindkett6
1219 1673 1376 1764 Ferleti,

77 1795 279 1889 Illyricum
307 1795 465 1870 Sacrum
494 1798 540 1874 V.
568 1798 605 1870 k.
633 1798 737 1870 utdn.

289 2145 361 2215 IV.
385 2145 534 2216 Lsszle
559 2147 761 2237 ttrvenye
785 2167 810 2217 a
834 2145 1043 2217 kunokrol
1065 2145 1171 2218 1279.

187 2367 370 2432 Ladislaus
398 2367 455 2432 dei
486 2369 602 2452 gracia
636 2369 824 2453 Hungarie,
857 2368 1042 2450 Dalmaoie,
1075 2367 1225 2450 Croacie,
1257 2369 1375 2450 Reme,

3 2547 5 2556 Ι
78 2475 209 2556 Servis,
234 2473 391 2557 Gallicis,
414 2474 627 2557 Lodomerie,
650 2475 827 2556 Cumanis,
850 2475 1082 2560 Bulgarieque
1115 2497 1183 2557 rex,
1217 2474 1374 2540 omnibus

3 2563 5 2568 ι
76 2583 200 2647 christi
223 2579 385 2646 fidelibus
409 2587 583 2663 presentes
606 2583 811 2664 inspecturis
835 2581 982 2646 salutem
1005 2583 1042 2645 in
1074 2587 1212 2647 auctore
1245 2582 1374 2646 salutis.

184 2688 314 2752 Divine
337 2689 552 2752 visitacionis
575 2687 763 2770 exordium,
787 2708 854 2772 quo
877 2709 939 2752 uos
963 2688 1121 2752 dominus
1144 2709 1247 2752 verus
1262 2691 1374 2754 oriens

3 2793 4 2796 ’
77 2797 238 2859 visitavit
262 2817 304 2858 ex
328 2794 408 2876 alte,
432 2815 499 2879 quo
523 2801 639 2858 sancte
664 2797 784 2858 matris
816 2794 1006 2860 visceribus
1029 2796 1221 2860 adunamur
1244 2795 1373 2860 lumine

3 2955 5 2962 .
77 2901 246 2966 catholice
265 2901 347 2966 fidei
371 2901 546 2984 illustrati,
570 2903 607 2965 in
631 2904 848 2986 progenitore
871 2909 988 2969 nostro
1021 2909 1138 2966 sancto
1170 2901 1267 2988 Rege
1300 2904 1374 2968 Ste-

78 3009 198 3093 phane,
221 3031 242 3074 e
266 3017 480 3090 sacrosancta
504 3031 643 3074 romena
667 3010 808 3074 ecclesie
831 3011 1105 3094 recognoscimus
1128 3017 1169 3074 ut
1201 3009 1373 3093 debemus,

3 3131 5 3184 ἴ
80 3121 211 3201 inipso
237 3119 329 3182 enim
353 3118 542 3183 orthodoxe
575 3117 665 3201 fidei,
699 3120 818 3183 divina
850 3117 991 3182 afflante
1025 3119 1207 3183 clementia
1239 3141 1372 3184 sacrum

3 3219 5 3276 ἕ
78 3225 247 3290 redolevit
271 3232 496 3309 unguentum,
520 3226 557 3288 in
580 3226 663 3307 ipsu,
687 3223 860 3288 alludicne
884 3225 1019 3290 celestis
1041 3227 1155 3309 grecie
1172 3224 1372 3309 pullulante,

77 3351 140 3396 una
166 3354 246 3396 cum
270 3333 494 3396 serenissimis
517 3331 657 3417 regibus
680 3333 859 3417 Hungarie
883 3332 974 3396 claro
997 3323 1151 3417 germine
1168 3333 1372 3398 descenden-

3 3495 4 3500 ,
77 3439 177 3522 tibus,
201 3437 245 3502 ab
270 3438 389 3502 eedem
413 3441 512 3523 regni
534 3437 806 3524 gubernaculum
835 3440 1044 3522 suscepimus
1077 3445 1112 3502 et
1145 3460 1312 3521 coronam,
1337 3447 1371 3504 et

77 3555 112 3610 ut
144 3549 381 3630 principatum
412 3545 493 3611 fidei
525 3548 561 3610 in
595 3554 807 3611 sacrosancte
840 3568 979 3610 romana
1013 3545 1154 3610 ecclesie
1178 3548 1371 3629 consistere,

77 3654 287 3738 eandemque
309 3653 442 3718 Christi
465 3653 657 3718 thalammn
680 3661 714 3717 et
739 3651 921 3716 Trinitatis
945 3652 1137 3736 hospicium
1160 3653 1371 3717 luculencius

77 3759 335 3844 demonstraret,
358 3783 427 3826 non
450 3783 469 3824 a
493 3783 528 3825 se
551 3761 608 3825 vel
631 3759 674 3825 ab
697 3759 774 3841 alio,
798 3762 857 3826 sed
881 3761 924 3824 ab
940 3763 1060 3825 eadem
1075 3761 1215 3824 ecclesia
1232 3783 1371 3825 romana

76 3875 183 3932 matre
217 3870 373 3933 omnium
405 3875 441 3932 et
473 3870 648 3954 magistra,
683 3870 782 3953 regni
815 3869 973 3933 diadema
1005 3868 1217 3934 revelacione
1251 3868 1369 3933 divina

3 3981 4 4002 ¹
76 3977 201 4039 meruit
226 3974 392 4058 obtinere,
417 3981 457 4040 ut
481 3974 525 4039 ab
548 3997 587 4038 ee
610 3976 709 4059 quasi
732 3975 881 4059 quodam
913 3977 1024 4057 capite
1058 3975 1248 4058 principali,
1281 3976 1369 4040 dona

77 4097 134 4140 sua
150 4080 187 4142 in
203 4099 306 4144 omne
326 4099 447 4162 corpus
466 4079 659 4144 effunderet
675 4079 735 4143 lux
751 4080 879 4162 divina,
896 4088 931 4144 et
947 4088 1118 4145 exsortem
1134 4103 1169 4145 se
1186 4083 1371 4145 ministerii

79 4184 291 4270 intelligeret
315 4207 386 4250 esse
410 4187 531 4267 divini,
554 4189 614 4272 qui
637 4209 656 4249 a
681 4187 777 4252 Petri
801 4188 975 4252 soliditate
1000 4189 1173 4253 recederet
1190 4189 1369 4252 deviando,

75 4295 123 4359 Et
144 4295 224 4380 quia
248 4293 338 4358 nihil
361 4300 414 4358 est
437 4294 528 4379 quod
553 4294 682 4358 lumine
705 4294 847 4358 clariore
872 4293 1067 4379 perfulgeat
1090 4316 1194 4380 quarn
1217 4297 1254 4359 in
1278 4298 1369 4379 prin-

75 4403 148 4484 cipe
180 4407 274 4465 recta
306 4399 401 4484 fides,
434 4403 610 4484 cupientes
642 4407 717 4466 toto
751 4403 877 4465 mentis
910 4405 1032 4466 annisu
1066 4405 1254 4466 tentorium
1287 4402 1369 4466 fidei

74 4507 242 4572 dominice
275 4507 449 4590 ampliare,
481 4509 634 4574 eiusdem
662 4511 869 4572 sanctissimi
892 4511 983 4594 regis
1012 4509 1179 4592 Stephani
1211 4513 1368 4594 progeni-

74 4616 159 4678 toris
182 4617 291 4682 nostri
312 4617 472 4701 vestigiis
496 4636 555 4699 pro
579 4614 718 4680 modulo
742 4616 946 4697 inherentes,
970 4626 1009 4682 ut
1036 4619 1073 4680 in
1097 4639 1211 4681 aream
1237 4617 1367 4682 domini
