3182 5208
206 321 249 386 60

108 575 109 578 ,
204 525 274 582 tres
298 536 439 600 persone
462 516 631 598 dieantur,
655 537 722 580 una
746 522 863 582 tamen
890 499 1084 582 substantia
1108 515 1270 583 ereditur.
1304 515 1375 582 Neo
1407 518 1497 580 sieut

203 631 286 714 tres¹
298 644 457 707 personas
472 625 522 687 ita
546 631 616 688 tres
635 621 846 688 substantias
870 624 1036 708 praedico,
1059 623 1120 688 sed·
1135 643 1239 688 unam
1257 621 1497 704 substantiam,

203 740 273 794 tres
297 736 413 794 autem
437 749 604 812 personas.
628 727 726 806 Quod
750 731 842 794 enim
876 736 972 812 pater
1004 737 1149 794 estnon
1171 729 1215 792 ad
1238 728 1346 796 alium
1368 731 1428 794 sed
1452 732 1496 796 ad

204 835 323 920 filium,
346 843 381 900 et
404 836 495 921 quod
519 835 611 901 filius
634 842 695 918 est,
719 857 788 904 non
810 837 854 902 ad
878 859 922 920 se,
946 835 1005 902 sed
1028 836 1072 902 ad
1097 843 1230 920 patrem
1246 844 1306 902 est.
1327 837 1497 904 Similiter

203 946 346 1027 spiritus
377 951 516 1008 sanatus
547 964 617 1009 non
648 944 691 1008 ad
724 966 769 1027 se,
801 945 860 1010 sed
892 945 936 1009 ad
971 951 1102 1030 patrem
1139 937 1175 1009 ei
1207 943 1319 1010 filium
1351 945 1497 1011 relative

204 1049 361 1134 refertur,
393 1053 502 1130 ineo,
535 1052 626 1136 quod
650 1051 792 1134 spiritus
817 1054 924 1136 patris
948 1059 983 1116 et
1006 1049 1070 1116 filii
1099 1051 1324 1136 praedicatur.
1357 1051 1399 1116 In
1433 1053 1497 1118 hae

204 1179 285 1244 ergo
318 1165 416 1224 santa
447 1161 607 1224 trinitate
639 1167 710 1224 tres
734 1179 893 1242 personas
927 1181 1034 1226 unum
1066 1159 1169 1224 deum
1201 1157 1373 1224 confiteor.
1402 1161 1497 1246 Ergo

203 1283 272 1330 non
295 1267 416 1348 ipsum,
439 1268 500 1350 qui
524 1272 622 1348 pater
644 1273 706 1349 est,
730 1265 807 1332 dieo
830 1289 902 1332 esse
926 1265 1045 1350 filium,
1065 1263 1122 1332 vel
1144 1267 1306 1350 spiritum
1329 1273 1497 1348 sanatum,

203 1395 265 1438 nee
289 1375 402 1455 ipsum
425 1371 535 1438 filium
559 1379 700 1458 patrem,
733 1383 793 1439 aut
817 1377 978 1457 spiritum
1001 1380 1158 1440 sanetum
1181 1371 1301 1456 fateor,
1329 1373 1386 1438 vel
1409 1396 1497 1458 eum,

203 1482 263 1565 qui
287 1489 340 1545 est
363 1469 514 1564 spiritus
528 1489 666 1546 sanctus
691 1489 823 1564 patrem
846 1481 903 1546 vel
925 1481 1036 1546 filium
1060 1481 1173 1546 dioere
1196 1481 1303 1561 valeo,
1329 1481 1389 1546 sed
1405 1483 1496 1566 quod

205 1595 302 1671 pater
324 1595 385 1672 est,
418 1587 482 1654 hoo
506 1609 577 1654 esse
601 1587 720 1672 filium,
752 1591 817 1656 hoo
840 1611 912 1654 esse
945 1591 1106 1672 spiritum
1138 1598 1295 1656 sanatum
1329 1593 1402 1654 sine
1426 1591 1496 1655 ulla

203 1693 431 1782 ambiguitate
456 1699 648 1779 pronuntio.
673 1695 838 1762 Personas
861 1719 941 1762 oum
959 1697 1145 1783 distingue,
1168 1719 1237 1762 non
1253 1705 1413 1764 naturam
1427 1698 1497 1764 dei-

95 1842 98 1852 s
203 1806 287 1868 tatis
309 1825 437 1888 separo.
463 1803 547 1869 Tres
570 1825 652 1890 ergo
674 1805 753 1870 illas
777 1807 877 1870 unius
901 1813 1005 1890 atque
1024 1804 1261 1888 inseparabilis
1285 1812 1407 1870 nature
1425 1827 1497 1888 per-

203 1932 311 1995 sonas,
343 1915 432 1977 siout
464 1933 534 1976 non
565 1909 747 1994 confunde,
779 1914 829 1976 ita
862 1910 1067 1995 separabiles
1099 1911 1296 1978 nullatenus
1330 1913 1507 1996 praedioo,

201 2041 282 2086 eum
304 2020 399 2086 nulla
415 2029 495 2088 ante
511 2020 623 2104 aliam,
647 2019 741 2086 nulla
759 2020 945 2103 paraliam,
969 2019 1064 2084 nulla
1080 2021 1153 2084 sine
1169 2019 1244 2102 alia,
1264 2020 1321 2086 vel
1340 2022 1496 2086 extitisse

203 2128 260 2192 vel
283 2130 461 2212 quippiam
483 2149 638 2212 operasse
662 2127 795 2212 aliquin
817 2127 985 2192 credatur.
1010 2126 1258 2211 inseparabiles
1281 2132 1374 2192 enim
1402 2131 1497 2194 inve-

203 2237 348 2300 niuntur
371 2239 408 2300 in
431 2258 479 2318 eo,
495 2235 587 2320 quod
610 2241 700 2317 sunt,
724 2241 758 2298 et
777 2237 815 2298 in
830 2255 869 2298 eo
885 2233 976 2319 quod
993 2233 1135 2298 faciunt.
1160 2233 1276 2299 Habet
1289 2238 1382 2300 enim
1399 2243 1497 2319 pater

203 2345 423 2408 eternitatem
438 2346 511 2408 sine
527 2344 722 2426 nativitate,
740 2340 832 2408 filius
848 2344 1068 2406 eternitatem
1083 2365 1161 2408 eum
1177 2344 1373 2426 nativitate,
1399 2344 1497 2426 spiri·

202 2461 259 2516 tus
286 2474 369 2518 vero
392 2459 530 2518 sanetus
562 2453 783 2516 eternitatem
815 2452 1037 2535 processionis
1070 2473 1090 2514 a
1123 2459 1219 2534 patre
1249 2457 1286 2516 et
1319 2450 1391 2516 filio
1423 2454 1496 2515 sine

202 2563 397 2624 nativitate.
421 2559 473 2624 De
496 2559 550 2636 his¹
566 2581 647 2644 ergo
671 2558 783 2624 tribus
801 2561 952 2642 personis
972 2557 1042 2623 sola
1066 2557 1131 2623 filii
1156 2580 1297 2642 persona
1321 2557 1495 2624 hominem

202 2689 323 2730 verum
346 2669 419 2730 sine
453 2671 591 2749 peceato
616 2687 676 2749 pro
709 2664 913 2730 liberatione
945 2667 1080 2750 generis
1113 2665 1256 2730 humani
1287 2687 1307 2728 a
1335 2665 1496 2732 MARIA

202 2775 338 2858 virgine
371 2793 460 2837 novo
494 2772 612 2836 ordine
651 2755 810 2856 novoque,
839 2766 1029 2848 nativitate
1057 2773 1202 2854 sumpsit
1234 2771 1334 2836 Novo
1366 2772 1495 2854 ordine,

202 2883 283 2966 quia
306 2878 492 2944 invisibilis
515 2882 552 2944 in
575 2879 769 2960 divinitate,
792 2877 942 2944 visibilis
965 2886 1176 2944 monstratur
1199 2881 1236 2943 in
1259 2901 1369 2943 earne.
1396 2879 1495 2944 Nova

202 2996 318 3054 autem
341 2990 526 3052 nativitate
551 2995 602 3050 est
625 2988 772 3072 genitus,
797 2988 877 3071 quia
893 2988 1091 3068 incorrupta
1106 2988 1291 3071 virginitas
1307 2993 1342 3050 at
1358 2986 1496 3050 virilem

202 3098 331 3161 coitum
346 3096 502 3176 nescivit,
525 3101 560 3157 et
576 3091 723 3158 fecunda
743 3113 802 3175 per
817 3094 977 3174 spiritum
1001 3099 1158 3156 sanetum
1181 3095 1292 3156 earnis
1315 3095 1496 3158 materiam

202 3203 422 3266 ministravit.
454 3201 520 3266 Dei
552 3202 644 3264 enim
674 3199 766 3264 filius
799 3220 867 3264 non
892 3219 1068 3282 personam
1090 3199 1240 3264 hominis
1263 3202 1403 3284 aooepit,
1436 3199 1495 3264 sed

201 3317 370 3373 naturam.
393 3307 571 3389 Naturam,
595 3309 687 3370 enim
711 3313 863 3370 nostram
879 3308 916 3369 in
930 3308 1101 3378 unitatem
1124 3328 1183 3370 sue
1208 3327 1349 3389 persone
1367 3329 1497 3372 assum·

203 3420 279 3501 psit,
303 3424 338 3479 et
362 3415 489 3480 ideireo
512 3413 605 3480 filius
628 3415 685 3478 dei
708 3421 742 3478 et
766 3414 858 3480 filius
880 3413 1028 3478 hominis
1053 3437 1140 3478 unus
1164 3423 1215 3479 est
1240 3415 1408 3480 Christus.

209 3577 215 3583 ..
309 3523 352 3588 In
374 3543 413 3586 eo
436 3543 583 3606 namque
607 3521 698 3606 quod
722 3519 814 3586 filius
837 3529 889 3586 est
913 3521 977 3604 dei,
1010 3521 1140 3606 equalis
1173 3529 1225 3586 est
1259 3524 1358 3606 patri,
1390 3529 1425 3585 et
1459 3523 1498 3586 in

202 3630 355 3714 eoquod
389 3629 481 3696 filius
505 3637 556 3694 est
588 3629 746 3712 hominis,
779 3631 892 3694 minus
916 3635 969 3694 est
993 3637 1099 3712 patre.
1131 3629 1219 3706 Quia
1251 3631 1358 3693 etiam
1390 3651 1432 3692 ex
1456 3651 1497 3694 eo

201 3759 268 3822 quo
291 3737 393 3802 homo
417 3745 469 3802 est
493 3758 553 3820 pro
577 3735 713 3800 delictis
736 3738 861 3800 nostris
895 3737 1085 3818 passionem
1117 3739 1291 3819 sustinuit,
1324 3738 1496 3822 mortique

201 3846 360 3910 addictus
384 3851 419 3909 et
442 3845 536 3908 eruoi
566 3865 685 3910 veram
717 3846 829 3908 earnis
866 3849 1012 3908 mortem
1044 3846 1185 3927 accepit.
1217 3843 1407 3928 Tereiaque
1439 3843 1496 3908 die

201 3954 332 4016 virtute
357 3951 493 4034 propria
517 3953 703 4016 suscitatur
726 3952 768 4016 de
792 3949 979 4033 sepulchre.
1012 3949 1155 4034 Hocque
1183 3949 1338 4033 exemplo
1370 3952 1497 4033 eapitis

201 4061 311 4124 nostri
335 4061 371 4122 in
394 4057 458 4122 hae
482 4080 591 4140 earne,
615 4080 682 4143 qua
705 4079 797 4124 nuno
820 4079 904 4140 sum,
928 4079 1019 4122 nuno
1043 4078 1189 4140 moveor,
1223 4065 1498 4124 resurrecturum

201 4187 254 4230 me
279 4166 388 4230 erede.
411 4165 509 4230 Idem
532 4172 648 4230 autem
672 4165 829 4230 dominus
853 4173 888 4228 et
912 4164 1064 4230 salvator
1079 4173 1203 4248 noster,
1228 4173 1366 4248 peraeto
1385 4187 1498 4230 resur-

201 4275 361 4338 rectionis
385 4295 445 4338 sue
461 4273 645 4356 triumphe,
671 4279 847 4356 paternam
871 4272 985 4336 sedem
1002 4273 1150 4354 repetiit,
1174 4295 1194 4336 a
1209 4295 1276 4358 qua
1293 4294 1353 4358 per
1368 4271 1497 4338 divini-

200 4387 309 4444 tatem
340 4401 516 4467 nunquam
548 4382 696 4445 recessit.
734 4379 821 4444 Inde
853 4383 890 4444 in
922 4379 1064 4444 finemss
1102 4379 1294 4446 seculorum
1326 4387 1497 4445 venturus

311 4614 332 4642 ¹¹
350 4602 441 4659 Innet
460 4604 523 4660 mis
542 4604 611 4660 iriae.
