3160 5212
1282 343 1349 405 293

66 541 242 623 voluntate,
267 540 408 604 consilio
432 546 466 603 et
491 538 746 621 deliberatione,
780 545 951 603 statutum
984 547 1035 603 est
1069 549 1103 602 et
1137 537 1347 604 diffinitum:

63 649 149 726 Quod
171 670 191 712 a
216 649 327 729 modo,
352 648 446 711 nullo
471 669 622 732 unquam
646 654 807 731 tempore,
831 646 972 711 huiusce
996 648 1090 712 modi
1119 646 1346 732 proclamatae

64 759 335 841 congregationes
351 755 575 836 celebrentur,
591 756 650 820 sed
669 758 805 838 penitus
821 763 954 819 cessent
971 763 1005 818 et
1023 763 1186 839 perpetuo
1197 753 1346 818 abolitae

62 867 122 926 sint
144 870 179 926 et
204 861 405 926 habeantur.
428 862 519 926 Item
542 861 740 926 conclusum
763 868 824 942 est,
853 862 943 945 quod
977 865 1083 926 etiam
1117 861 1237 926 breves
1269 883 1347 925 evo-.

62 973 201 1034 cationes
226 969 452 1032 consimiliter
475 976 607 1032 cessent
631 975 666 1031 et
690 967 900 1032 aboleantur.

156 1077 236 1140 Art.
260 1075 325 1140 m.
349 1074 439 1138 Item
463 1076 553 1160 quod
578 1073 724 1160 singulis
757 1077 864 1157 annis,
898 1076 966 1137 nisi
999 1077 1229 1155 intercesserit
1262 1074 1346 1160 legi-

61 1187 133 1248 tima
165 1193 204 1246 et
235 1185 353 1266 gravis
385 1181 500 1267 aliqua
532 1183 663 1267 Regiae
696 1182 889 1246 Maiestatis
922 1187 982 1244 aut
1014 1181 1130 1266 Regni
1153 1185 1345 1266 necessitas,

58 1295 121 1354 sive
153 1290 269 1374 Regia
301 1289 464 1354 Maiestas
492 1297 573 1374 agat
598 1293 635 1353 in
666 1289 789 1373 Regno
822 1309 891 1371 sue,
924 1291 997 1354 sive
1029 1310 1106 1372 non,
1130 1289 1346 1355 celebrentur

58 1399 134 1462 duae
168 1397 339 1462 Octavae:
371 1397 544 1479 videlicet,
577 1397 781 1462 Sanctorum
813 1396 956 1482 Georgii
994 1403 1029 1460 et
1068 1396 1255 1478 Michaelis
1295 1399 1344 1460 ita

57 1505 223 1586 videlicet,
246 1511 285 1569 ut
319 1505 456 1569 illarum
489 1503 683 1586 celebrati0,
715 1527 777 1568 seu
808 1506 937 1587 primus
971 1504 1043 1568 dies
1075 1512 1136 1568 aut
1168 1508 1345 1586 terminus,

56 1616 191 1698 incipiat
217 1615 345 1695 statim,
368 1615 536 1697 vigesima
560 1613 624 1694 die,
650 1619 725 1696 post
749 1610 838 1676 festa
868 1611 1030 1694 praefata.
1062 1610 1105 1674 In
1128 1611 1252 1696 quibus
1276 1612 1344 1676 duo

55 1720 92 1783 ad
113 1722 230 1785 minus
254 1743 296 1785 ex
324 1721 496 1786 iudicibus
520 1722 702 1785 ordinariis
726 1723 889 1784 interesse
913 1718 1069 1784 debeant.
1093 1720 1230 1784 (laeteri
1253 1742 1345 1802 vere,

54 1830 79 1890 si
100 1835 242 1911 propter
265 1836 427 1913 urgentes
451 1828 583 1912 aliquas
606 1831 826 1892 necessitates
850 1830 1013 1890 interesse
1037 1835 1221 1912 nequeunt,
1253 1831 1344 1891 vice-

53 1943 204 2018 gerentes
239 1958 357 2000 eorum
389 1936 612 2000 nihilominus
646 1939 808 2000 interesse
844 1943 1035 1999 teneantur.
1070 1935 1199 1999 Eorum
1227 1942 1343 2000 autern

55 2042 126 2124 loeo,
149 2046 214 2127 qui
238 2047 402 2107 interesse
426 2064 494 2108 non
517 2050 688 2126 poterunt,
712 2045 823 2128 Regia
846 2043 1009 2108 Maiestas
1033 2043 1127 2124 alios,
1160 2065 1202 2106 ex
1235 2042 1343 2106 domi-

54 2153 98 2213 nis
128 2150 302 2214 Praelatis
331 2157 365 2214 et
399 2149 601 2229 Beronibus,
634 2149 842 2227 substituere
876 2150 1017 2214 debeat:
1051 2153 1124 2213 sine
1149 2152 1341 2232 praesentia

53 2266 159 2321 tamen
176 2256 413 2341 praefatorum
429 2255 575 2320 duorum
592 2256 766 2322 Iudicium
789 2258 1049 2339 ordinariorum,
1073 2257 1223 2321 Octavae
1248 2259 1341 2340 ipsae

51 2384 111 2427 nou
143 2364 305 2446 debeant,
329 2386 438 2448 neque
479 2367 609 2446 possint
642 2363 816 2428 celebrari.
848 2364 983 2428 Durent
1017 2372 1133 2428 autem
1165 2385 1341 2450 quousque

52 2475 277 2535 necessarium
299 2470 485 2536 videbitur.
507 2470 597 2536 Item
614 2470 796 2536 definitum
812 2479 882 2536 est:
898 2472 996 2549 Quod
1013 2475 1049 2536 in
1065 2471 1342 2556 Transsylvania,

51 2587 78 2640 et
101 2579 287 2644 Solavonia
311 2579 472 2642 similiter
495 2579 641 2664 singulis
664 2584 763 2644 annis
788 2581 875 2644 duae
891 2579 977 2644 aliae
995 2579 1154 2662 Octavae,
1169 2579 1342 2661 videlicet,

50 2685 321 2770 Epiphaniamm
344 2686 484 2750 Domini
508 2695 542 2751 et
567 2687 686 2751 Sancti
709 2687 833 2754 Jacobi
856 2687 1080 2771 celebrentur,
1114 2696 1148 2750 et
1181 2687 1342 2750 similiter

49 2797 211 2877 vigesima
247 2794 302 2858 die
345 2794 581 2858 huiuscemodi
624 2795 858 2860 festivitatum
898 2795 1102 2860 inchoentur
1141 2804 1176 2858 et
1216 2795 1340 2857 durent

48 2921 221 2986 quousque
245 2904 473 2964 necessarium
496 2902 682 2967 videbitur.

64 3079 69 3090 ยน
146 3009 229 3072 Art.
262 3006 323 3071 IV.
355 3007 445 3071 Item
477 3011 558 3092 quia
591 3008 703 3072 finalis
737 3031 915 3072 causarum
948 3011 1084 3089 decisi0,
1125 3011 1340 3093 potissimum

48 3136 119 3178 rero
136 3119 176 3179 in
194 3113 289 3178 facto
307 3118 576 3198 possessionarm,
594 3139 654 3199 per
676 3119 790 3180 varios
813 3116 893 3180 hinc
917 3117 997 3180 inde
1021 3120 1194 3198 terminos
1213 3119 1341 3180 varias-

47 3243 103 3304 que
132 3222 323 3286 dilationes
347 3225 384 3286 iu
406 3222 548 3307 longum
581 3245 713 3306 serpere
747 3228 934 3308 consuevit,
967 3225 1060 3306 adeo,
1093 3230 1132 3287 ut
1165 3223 1339 3287 interdum

47 3333 98 3393 rix
130 3353 204 3394 una
237 3329 387 3394 hominis
415 3337 528 3393 aetate
552 3329 703 3394 finaliter
726 3353 826 3395 causa
859 3332 973 3416 aliqua
1007 3333 1186 3395 terminari
1218 3336 1340 3413 potest,

48 3449 181 3521 propter
206 3438 299 3521 quod
325 3445 437 3520 partes
462 3436 637 3501 laboribus
660 3445 695 3500 et
719 3442 876 3521 expensis
898 3439 1121 3502 vehementer
1140 3445 1339 3523 gravantur,

45 3555 71 3606 et
95 3565 349 3628 nonnunquam
364 3545 408 3610 ad
426 3551 614 3608 extremam
631 3548 781 3629 inopiam
797 3547 959 3610 devenire
976 3555 1153 3632 coguntur.
1170 3543 1339 3622 Quamob-

47 3673 107 3716 rem
131 3652 337 3716 conclusum
361 3659 421 3733 est,
454 3659 493 3716 ut
526 3675 545 3716 a
577 3654 677 3717 modo
701 3657 881 3718 universae
906 3677 1033 3738 causae,
1057 3659 1162 3718 etiam
1186 3653 1338 3717 infacto

47 3765 293 3840 possessionum
326 3769 361 3823 et
385 3762 512 3824 iurium
545 3764 892 3844 possessionariorum,
925 3783 1039 3825 coram
1071 3765 1193 3846 quovis
1227 3761 1337 3826 iudice

45 3865 201 3950 deinceps
228 3867 424 3949 movendae,
447 3867 574 3951 absque
598 3871 692 3931 omni
712 3872 951 3953 prorogatione
975 3877 1009 3932 et
1034 3869 1208 3950 dilatione,
1232 3890 1338 3933 semo-

45 3988 139 4058 taque
166 3977 267 4038 omni
290 3977 489 4056 exceptione
514 3977 551 4037 in
573 3983 737 4058 quattuor
761 3975 900 4040 Octavis
925 3975 1076 4040 finaliter
1100 3979 1337 4039 terminentur.

142 4082 227 4146 Art.
252 4081 292 4145 V.
315 4079 406 4144 Item
429 4082 627 4144 ordinatum
650 4089 702 4145 est
726 4083 816 4166 quod
841 4091 1028 4166 causantes,
1052 4085 1124 4146 sive
1149 4082 1335 4166 litigantes

46 4189 74 4250 in
100 4191 201 4252 omni
227 4209 326 4251 causa
360 4189 588 4252 concordandi
621 4189 764 4253 liberam
797 4189 946 4254 habeant
981 4190 1199 4254 facultatem:
1233 4191 1336 4253 iudex

44 4315 114 4359 xero
149 4318 213 4360 eos
245 4294 409 4377 inhibere,
442 4318 551 4379 neque
585 4318 644 4378 pro
679 4319 767 4378 pace,
791 4319 850 4361 sen
874 4298 1062 4380 concordia,
1086 4301 1269 4382 quiequam
1293 4297 1336 4362 ab

44 4405 83 4464 es
106 4414 319 4487 extorquere
345 4405 459 4485 possit.

140 4511 225 4574 Art.
247 4509 312 4574 IX.
336 4509 426 4574 Item
449 4515 529 4595 quia
546 4513 583 4574 in
599 4511 751 4594 quolibet
768 4514 934 4574 comitatu
951 4511 1100 4594 Nobiles,
1117 4514 1177 4594 qui
1193 4516 1335 4575 caeteris

41 4632 69 4679 et
92 4618 306 4698 conditione,
330 4623 363 4681 et
389 4617 613 4682 facultatibus
637 4622 855 4701 reperiuntur
878 4619 1065 4701 inferiores,
1083 4639 1142 4701 pro
1159 4618 1335 4684 Iudicibus
