3192 5214
1308 365 1373 428 117

76 559 208 632 kotott
246 558 390 657 frigyet
427 561 569 634 tekinti
606 586 648 634 az
682 561 827 657 egyhaz
865 561 1065 655 tiirvenyes
1102 559 1372 660 hazassagnak.

11 725 13 738 ι
76 681 137 756 Ha
166 689 302 778 epont
330 709 416 757 nem
444 683 602 759 kesdbbi
630 686 812 776 1161611116,
840 685 919 781 rigy
947 687 1097 760 hazank
1125 712 1147 758 6
1174 687 1372 786 hazassagi

71 807 139 902 jog
170 831 191 880 e
221 807 549 884 formulazasaban
567 836 706 885 messae
725 812 933 909 megalbzte
952 811 1228 909 eszaknyugoti
1256 839 1371 887 616111-

74 933 244 1031 szadjait,
271 938 336 1011 hol
363 939 456 1011 csak
475 964 498 1012 a
520 939 652 1013 ararad
680 940 802 1037 regen
829 939 1031 1014 rendeltek
1058 941 1094 1014 61
1121 967 1144 1014 6
1172 941 1369 1039 hazassag·
1450 931 1452 942 ¹

75 1060 186 1134 kbte's
216 1085 306 1135 ezen
334 1063 491 1158 alakjrit.

179 1185 411 1262 Kiadasunk
439 1213 462 1260 a
489 1188 800 1284 Prayooderben
826 1190 920 1280 1616,
948 1215 971 1262 6
993 1187 1103 1262 XIII.
1132 1190 1264 1264 61111611
1293 1191 1369 1267 elad

72 1308 210 1385 fele'bol
239 1314 352 1387 eredo
379 1312 578 1388 keziraton
606 1315 743 1412 alapul.

178 1542 210 1604 1.
234 1540 289 1606 Ex
313 1545 519 1608 auctoritate
540 1544 733 1628 Apostolici
758 1566 817 1628 pro
842 1546 934 1631 regis
956 1545 1068 1610 nostri
1091 1543 1202 1610 salute
1219 1551 1253 1608 et
1269 1545 1368 1630 regni

11 1651 12 1662 ²
70 1649 140 1711 eius
163 1647 361 1714 stabilitate
384 1652 421 1715 in
444 1651 602 1716 omnibus
625 1653 752 1718 cotidie
776 1653 926 1718 ecclesiis
950 1651 1118 1718 orandum
1141 1673 1317 1718 censemus
1333 1657 1367 1714 et

70 1751 230 1820 districte
253 1757 468 1840 precipimus.

175 1861 208 1926 2.
233 1868 273 1926 ut
296 1864 326 1926 si
348 1866 425 1949 quis
448 1873 568 1930 contra
600 1867 691 1952 regis
715 1865 863 1932 salntem
886 1875 947 1932 aut
970 1867 1179 1952 dignitatem
1211 1862 1366 1949 quolibet

11 2049 12 2056 ,
69 1966 166 2031 modo
191 1966 327 2052 aliquid
359 1972 617 2055 conspiraverit,
648 1979 710 2036 6111
742 1975 936 2057 conspirare
968 1971 1100 2058 aliquid
1133 1970 1365 2053 temptaverit,

68 2095 125 2138 seu
156 2075 358 2158 temptandi
389 2078 498 2142 sciens
530 2080 748 2162 consenserit,
785 2080 1106 2162 anathematizetur,
1144 2085 1180 2142 61
1212 2077 1366 2140 omnium

68 2177 225 2246 fidelium
249 2186 485 2249 communione
509 2188 673 2269 pn'votur.

175 2288 207 2354 7.
232 2297 272 2354 ut
296 2288 418 2375 siquis
442 2312 584 2358 uxorem
606 2314 744 2358 exosam
767 2293 897 2360 habens
920 2301 1041 2380 sponte
1057 2315 1093 2358 se
1109 2290 1272 2358 servituti
1286 2286 1364 2353 sub

69 2395 206 2480 diderit,
231 2404 272 2461 ut
286 2395 331 2462 ab
347 2419 448 2463 exosa
470 2407 655 2488 separetur,
679 2421 765 2466 uxor
788 2423 866 2466 eum
889 2401 985 2467 salva
1008 2397 1169 2466 libertate
1193 2403 1364 2494 sequatur,

11 2525 12 2530 ¹
67 2502 165 2568 aliter
189 2505 332 2588 innupti
355 2515 584 2588 permaneant.

11 2579 13 2696 1
171 2611 205 2675 8.
230 2619 270 2676 111
294 2611 411 2678 clerici
443 2613 574 2701 bigami
601 2625 635 2681 61
658 2616 844 2682 viduarum
874 2639 914 2682 66
946 2616 1206 2701 repudiatarum
1237 2615 1363 2695 mariti,

12 2769 13 2772 ¹
67 2717 314 2802 temporalibus
346 2721 486 2788 66616616
518 2722 693 2790 beneficiis
725 2731 759 2790 et
790 2727 924 2790 cunctis
961 2723 1192 2811 dignitatibus
1229 2720 1363 2786 ecclesi-

66 2828 180 2891 asticis
209 2828 400 2911 priventur.

170 2933 202 2998 9.
227 2940 268 2999 ut
283 2934 399 3000 nullus
416 2939 593 3022 episcopus
616 2939 767 3026 aliquem
790 2948 990 3023 promoveat
1014 2939 1215 3005 clericorum
1230 2936 1274 3002 ad
1291 2935 1362 3000 dia-

66 3048 228 3106 conatum
250 3041 308 3106 161
331 3043 432 3128 ultra,
455 3047 524 3112 nisi
547 3049 641 3130 prius
664 3051 917 3114 continenciam
939 3049 1086 3131 voverit,
1109 3055 1144 3112 et
1167 3048 1197 3112 si
1220 3066 1361 3110 uxorem

12 3155 16 3290 p
67 3147 236 3233 habuerit,
260 3173 302 3215 ex
325 3154 399 3217 eius
422 3153 484 3220 fiat
507 3177 674 3222 consensu
697 3156 790 3222 idem
815 3159 1057 3242 promittentis.

12 3303 14 3314 .
171 3259 225 3322 10.
249 3267 289 3323 ut
305 3258 421 3324 nullus
445 3263 649 3349 coniugatus
673 3263 843 3348 presbiter
865 3273 925 3330 aut
949 3265 1112 3330 diaconus
1131 3262 1234 3328 altari
1250 3261 1360 3324 deser-

12 3317 17 3430 1
66 3366 142 3448 viat,
166 3366 239 3430 nisi
261 3366 357 3450 prius
381 3371 480 3434 uxori
511 3369 714 3436 concedenti
736 3379 770 3436 61
794 3374 1046 3436 continenciam
1077 3371 1220 3436 voventi
1247 3367 1360 3432 locum

12 3481 14 3586 1
65 3481 261 3554 separatum
283 3481 318 3538 61
342 3478 531 3542 necessaria
563 3479 636 3543 vite
669 3479 867 3562 temporalis
900 3479 1088 3564 provideat,
1113 3485 1149 3544 61
1172 3475 1359 3542 seeundum

12 3587 14 3656 ξ
64 3579 265 3662 apostolum,
287 3578 418 3646 habens
440 3585 538 3668 quasi
560 3605 630 3650 non
652 3583 838 3651 habentem
860 3608 896 3651 66
919 3607 992 3652 6666
1014 3585 1198 3672 intelligat„

13 3763 14 3768 γ
170 3685 224 3750 13.
248 3692 287 3751 ut
310 3687 396 3753 villa
411 3690 448 3754 in
463 3711 531 3775 qua
547 3699 599 3756 661
615 3692 765 3776 66616616,
789 3693 833 3760 ab
857 3693 998 3758 ecclesia
1022 3691 1159 3778 longius
1182 3710 1360 3788 116111666-Ι

13 3867 15 3886 ,
64 3789 128 3874 dat,
153 3791 249 3877 quod
272 3793 303 3857 si
325 3797 503 3861 recesserit
526 3795 565 3862 X
588 3819 707 3881 pensas
732 3799 905 3884 persolvat
929 3805 964 3863 et
988 3797 1114 3864 redeat.

169 3898 224 3963 16.
248 3898 377 3982 placuit
401 3911 530 3969 sancte-
550 3905 690 3990 synodo,
713 3913 753 3971 ut
777 3908 887 3972 omnis
915 3905 1105 3992 coniugalis
1138 3904 1356 3988 desponsaoio

64 4003 97 4068 in
117 4015 307 4090 conspectu
338 4009 487 4094 ecclesie,
518 4020 675 4096 presente
698 4013 882 4097 sacerdote,
906 4033 1021 4080 coram
1042 4013 1186 4100 ydoneis
1209 4010 1356 4077 testibus

63 4109 175 4198 aliquo
200 4115 299 4200 signo
322 4115 571 4184 subarrationis
586 4141 629 4184 611
645 4139 812 4186 consensu
834 4123 1014 4207 utriusque
1038 4119 1144 4204 fieret,
1168 4119 1270 4186 aliter
1287 4139 1357 4184 non

63 4222 268 4308 coniugium,
291 4223 351 4288 sed
375 4243 460 4307 opus
484 4223 707 4292 fornicarium
735 4235 923 4312 reputetur.

600 4547 814 4558 ..na—uu...-
