3182 5210
216 394 281 469 196

215 591 358 673 vendas,
383 600 466 656 tunc
490 593 543 656 ius
567 594 701 656 ratione
724 589 840 656 filialis
862 592 954 658 filiae
978 593 1034 656 vel
1058 595 1182 660 sororis
1205 593 1357 658 eiusdem
1380 594 1511 658 decessi

215 699 344 780 eisdem
360 697 498 764 filiabus
514 707 549 762 et
571 698 745 764 sororibus
765 722 843 764 cum
868 703 1077 784 possessione
1101 703 1137 764 in
1161 722 1229 765 uno
1248 700 1322 766 loco
1337 708 1373 764 et
1388 701 1425 764 in
1441 721 1511 764 uno

214 805 349 876 ambitu
371 804 499 870 debent
523 806 706 888 extradari,
731 816 895 891 perpetuo
920 807 1151 890 possidendae.

324 913 471 978 LXVH.
496 913 533 978 Si
556 916 633 998 quis
656 913 826 978 nobilium
851 919 1102 998 possessionem,
1126 937 1185 980 seu
1210 916 1434 997 possessiones
1450 920 1511 978 aut

219 1021 404 1104 particulas
437 1043 515 1084 suas
549 1023 828 1104 possessionarias
869 1025 1072 1087 necessitate
1106 1021 1324 1105 praepeditus
1361 1021 1511 1109 vendere

216 1130 274 1194 vel
302 1130 544 1214 impignorare,
566 1137 627 1192 aut
651 1151 685 1193 se
709 1129 858 1194 alienare
881 1130 1086 1212 intenderet,
1110 1137 1193 1193 tunc
1211 1130 1319 1211 primo
1334 1135 1370 1190 et
1386 1131 1512 1211 prinoi-

216 1237 342 1320 paliter
373 1237 503 1302 eisdem
535 1237 592 1301 vel
623 1241 775 1320 ipsorum
809 1237 975 1303 fratribus
1008 1249 1043 1302 et
1075 1237 1273 1302 hominibus
1305 1259 1385 1301 suae
1409 1259 1512 1322 gene-

214 1346 358 1408 rationis
373 1343 430 1408 111
447 1343 784 1425 condivisionalibus,
808 1346 865 1411 vel
889 1349 1104 1426 nemetensis,
1128 1353 1189 1410 aut
1212 1345 1337 1408 vicinis
1361 1345 1431 1408 suis
1447 1343 1513 1408 tali

215 1450 317 1514 modo
358 1451 508 1514 vendere
548 1454 663 1533 possit,
702 1461 741 1516 ut
780 1452 887 1518 talem
929 1455 1174 1536 possessionem
1216 1471 1276 1516 seu
1320 1453 1511 1532 portionem

218 1559 526 1642 possessionanam,
541 1559 648 1634 cuius
671 1558 814 1640 fructus,
840 1568 1026 1642 proventus
1059 1567 1093 1623 61
1126 1558 1297 1622 utilitates
1329 1559 1372 1622 ad
1406 1579 1511 1620 unam

216 1687 366 1730 maroam
383 1687 418 1728 se
435 1665 636 1747 extendunt,
654 1687 713 1748 per
729 1669 810 1730 anni
827 1665 993 1730 circulum
1013 1665 1124 1730 fecere
1142 1673 1292 1748 possunt,
1317 1687 1375 1747 pro
1392 1664 1513 1728 decem

215 1773 349 1854 marcis,
373 1772 470 1834 0111111
494 1791 576 1836 1610
599 1772 642 1835 ad
667 1773 761 1854 duas,
785 1796 844 1855 pro
869 1777 998 1859 viginti
1021 1777 1144 1838 marcis
1172 1781 1207 1836 et
1240 1774 1288 1836 sic
1321 1773 1512 1836 successive

215 1880 363 1958 vendere
402 1877 558 1961 debeant,
592 1888 626 1942 et
659 1883 767 1963 ipsam
801 1881 1037 1960 venditionem
1070 1882 1229 1963 primitus
1262 1900 1376 1942 eoram
1407 1877 1512 1942 dictis

215 1989 347 2070 iuratis,
375 1988 459 2069 ipsis
483 1985 659 2070 iratribus,
681 1988 866 2054 homnibus
889 1987 1204 2074 generationalibus
1228 1989 1434 2052 cornetaneis
1449 1993 1513 2048 aut

214 2097 341 2160 vicinis
374 2097 444 2158 suis
476 2095 653 2160 notificare
678 2107 869 2179 teneantur,
893 2107 928 2160 et
952 2100 981 2160 si
1004 2099 1113 2179 ipsam
1138 2099 1273 2179 proprio
1307 2117 1384 2158 cum
1418 2115 1514 2176 prae-

215 2206 305 2268 scitu
330 2204 479 2268 vendere
511 2203 650 2286 vellent,
679 2204 765 2269 bene
796 2206 944 2290 quidem,
976 2204 1130 2288 alioquin
1153 2226 1227 2267 eam
1251 2201 1513 2287 quibuscunque
1565 2256 1569 2264 .

215 2310 293 2378 aliis
316 2309 500 2392 voluerint,
523 2310 696 2375 vendendi
720 2311 870 2378 habeant
894 2313 1103 2378 facultatem.

325 2415 493 2482 LXVHI.
518 2417 555 2482 Si
578 2421 809 2503 cuiuscunque
834 2420 965 2484 nobiles
983 2422 1207 2503 possessiones
1223 2421 1354 2482 ratione
1371 2437 1513 2480 suorum

215 2546 415 2588 excessuum
438 2523 495 2587 vel
518 2529 729 2609 gravaminis
746 2529 789 2590 ad
805 2549 926 2592 manus
942 2529 1130 2593 iudiciariis
1146 2532 1207 2589 aut
1224 2528 1331 2606 partis
1346 2523 1512 2588 adversae

214 2633 425 2712 devenerint,
450 2641 533 2694 tunc
556 2633 692 2697 easdem
716 2637 788 2716 ipse
811 2635 868 2699 vel
891 2635 960 2713 alii,
992 2633 1118 2720 quibus
1151 2635 1318 2717 congruit,
1351 2653 1371 2694 a
1403 2632 1514 2694 mani-

215 2737 278 2804 bus
294 2739 479 2802 eorundem
502 2741 601 2803 iuxta
625 2744 724 2825 regni
747 2743 1030 2806 consuetudinem
1054 2739 1256 2824 abantiquo
1273 2745 1514 2802 conservatam

215 2845 381 2912 redimere
401 2849 516 2929 possit,
539 2846 703 2912 videlicet
727 2870 834 2913 unum
858 2859 1011 2914 aratrum
1039 2857 1129 2912 terre
1154 2869 1214 2929 pro
1242 2844 1354 2910 tribus
1378 2846 1513 2924 mareis,

214 2951 392 3018 eeclesiam
416 2975 494 3016 cum
518 2955 701 3036 campanili
726 2977 786 3038 pro
810 2956 888 3022 XV.
913 2958 1035 3020 marcis
1060 2964 1094 3020 et
1127 2957 1200 3017 sine
1232 2953 1416 3035 campanili
1450 2973 1514 3033 pro

214 3060 331 3124 decem
356 3062 479 3124 marcis
501 3068 536 3124 et
560 3063 608 3125 sic
632 3063 673 3126 de
698 3063 852 3148 singulis.

321 3167 454 3232 LXIX.
478 3169 679 3253 Quicunque
703 3169 830 3236 nobilis
856 3175 1100 3254 possessionem
1115 3169 1173 3233 vel
1190 3170 1415 3252 possessiones
1431 3187 1514 3230 suas

214 3274 318 3338 alicui
340 3274 472 3339 homini
496 3276 718 3358 vendidisset,
742 3287 778 3341 et
801 3281 913 3360 ipsum
937 3283 973 3343 in
997 3301 1097 3344 suum
1129 3299 1251 3341 verum
1282 3295 1513 3340 successorem

214 3385 250 3446 in
274 3382 392 3446 ordine
416 3385 662 3466 assumpsisset,
687 3393 721 3447 et
745 3387 885 3449 tandem
907 3385 988 3450 talis
1013 3388 1177 3468 possessio
1200 3382 1244 3447 ab
1267 3387 1341 3465 ipso
1356 3389 1513 3464 emptore

215 3511 274 3574 per
298 3486 443 3552 formam
466 3492 551 3554 iuris
575 3513 636 3573 per
659 3514 896 3578 quemcunque
921 3497 1160 3578 requireretur,
1176 3498 1260 3558 tunc
1275 3491 1356 3556 talis
1372 3489 1514 3571 expedi-

214 3605 269 3658 tor
301 3595 488 3676 (venditor)
521 3607 556 3660 et
590 3602 643 3663 sui
676 3622 884 3664 successores
917 3602 1027 3666 modis
1060 3600 1218 3665 omnibus
1250 3608 1440 3682 emptorem
1473 3605 1514 3660 et

215 3725 293 3768 suos
309 3726 517 3769 successores
533 3707 720 3771 secundum
731 3730 830 3772 suum
846 3719 1061 3792 assumptum
1077 3713 1113 3772 in
1131 3717 1333 3791 perpetuum
1348 3706 1513 3790 expedire

214 3811 390 3876 tenebitur
412 3815 448 3876 in
471 3812 564 3880 facto
589 3819 851 3896 possessionario
875 3821 1099 3900 praenotato²³

630 3991 658 4058 Α
677 3990 891 4079 jobbdpyolr
913 3990 1100 4058 lco‘lldze'se.

323 4137 436 4202 LXX.
468 4139 559 4202 Item
591 4135 740 4223 quilibet
775 4142 923 4203 rusticus
947 4161 1007 4202 seu
1029 4138 1171 4224 Iobagio
1205 4138 1350 4203 alieuius
1382 4138 1513 4202 nobilis

215 4247 243 4308 si
266 4245 416 4310 voluerit
440 4248 482 4310 de
508 4249 716 4328 possessione
741 4247 872 4310 domini
896 4250 958 4328 sui,
981 4246 1101 4312 habita
1125 4247 1264 4312 licentia
1288 4254 1323 4310 et
1355 4249 1446 4310 iusto
1470 4267 1513 4310 10

214 4361 376 4416 consueto
401 4357 576 4438 terragio⁹
598 4356 651 4416 sni
677 4351 849 4435 persoluto
873 4353 916 4416 ad
942 4357 1185 4436 possessionem
1209 4353 1351 4418 alterius
1373 4352 1515 4442 nobilis,

230 4657 234 4672 Ι
269 4608 282 4662 1,
298 4600 341 4652 Az
355 4601 466 4656 evictio
487 4596 732 4669 kbtelessegenek
746 4597 808 4652 else
972 4599 1138 4655 'Fbldadd⁰
1169 4600 1203 4654 V.
1222 4606 1247 4654 ὅ.
1270 4599 1363 4669 jassai
1390 4598 1513 4654 oklevel

214 4686 374 4760 tilrvenyes
396 4687 631 4759 megillapltasa.
917 4689 993 4743 1243.
1014 4688 1176 4746 Endlioher
1195 4689 1406 4745 Monum462
1425 4688 1444 4742 l.
