3192 5214
1308 325 1374 390 169
1482 319 1485 325 ’

81 526 193 588 ciones
216 523 371 589 eiusdem
394 522 594 588 decedentis
626 525 670 589 ad
694 529 848 588 nostram
871 524 1082 608 presenciam
1106 530 1293 588 evocentur
1315 522 1319 602 Ι
1339 533 1373 588 et

80 634 163 714 ipsis
185 653 225 696 ac
247 629 434 696 baronibus
457 633 583 695 nostris
608 629 823 714 presentibus
848 629 889 694 de
913 630 1043 694 eisdem
1073 630 1260 712 ordinetur,
1285 631 1374 694 sicut

80 739 267 804 dictaverit
298 738 381 803 ordo
413 739 506 804 iuris.
546 739 693 804 interim
725 745 841 804 autem
882 745 918 803 et
946 739 1172 823 possessiones
1211 746 1247 802 et
1285 738 1374 804 bona

79 849 187 931 ipsius
219 846 417 912 decedentis
449 849 590 933 cognati
627 854 663 912 et
704 849 946 933 generaciones
974 846 1123 912 debeant
1164 865 1375 912 conservare.

79 954 171 1020 Item
194 957 389 1037 statuimus,
412 955 505 1040 quod
529 957 559 1019 ni
581 955 625 1020 ad
649 956 846 1040 occupanda
869 955 927 1020 vel
949 955 953 1036 Ι
973 955 1181 1040 acquirenda
1210 977 1316 1041 regna
1340 965 1375 1020 et

79 1071 190 1128 terras
228 1065 456 1149 continguat⁶
495 1064 685 1128 exercitum
722 1084 784 1128 nos
822 1084 968 1144 movere,
1006 1062 1139 1128 nobiles
1170 1063 1299 1128 invitos
1332 1064 1375 1128 ad

79 1173 271 1236 exercitum
294 1192 363 1235 non
387 1169 571 1253 trahemus,
594 1173 662 1235 nisi
685 1172 746 1256 qui
769 1177 889 1254 sponte
917 1169 1091 1234 voluerint
1124 1169 1292 1252 proficisci
1319 1171 1376 1236 vel

80 1299 139 1360 pro
163 1287 284 1344 nostra
308 1280 459 1362 pecunia,
483 1299 545 1342 nec
569 1281 674 1343 etiam
706 1279 743 1342 in
775 1277 968 1344 subsidium
999 1277 1150 1343 filiorum
1182 1285 1377 1344 nostrorum

78 1386 134 1450 vel
159 1386 309 1450 aliorum
332 1387 461 1450 invitos
481 1386 485 1466 Ι
507 1387 557 1450 ire
588 1386 805 1472 aliquatenus
829 1385 1095 1468 compellemus.i
1128 1385 1219 1450 Item
1242 1383 1378 1449 ordina-

78 1497 195 1558 vimus
219 1493 310 1580 qnod
335 1493 481 1578 singulis
503 1495 603 1560 annis
634 1496 671 1558 in
703 1493 793 1560 festo
816 1495 928 1558 sancti
951 1493 1058 1580 Regis
1081 1515 1171 1558 unus
1203 1515 1245 1558 ex
1278 1492 1377 1558 nobis

77 1601 209 1666 Albam
247 1601 366 1664 venire
405 1600 538 1684 debeat,
577 1607 612 1666 et
645 1601 687 1665 de
720 1599 875 1686 quolibet
908 1603 1076 1666 comitatu
1108 1601 1176 1665 duo
1218 1601 1275 1664 vel
1307 1607 1377 1665 tres

78 1708 214 1774 nobiles
239 1707 387 1773 debeant
415 1710 598 1772 convenire
631 1715 672 1782 ut
704 1709 741 1774 in
773 1729 892 1774 eorum
924 1710 1097 1792 presencia
1131 1706 1172 1771 de
1193 1707 1197 1788 Ι
1219 1707 1377 1772 omnibus

79 1817 243 1898 dampnis
286 1821 321 1878 et
360 1816 496 1879 iniuriis
530 1837 590 1898 per
621 1836 841 1901 quoscunque
880 1813 971 1880 datis
1003 1820 1038 1879 et
1071 1813 1179 1878 illatis
1220 1813 1378 1878 omnibus

78 1921 343 2008 querelantibus
366 1920 536 1986 satisfiat.l
569 1921 661 1987 Item
683 1925 713 1986 si
735 1922 860 2009 aliquis
892 1944 934 1986 ex
959 1920 1133 1988 nobilibus
1147 1919 1226 1986 ¹non
1249 1920 1378 1986 habens

80 2029 247 2096 heredem
269 2031 306 2092 in
330 2030 484 2094 exercitu
508 2037 663 2096 mortuus
688 2027 804 2112 fuerit,
837 2031 1063 2112 possessiones
1086 2029 1193 2112 ipsius
1217 2027 1378 2109 (ketszer)
1431 2014 1432 2023 Ι

78 2136 324 2222 quoquomodo
363 2138 529 2221 acquisite
563 2137 607 2200 ad
635 2159 756 2202 manus
776 2138 780 2218 Ι
802 2139 914 2222 regias
947 2157 1017 2202 non
1048 2136 1288 2217 devolvantur,
1319 2136 1378 2201 sed

78 2252 230 2330 cognato
253 2245 311 2309 vel
333 2246 552 2330 generacioni
584 2243 782 2309 decedentis
815 2247 852 2308 in
884 2247 1039 2309 exercitu
1070 2243 1190 2310 cedere
1222 2243 1379 2322 debeant,

2 2421 3 2426 Ι
78 2355 128 2416 ita
152 2351 333 2434 videlicet,
353 2349 445 2436 quod
470 2353 696 2434 possessiones
724 2354 832 2436 ipsius
864 2351 1071 2416 hereditarie
1095 2351 1297 2436 cognaoicni
1320 2370 1379 2414 sue

2 2501 3 2540 3
78 2467 293 2541 remaneant,
326 2459 487 2542 empticie
518 2479 600 2522 vero
633 2458 689 2524 vel
722 2460 889 2543 acquisita
922 2460 1112 2542 cuicunque
1145 2459 1182 2522 in
1214 2459 1288 2522 vita
1320 2479 1379 2522 sua

2 2627 3 2642 ,
79 2565 241 2632 conferre
265 2564 415 2632 voluerit
438 2565 441 2644 Ι
461 2564 726 2650 relinquantur.⁸
758 2565 850 2630 Item
872 2587 972 2630 cause
996 2563 1165 2629 nobilium
1189 2566 1262 2628 sine
1296 2566 1381 2648 peti-

78 2675 241 2740 cionibus
265 2671 412 2738 debeant
425 2673 606 2758 expediri.⁹
628 2673 677 2738 Et
692 2674 730 2737 in
745 2673 812 2738 hiis
827 2673 985 2739 omnibus
1009 2693 1049 2736 ac
1064 2672 1141 2736 aliis
1156 2671 1379 2739 libertatibus

78 2806 98 2847 a
122 2789 247 2848 sancto
269 2781 366 2866 Rege
391 2779 564 2864 Stephano
589 2781 788 2844 constitutis
804 2782 895 2864 ipsos
918 2779 1049 2844 nobiles
1073 2779 1380 2864 manutenebimus,

79 2899 115 2955 et
140 2887 423 2978 conservabimus
447 2888 705 2971 inviolabiliter,
729 2889 777 2954 sic
801 2909 862 2952 uos
882 2887 886 2968 Ι
909 2887 993 2952 deus
1021 2888 1164 2951 adiuvet
1196 2895 1231 2952 et
1263 2897 1380 2952 sancta

80 2999 139 3063 dei
163 2997 346 3083 evangelia
369 3005 405 3062 et
428 2995 609 3061 vivificum
632 2997 801 3061 dominice
825 2999 936 3060 crucis
951 2996 1095 3081 lignum.
1120 2995 1158 3062 Si
1173 2997 1250 3080 quis
1265 3003 1381 3060 autem

80 3113 243 3170 nostrum
266 3105 491 3188 imposterum
508 3095 682 3188 ¹presentis
705 3105 831 3169 statuti
853 3112 888 3168 et
913 3103 1085 3168 libertatis
1108 3125 1129 3167 a
1151 3111 1269 3168 sancto
1285 3103 1381 3187 Rege

2 3235 4 3296 ζ
81 3215 132 3280 St.
158 3213 359 3294 constitute,
382 3218 614 3298 transgressor
636 3213 803 3294 extiterit,
826 3212 918 3298 quod
950 3211 1041 3277 absit
1064 3211 1067 3292 Ι
1088 3213 1200 3294 ipsum
1223 3211 1382 3275 dominus

2 3309 3 3314 Ι
80 3320 385 3407 Archyepiscopus
408 3320 655 3406 Strigoniensis
679 3343 739 3404 per
754 3341 932 3386 censuram
948 3319 1177 3386 eccliasticam
1200 3319 1382 3402 compellat

80 3429 126 3493 ad
151 3429 319 3512 premissa
343 3427 594 3493 inviolabiliter
616 3427 839 3510 observanda,
860 3433 962 3511 prout
994 3428 1030 3491 id
1063 3447 1124 3491 nos
1156 3427 1223 3510 ipsi
1255 3448 1382 3492 assum-

82 3539 217 3620 psimus
241 3537 316 3618 pari
338 3535 461 3603 νοΙο.10
491 3535 542 3602 Ut
574 3543 691 3602 autem
713 3535 776 3600 hec
799 3543 917 3600 nostra
937 3533 1155 3599 ordinacione
1179 3541 1383 3617 perpetuum

82 3643 192 3709 robur
217 3641 398 3708 obtineant
421 3643 424 3723 Ι
444 3641 629 3726 firmitatis,
647 3651 820 3726 presentes
844 3641 974 3706 eisdem
997 3642 1115 3706 literas
1138 3643 1265 3706 nostris
1289 3643 1382 3726 sigil7

82 3750 126 3815 lis
152 3747 299 3816 fecimus
322 3751 535 3816 communiri.
559 3749 689 3816 Datum
706 3749 808 3814 Anno
832 3749 963 3814 domini
983 3749 1168 3813 Millesimo
1193 3747 1267 3814 00⁰
1289 3771 1383 3814 sexa-

81 3859 218 3944 gesimo
242 3857 425 3940 septimo).

140 4077 152 4106 ⁵
172 4066 330 4137 contingat
366 4066 485 4138 helyett
521 4066 680 4134 olasaosan,
857 4077 868 4104 ⁸
888 4029 923 4120 V.
942 4071 967 4120 ὅ.
987 4083 1081 4137 arany
1101 4065 1184 4120 bulla
1205 4065 1245 4119 10.

294 4158 299 4169 Ι
857 4163 867 4193 ⁹
952 4155 957 4165 Ι
1064 4155 1069 4164 Ι
1118 4154 1124 4164 0
1311 4151 1317 4166 Ι
1354 4193 1359 4204 .

83 4155 383 4316 *uultui
846 4153 1384 4313 10t?t?tlt¹5¹tblllsst

143 4343 153 4373 ¹
172 4337 279 4406 Arany
298 4333 381 4390 bulla
401 4338 424 4390 1.
791 4332 925 4404 fejaztse.

631 4607 843 4617 m
