3160 5212
1279 347 1342 410 311

160 545 210 604 lo.
234 542 333 624 Item,
365 541 456 626 quod
480 543 523 606 acl
547 543 738 626 simplicem
769 542 943 626 querelam
976 542 1032 605 vel
1057 545 1232 606 sinistram
1265 563 1344 628 sug-

64 651 249 734 gestionem,
273 651 444 713 neminem
468 650 719 735 regnicolarum
742 655 946 733 nostrorum,
978 652 1208 734 cuiuscunque
1233 655 1343 714 status

64 779 114 819 seu
144 756 350 820 conditionis
383 760 517 840 existat,
551 761 586 821 in
621 779 771 840 persona,
804 756 1081 840 possessionibus
1095 797 1100 812 ·
1114 779 1173 822 seu
1204 756 1343 841 quibus-

63 886 183 948 cunque
216 861 327 945 rebus,
359 863 585 948 aliquomodo,
620 870 754 947 praeter
785 867 879 929 viam
908 861 996 948 juris
1028 871 1063 928 et
1088 863 1241 946 partibus
1275 886 1343 928 non

62 971 188 1045 auditis,
212 970 447 1052 impediamus

158 1079 210 1141 17.
236 1078 333 1158 Item,
367 1078 456 1162 quod
490 1085 626 1142 moneta
661 1099 816 1161 praesens
841 1079 884 1141 ad
916 1084 1052 1160 tempus
1085 1099 1153 1142 non
1182 1083 1343 1161 mutetur,

59 1185 186 1270 quando
210 1207 291 1248 vero
325 1189 452 1249 mutari
485 1186 633 1266 deberet,
664 1186 728 1250 hoc
751 1185 813 1250 fiat
837 1209 914 1249 cum
939 1185 1080 1250 consilio
1115 1185 1344 1268 praelatorum

59 1300 88 1356 et
109 1293 283 1376 baronum,
307 1298 342 1357 et
365 1315 434 1357 11011
456 1294 565 1358 aliter.

157 1401 210 1464 18.
234 1400 332 1484 Item,
365 1402 455 1486 quod
489 1402 657 1486 quidquid
691 1402 822 1465 domini
855 1401 999 1484 praelati
1023 1407 1058 1464 et
1081 1400 1233 1480 barense,
1266 1423 1343 1464 cnm

59 1511 193 1570 caeteris
218 1507 337 1571 incolis
362 1511 460 1593 regni
483 1509 693 1594 Hungariae,
722 1511 796 1592 pari
818 1514 899 1573 voto
923 1514 959 1572 61
983 1511 1154 1572 communi
1178 1507 1344 1571 delibera-

58 1618 148 1680 tione.
176 1637 237 1698 pro
254 1615 414 1679 libertate
434 1622 468 1680 et
491 1616 678 1701 tranquilla
702 1619 826 1701 quiete,
850 1621 953 1700 atque
978 1618 1233 1679 conservatione
1258 1618 1344 1679 eius-

58 1723 125 1785 dem
149 1726 259 1808 regni,
283 1745 390 1808 usque
413 1730 548 1808 tempus
573 1726 801 1788 coronationis
831 1727 1056 1806 conceperint,
1081 1725 1345 1806 conscripserint

57 1837 85 1892 et
106 1831 346 1913 concluserint,
379 1854 471 1896 more
495 1833 538 1896 ab
562 1835 704 1916 antiquo
738 1835 907 1912 consueto,
932 1836 967 1893 61
990 1853 1123 1913 semper
1154 1829 1343 1912 observato,

57 1938 136 2020 quod
177 1941 278 2022 regni
318 1939 493 2003 decretum
531 1939 742 2024 appellatnr;
781 1944 960 2002 teneamur
997 1937 1107 2001 literis
1147 1935 1343 2000 efficacibus

56 2052 225 2128 acceptare
250 2051 285 2109 et
308 2046 505 2130 approbare,
537 2046 825 2131 quemadmodum
848 2045 909 2108 alii
932 2066 1038 2130 rogae,
1072 2045 1343 2128 praedecessores

56 2154 162 2233 nostri,
190 2175 232 2216 ex
256 2153 423 2217 laudabili
447 2160 482 2217 61
498 2154 685 2237 approbata
709 2153 953 2216 consuetudine
978 2155 1077 2237 regni
1100 2174 1233 2235 semper
1257 2149 1344 2214 fece-

57 2270 143 2340 runt,
167 2260 331 2346 quodque
363 2283 495 2344 semper
527 2260 746 2325 observemus
770 2267 805 2323 et
830 2282 889 2342 per
912 2281 1027 2323 omnes
1061 2260 1145 2323 alios
1170 2259 1345 2322 observari

56 2364 224 2432 iaciemus.

153 2477 209 2539 20.
226 2476 297 2540 Nos
313 2479 429 2560 itaque
446 2476 642 2542 Uladislaus
660 2499 728 2557 rex,
745 2475 997 2540 considerantes
1014 2475 1224 2560 singularem
1249 2475 1344 2538 illam

55 2582 269 2647 devotionem
293 2590 328 2648 et
351 2583 566 2648 affectionem
599 2583 833 2667 praefatorum
858 2583 1087 2666 praelatorum
1111 2589 1146 2648 61
1169 2583 1344 2663 baronum,

13 2745 15 2768 ,
55 2696 329 2776 caeterorumque
362 2692 621 2776 regnicolarum,
653 2713 756 2776 quam
780 2713 860 2776 erga
885 2713 945 2754 nos
971 2694 1006 2753 in
1030 2689 1237 2753 eiuscemodi
1260 2689 1345 2752 elec-

13 2807 14 2810 ’
54 2799 136 2860 tione
153 2796 362 2880 habuerint;
385 2799 538 2862 volentes
563 2799 692 2862 eisdem
715 2797 897 2881 aliqualem
924 2798 1175 2882 gratitudinem
1194 2803 1345 2860 nostram

54 2904 237 2986 «sundere,
261 2911 296 2968 61
318 2906 472 2990 alioquin
496 2905 809 2968 animadvertentes
835 2907 1055 2987 praemissam
1079 2907 1230 2987 ipsorum
1255 2904 1344 2966 ordi-

54 3014 224 3074 nationem
240 3034 280 3074 ac
296 3011 587 3096 deliberationem,
612 3017 737 3076 iustam
755 3018 789 3075 et
806 3009 984 3076 honestam
1004 3034 1092 3094 esse;
1117 3015 1344 3094 praeinsertos

52 3119 221 3200 articulos
245 3125 280 3182 61
304 3121 417 3183 omnia
442 3123 478 3183 111
501 3123 550 3183 eis
574 3125 744 3198 contenta,
773 3119 998 3200 laudavimus,
1022 3118 1286 3203 approbavimus
1311 3124 1345 3182 61

13 3231 15 3266 ³
54 3224 306 3289 ratificavimus
330 3225 637 3310 Promittimusqne
662 3229 698 3290 in
718 3225 823 3290 verbo
847 3233 963 3290 nostro
987 3229 1078 3312 regis
1095 3233 1130 3290 et
1146 3226 1213 3290 fide
1229 3233 1345 3290 nostra

53 3330 248 3397 Christiana
271 3333 452 3418 mediante,
469 3339 504 3397 et
520 3333 583 3398 sub
599 3334 726 3398 honore
750 3340 875 3417 nostr0,
899 3335 989 3418 quod
1014 3335 1150 3398 eosdem
1172 3334 1344 3414 articulos

13 3521 15 3528 ,
53 3442 82 3502 111
103 3439 268 3504 omnibus
294 3462 411 3504 eorum
443 3441 604 3505 clausulis
628 3449 664 3505 et
689 3445 832 3524 punctis,
867 3462 1007 3524 semper,
1039 3440 1287 3504 inviolabiliter
1310 3447 1346 3504 et

52 3548 173 3632 absque
210 3550 305 3611 omni
337 3551 576 3612 immutatione
610 3547 876 3627 observabimus,
909 3553 943 3611 61
966 3556 1038 3611 tam
1071 3570 1131 3631 per
1158 3548 1346 3633 reginalem

55 3654 275 3738 majestatem,
300 3677 403 3738 quam
425 3677 542 3720 omnes
565 3655 650 3720 alios
669 3655 767 3719 nobis
792 3653 971 3737 subjectos,
996 3655 1100 3718 simili
1125 3655 1224 3719 modo
1245 3654 1346 3718 facic-

52 3783 118 3826 mus
146 3761 335 3826 observari.
369 3763 503 3826 Harum
527 3769 729 3845 nostrarum,
762 3761 887 3846 quibus
920 3762 1074 3847 sigillum
1106 3768 1261 3828 nostrum
1294 3769 1346 3824 est

52 3890 247 3952 appensum,
279 3871 399 3954 vigore
433 3876 467 3934 et
500 3873 697 3934 testimonio
730 3869 908 3932 literarum
941 3870 1123 3933 mediante.
1156 3869 1346 3932 Daturum

13 4015 14 4030 1
52 3981 165 4040 castris
193 3978 365 4039 exercitus
381 3977 498 4058 nostri,
524 3998 626 4060 prope
643 3975 764 4040 villam
787 3976 1012 4059 Farkashida,
1031 3976 1173 4040 sabbato
1191 3978 1345 4059 proximo

13 4033 15 4126 l
51 4089 121 4146 ante
146 4083 281 4147 festum
304 4081 348 4146 ad
372 4083 510 4146 vincula
534 4085 644 4146 sancti
667 4082 763 4145 Petri
787 4083 941 4166 apostoli,
971 4105 1059 4146 anuo
1085 4083 1214 4146 domiui
1240 4084 1345 4146 1490:

13 4133 15 4206 l

13 4209 14 4226 ³
52 4211 233 4276 mgnorm
272 4195 475 4274 nostrorum,
515 4189 714 4276 Hungariae
753 4211 841 4252 armo
882 4193 1000 4274 prime,
1039 4190 1224 4253 Bolremiae
1264 4213 1345 4254 vero

51 4295 180 4361 decimo
207 4318 307 4360 ncnc.
