3192 5214
1321 319 1385 386 105

5 513 8 652 l
88 517 233 583 arbitrio
257 537 362 603 quam
394 517 621 582 communiter
643 519 742 602 regni
774 517 952 599 provectui
980 515 1262 582 administrando.
1294 515 1384 582 Nam

5 653 7 712 j
88 627 163 709 quis
188 622 345 711 ambigat
368 646 389 690 a
412 631 529 692 sancto
554 633 650 709 patre
674 631 790 690 nostro
823 623 1007 708 Stephano,
1040 627 1115 690 viro
1147 626 1273 710 quippe
1306 645 1385 707 apo-

88 731 218 814 stolico,
251 731 365 817 legem
387 729 512 818 populo
535 737 652 798 nostro
685 732 811 814 datam,
844 732 881 796 in
913 729 1120 816 quibusdam
1152 735 1384 814 austeriorem,

88 841 123 906 in
145 837 359 924 quibusdam
379 859 461 906 vero
483 837 760 923 tolerabiliorem,
784 841 821 904 in
844 838 898 904 his
921 859 1055 925 quoque
1079 841 1248 905 intensius
1271 841 1384 906 vindi-

88 958 234 1030 cantem,
250 955 354 1032 atque
370 949 408 1012 in
422 947 499 1012 aliis
515 949 689 1022 remissius
706 946 963 1033 indulgentem
979 969 1041 1012 neo
1051 955 1385 1034 quemquamtamen
1423 955 1427 964 ’

88 1052 218 1140 absque
252 1054 455 1139 disciplinae
487 1055 629 1121 verbere
662 1055 906 1138 dimittentem,
945 1075 1025 1120 cum
1063 1055 1384 1139 praedestinationis

5 1203 6 1208 κ
87 1168 227 1245 tempus
250 1162 386 1228 nullum
408 1163 521 1229 adhuc
543 1185 665 1230 vanam
687 1164 888 1230 adduxisset
912 1161 993 1228 fidei
1011 1183 1216 1247 sponsorem,
1240 1185 1302 1228 neo
1320 1163 1384 1230 hoc

88 1268 232 1354 quidem
255 1277 391 1353 praeter
413 1271 552 1336 divinae
576 1271 817 1353 destinationis
840 1277 1035 1356 respectum
1057 1270 1194 1336 credere
1211 1270 1308 1336 nefas
1324 1279 1384 1336 est.
1424 1289 1427 1295 “

87 1374 179 1440 Nam
203 1397 284 1442 cum
305 1385 459 1461 tempore
483 1379 652 1462 praedicti
675 1381 792 1464 patris,
816 1379 1017 1444 universum
1040 1400 1186 1464 regnum
1208 1379 1282 1444 eius
1310 1377 1386 1444 bar-

87 1480 214 1548 baricis
239 1484 435 1550 inservierit
458 1483 619 1569 cultibus,
642 1507 682 1550 ao
697 1485 793 1552 rudis
809 1491 1014 1569 coactusque
1029 1483 1248 1551 Christianus
1266 1492 1385 1550 contra

87 1593 372 1658 commonitorem
394 1591 540 1658 Sanctae
562 1591 644 1658 fidei
667 1592 849 1658 stimulum
871 1591 985 1658 adhuc
1008 1592 1250 1676 recalcitraret,
1272 1591 1385 1658 adhuc

5 1743 7 1772 f
88 1705 210 1764 contra
243 1699 502 1783 poenitentialia
534 1701 669 1766 ultricis
701 1702 820 1786 virgae
852 1698 996 1764 verbera
1029 1699 1247 1783 remorderet,
1285 1720 1385 1784 opere

5 1811 7 1906 ,
88 1807 245 1886 precium
268 1804 346 1890 fuit,
369 1815 409 1872 ut
432 1814 569 1872 sanctae
589 1806 790 1890 disciplinae
809 1808 949 1890 coactio,
972 1805 1170 1872 infidelibus
1186 1805 1327 1892 quidem
1341 1806 1385 1872 ad

5 1941 7 1962 ν
89 1916 348 1980 conversionem
370 1913 461 1998 fidei,
483 1915 543 1980 sed
567 1917 740 1980 conversis
762 1913 860 1980 fieret
883 1913 928 1979 ad
951 1916 1122 1980 iustitiam
1146 1915 1385 1997 poenitentiae.

88 2019 137 2084 Aa
165 2021 473 2087 christianissimus
506 2045 565 2087 rex
598 2029 714 2088 noster
746 2021 962 2106 colomanus,
995 2021 1220 2088 columbinae
1251 2026 1384 2110 gratiae

89 2127 323 2212 simplicitate,
346 2151 425 2195 oum
448 2133 542 2196 omni
565 2133 739 2197 virtutum
761 2130 967 2198 discretione
991 2131 1176 2214 praeditus,
1204 2140 1385 2218 postquam

5 2323 6 2328 ἵ
89 2234 181 2300 vidit
215 2236 373 2312 adultam
394 2235 499 2303 iidem
522 2236 701 2322 perfectae
728 2237 904 2324 religionis
927 2237 1033 2304 robur
1054 2240 1232 2322 accepisse,
1265 2239 1385 2326 legalis

89 2343 271 2410 vinculum
293 2349 433 2410 catenae
457 2347 627 2432 cogitavit
650 2345 803 2412 relaxare
828 2345 1022 2430 prudenter,
1054 2353 1176 2430 utpote
1204 2345 1387 2432 indignum

90 2473 161 2515 esse
186 2452 411 2536 propendens,
434 2455 465 2518 si
487 2455 557 2521 iam
579 2461 806 2538 spontaneum
829 2452 911 2520 fidei
934 2454 1090 2538 militem,
1114 2454 1235 2541 legalis
1261 2475 1386 2538 poenae

5 2547 7 2632 ζ
90 2560 196 2624 timor
218 2565 403 2645 torqueret,
430 2581 534 2646 quam
556 2583 619 2626 nec
643 2563 716 2646 ipsa
740 2583 830 2628 mors
853 2559 897 2626 ab
920 2563 1058 2648 agnitae
1083 2564 1152 2628 iam
1175 2561 1386 2628 confessione

5 2653 7 2676 ι
89 2668 252 2732 veritatis
275 2665 465 2732 absterrere
493 2671 669 2751 potuisset.
702 2669 770 2734 Hic
794 2670 959 2734 nimirum
981 2690 1061 2735 cum
1092 2669 1227 2734 videret
1247 2679 1387 2754 propter

5 2819 6 2866 3
91 2773 209 2838 civilia
233 2771 324 2838 bella
346 2775 521 2860 usquead
545 2783 680 2859 tempus
707 2775 802 2840 illins
826 2777 1109 2862 ingravescentia,
1143 2779 1295 2860 paternis
1318 2785 1386 2842 tra-

5 2879 6 2884 ’
91 2879 284 2946 ditionibus
315 2883 386 2948 iam
417 2903 542 2969 magna
574 2903 618 2948 ex
646 2889 742 2966 parte
775 2882 906 2966 solutis,
938 2881 1053 2968 Regni
1085 2883 1267 2950 eonsilium
1296 2882 1387 2948 labe-

91 2985 226 3070 factari,
246 2987 387 3054 Curiae⁴
402 2988 566 3054 honorem
581 2988 753 3072 vilescere,
777 2991 912 3072 timens,
928 3010 971 3054 ne
986 2988 1093 3071 miles,
1117 2989 1266 3055 insolens
1285 2993 1386 3074 pecie,

91 3095 301 3160 domesticus
324 3103 441 3162 tamen
464 3099 609 3162 virtutis
631 3096 761 3181 hospes,
794 3095 1029 3162 irrevocabilis
1053 3095 1150 3162 fieret
1182 3099 1387 3183 iniquitatis,

5 3205 7 3242 l
90 3202 208 3289 Regni
236 3202 448 3287 principibus
475 3206 703 3290 congregetis,
735 3206 843 3270 totius
867 3203 1013 3270 Senatus
1046 3203 1207 3270 consultu
1239 3201 1387 3288 praefati

90 3312 183 3396 regis
207 3317 346 3375 sanotae
377 3313 561 3378 memoriae
594 3311 762 3394 Stephani
785 3311 932 3398 legalem
963 3318 1099 3378 textum
1131 3313 1311 3392 recensuit,
1344 3313 1386 3376 de

89 3439 168 3504 quc,
191 3420 319 3484 airam
341 3419 543 3503 consideres,
566 3419 655 3484 nibil
683 3421 894 3502 comminuit,
932 3420 991 3485 sed
1024 3422 1131 3503 auxit,
1169 3441 1238 3485 non
1270 3427 1387 3484 tamen

89 3527 190 3610 qnasi
214 3523 388 3610 fundator,
411 3527 471 3592 sed
494 3525 784 3610 supraedificetor.
807 3525 983 3604 Quatenus
1007 3528 1185 3610 primitiva
1210 3527 1387 3610 plantaria,

5 3631 7 3700 l
88 3631 224 3698 salubri
247 3631 358 3698 veluti
380 3635 602 3720 respersionis
625 3631 797 3700 infusione
825 3635 978 3718 irrigata,
1011 3636 1201 3719 percipiant
1234 3635 1387 3698 iustitiae

5 3763 7 3832 ᾗ
87 3743 313 3806 incrementa.
337 3741 385 3806 Et
408 3740 469 3806 ille
491 3741 631 3828 quidem
654 3741 850 3807 destructor
872 3739 941 3806 fuit
964 3740 1166 3824 infidelium,
1189 3743 1254 3806 iste
1274 3747 1387 3805 rectae

5 3863 7 3922 ξ
89 3849 363 3915 conversationis
387 3855 629 3936 augmentator
651 3850 688 3914 in
704 3848 965 3932 iustificatione,
989 3849 1048 3914 ille
1064 3849 1169 3915 lorica
1184 3847 1265 3914 fidei
1284 3868 1388 3932 popu·

89 3955 165 4022 lum
188 3954 359 4040 induerat,
382 3959 448 4023 iste
471 3963 626 4022 terrenae
645 3953 845 4022 ambitionis
867 3954 1108 4041 superfluente,
1131 3955 1269 4042 cingulo
1289 3956 1387 4020 iusti-

89 4066 163 4130 tiae
187 4064 449 4152 praecingebat3
473 4065 531 4130 ille
555 4064 671 4150 gladio
702 4067 844 4148 spiritus
867 4064 966 4131 verbi
997 4065 1064 4130 Dei
1087 4067 1290 4149 perterruit:
1323 4065 1387 4129 iste

89 4171 192 4258 galea
211 4171 333 4237 salutis
350 4171 533 4238 decoravit.
554 4173 731 4236 Postremo
747 4170 838 4238 huno
862 4179 1006 4258 uterque
1022 4193 1142 4257 regum
1167 4171 1271 4237 finem
1286 4169 1388 4236 rebus

89 4280 267 4363 imposuit,
300 4286 340 4344 ut
372 4277 456 4344 dum
488 4277 605 4344 debite
639 4277 748 4344 ultrix
781 4299 888 4362 poena
921 4277 1009 4343 filios
1034 4278 1236 4362 perditionis
1270 4299 1388 4342 consu-

5 4399 7 4406 ’
90 4392 212 4470 meret,
234 4384 324 4450 filios
348 4385 672 4470 praedestinationis
696 4381 876 4449 refoveret.

203 4623 214 4650 ⁴
233 4613 260 4666 A
279 4611 392 4684 knilyi
410 4613 513 4668 udvar.
