3144 5218
211 354 279 417 524

211 574 272 616 nec
291 554 471 636 quisquam
488 555 524 615 in
541 550 649 616 libero
660 535 661 538 Ἴ
673 573 753 616 suae
777 553 954 637 religionis
970 554 1135 615 exercitio
1150 573 1168 614 a
1185 555 1365 636 quoquam,
1381 555 1506 635 quovis

212 660 320 740 modo,
345 667 405 722 aut
428 662 551 744 quovis
574 658 638 722 sub
663 667 852 742 praetextu,
884 657 1046 722 turbetur
1068 665 1102 721 et
1136 658 1351 740 impediatur.
1374 657 1420 721 H.
1454 657 1506 720 De

211 789 279 830 non
305 765 531 848 impediendis
554 787 614 830 seu
637 765 820 830 turbandis
844 769 982 830 rusticis
1006 769 1042 828 in
1066 785 1126 828 sua
1150 764 1370 844 confessione,
1394 765 1507 828 decla-

212 883 326 938 ratum
349 881 384 936 et
407 873 585 940 conlusum
609 881 669 956 est,
693 883 732 937 ut
761 874 814 938 illi
846 895 981 958 quoque
1015 881 1153 956 propter
1185 872 1312 936 bonum
1345 875 1437 955 pacis
1471 884 1504 934 et

212 981 501 1064 tranquillitatem
540 983 646 1065 regni,
680 983 753 1043 sive
786 982 856 1044 sint
887 979 1088 1059 confiniarii,
1122 982 1194 1042 sive
1227 979 1398 1062 oppidani,
1431 982 1506 1042 sive

212 1088 343 1170 villani,
371 1091 408 1151 in
441 1109 732 1172 quorumcumque
765 1087 839 1151 DD.
863 1091 1062 1152 terestrium
1094 1093 1129 1150 et
1163 1086 1236 1150 fisci
1269 1085 1375 1168 boniS,
1407 1089 1503 1149 iuxta

212 1198 369 1280 vigorem
394 1197 594 1279 praescripti
618 1196 757 1260 articuli
772 1205 807 1259 et
824 1196 1039 1276 conditionis,
1056 1197 1092 1258 in
1108 1191 1216 1258 libero
1232 1216 1311 1257 suae
1329 1194 1507 1279 religionis

212 1305 376 1365 exercitio
398 1324 438 1366 ac
461 1323 533 1384 usu,
555 1302 731 1388 modoque,
754 1311 794 1366 ut
818 1323 928 1386 supra,
961 1301 1074 1384 simili,
1106 1324 1126 1366 a
1159 1323 1219 1364 sua
1251 1297 1430 1382 majestate
1463 1300 1505 1364 R.

212 1408 268 1470 rel
292 1406 445 1490 ejusdem
469 1412 637 1473 ministris
660 1421 720 1474 aut
744 1411 892 1476 dominis
915 1413 986 1474 suis
1010 1407 1231 1474 terrestribus
1254 1411 1377 1494 quovis
1404 1407 1506 1471 modo

213 1526 274 1580 aut
289 1523 412 1602 quovis
428 1519 492 1584 sub
509 1527 699 1603 praetexto,
716 1543 783 1585 non
800 1521 986 1586 turbentur
1000 1527 1061 1584 aut
1074 1519 1323 1602 impediantur,
1339 1517 1507 1581 hactenns

213 1634 329 1688 autem
367 1625 534 1709 impediti,
573 1631 683 1692 coacti
715 1639 750 1691 et
783 1629 924 1708 turbati,
964 1627 1111 1692 liberum
1145 1627 1321 1712 religionis
1354 1629 1506 1708 ipsorum

213 1752 312 1795 usum
337 1755 553 1812 reassumere,
577 1757 734 1798 exercere
758 1743 793 1799 et
817 1739 1016 1800 continuare
1042 1737 1304 1818 permittantur;
1328 1754 1437 1816 neque
1463 1732 1504 1794 ad

212 1838 306 1922 alias,
340 1841 499 1926 religioni
524 1845 675 1924 ipsorum
704 1845 900 1924 contrarias,
933 1844 1142 1905 ceremonias
1175 1839 1384 1926 peragendas
1418 1861 1507 1902 com·

214 1947 411 2030 pellantur-‘⁵
443 1949 506 2012 III.
531 1948 784 2013 Concordatum
808 1951 913 2012 etiam
935 1957 987 2012 est
1012 1951 1196 2032 internos,
1220 1955 1259 2012 ut
1282 1951 1506 2031 imposterum

213 2055 256 2118 ab
289 2056 474 2119 eorundem
507 2057 755 2140 oppidanorum
778 2065 813 2120 et
836 2056 1044 2121 villanorum
1067 2053 1237 2140 parochiis
1260 2054 1421 2119 ecclesiae
1452 2076 1508 2137 pa-

214 2173 322 2226 stores
345 2167 418 2227 sive
451 2166 705 2228 concionatores
734 2187 794 2246 per
826 2185 1044 2248 quoscunque
1077 2163 1229 2228 amoveri
1261 2172 1295 2228 et
1328 2161 1509 2226 exturbari

214 2273 416 2354 neutiquam
450 2274 598 2354 possint:
630 2274 690 2355 qui
723 2279 838 2334 autem
872 2271 1036 2336 hactenus
1068 2275 1176 2336 amoti
1208 2269 1371 2350 fuissent;
1405 2269 1506 2333 liceat

214 2377 304 2457 ipsos
327 2377 497 2458 reducere,
521 2377 576 2442 vel
596 2377 681 2441 alios
697 2378 770 2441 loco
789 2379 940 2460 ipsorum
955 2377 1188 2442 substituere:1
1206 2378 1265 2440 IV.
1282 2378 1511 2454 Quaestiones

323 2587 380 2638 ’A
400 2587 494 2656 tokaji
512 2587 620 2658 gytlles
639 2589 734 2642 errbl:
754 2589 791 2642 In
814 2589 903 2658 hujus
931 2595 1033 2644 autern
1061 2590 1220 2660 primariae
1249 2583 1400 2641 libertatis
1430 2586 1512 2640 labe-

214 2675 408 2730 factationem
421 2674 536 2730 facturn
549 2684 602 2743 est,
614 2684 648 2730 ut
666 2677 779 2732 subditi
799 2695 816 2730 a
835 2677 963 2732 dominis
981 2680 1113 2749 ipsorum
1133 2676 1325 2731 terrestribus
1343 2693 1404 2730 non
1423 2693 1511 2747 spon-

216 2769 304 2815 tanea
324 2766 535 2834 acceptatione,
556 2770 590 2818 ut
609 2767 640 2818 in
660 2767 796 2820 articulis
815 2767 1019 2836 specificatum
1033 2772 1118 2834 esset,
1132 2766 1182 2820 sed
1197 2765 1328 2818 violenta
1347 2766 1512 2830 coactione,

217 2851 413 2922 birsagiorurn
427 2855 623 2925 impositione,
634 2855 760 2925 aliisque
770 2855 887 2910 artibus
897 2863 927 2909 et
938 2855 1151 2927 praetextibus,
1162 2855 1199 2908 ad
1212 2855 1303 2908 aliam
1317 2854 1511 2907 conscientiis

216 2941 347 3010 ipsorum
360 2943 450 2997 nimis
463 2960 615 2998 onerosam
626 2944 801 3015 religionem
815 2945 1052 3016 amplectendam
1066 2945 1322 3015 compellerentur,
1335 2959 1371 2994 ac
1383 2941 1420 2994 ad
1432 2943 1511 2996 alias

216 3029 355 3101 religioni
384 3032 513 3102 ipsorum
546 3035 709 3086 contrarias
739 3035 919 3087 ceremonias
948 3041 979 3088 et
1006 3052 1112 3088 census
1139 3032 1323 3104 parochiales
1350 3031 1511 3086 solvendos

215 3120 417 3191 adigerentur.
431 3125 504 3178 Cum
525 3127 619 3195 igitur
641 3125 792 3180 libertatis
812 3126 867 3180 hoc
885 3143 992 3181 nomen
1012 3133 1043 3180 et
1062 3126 1271 3197 praerogativa
1289 3139 1407 3178 omnem
1426 3139 1511 3176 coac-

217 3211 328 3265 tionem
341 3214 481 3268 excludat
495 3217 664 3284 praemissis
683 3218 769 3285 regni
788 3220 912 3270 statutis
932 3219 975 3270 ita
989 3218 1045 3270 hac
1057 3218 1089 3270 in
1104 3221 1188 3287 parte
1201 3213 1391 3268 satisfactum
1405 3213 1510 3278 fuerit,

216 3301 241 3352 si
256 3317 357 3354 omnes
376 3304 526 3357 violentae
546 3302 716 3374 hujusmodi
737 3308 909 3372 coactiones
929 3313 983 3359 aut
996 3309 1099 3376 quovis
1112 3305 1196 3359 modo
1209 3304 1306 3356 tactae
1320 3302 1511 3356 turbationes

217 3389 370 3456 tollantur,
391 3395 598 3463 universisque
618 3394 747 3448 subditis
767 3398 809 3448 sic
830 3399 939 3450 coactis
958 3402 1136 3466 spontaneae
1157 3397 1187 3447 in
1208 3394 1326 3462 negotio
1352 3393 1510 3462 religionis

215 3481 296 3548 optio
315 3481 409 3535 libera
430 3481 617 3552 relinquitur.

325 3571 493 3625 Ferdinand
525 3573 645 3627 biztosai
676 3591 691 3627 e
724 3581 829 3644 pontra
855 3575 907 3646 1'gy
935 3574 1119 3628 valaszoltak
1147 3591 1164 3625 a
1192 3567 1418 3642 nagyszombati
1448 3569 1510 3622 trir-

215 3659 359 3728 gyalasok
371 3660 570 3715 alkalnuival:
588 3663 646 3714 Nos
659 3681 731 3716 sane
744 3663 799 3716 hoc
813 3665 856 3716 ita
869 3680 931 3716 esse
945 3665 1068 3716 minime
1078 3662 1274 3730 agnoscimus,
1285 3677 1352 3712 cum
1364 3660 1509 3729 primaria

217 3751 301 3818 regni
322 3749 446 3801 libertas
465 3767 482 3802 a
510 3753 632 3806 rusticis
661 3769 720 3805 non
749 3754 883 3822 incipiat,
912 3769 1003 3822 quare
1032 3752 1103 3804 licet
1131 3750 1177 3802 illi
1205 3765 1275 3802 suas
1305 3749 1510 3802 concessiones

217 3837 355 3905 habeant,
381 3856 477 3909 neque
497 3842 528 3892 in
548 3840 641 3894 libero
669 3844 804 3912 propriae
824 3842 978 3911 religionis
997 3842 1140 3894 exercitio
1159 3839 1297 3909 impediri
1317 3855 1334 3890 a
1359 3853 1509 3907 quoquam

216 3925 351 3995 debeant,
371 3929 450 3980 sicut
469 3945 564 3998 neque
585 3930 665 3982 cives
685 3931 716 3982 in
737 3929 912 3983 civitatibus
931 3931 1023 3999 regiis
1042 3948 1059 3981 a
1079 3930 1267 3999 magistratu,
1287 3925 1360 3997 quod
1383 3941 1432 3978 nos
1448 3943 1508 3979 uon

215 4033 437 4086 oppugnamus;
468 4034 502 4070 ea
530 4023 631 4070 tamen
661 4019 808 4071 concessio
836 4035 893 4070 non
922 4022 968 4070 est
995 4017 1076 4069 facta
1104 4018 1136 4069 in
1164 4015 1352 4086 opprobrium
1381 4014 1508 4066 duorum

217 4106 413 4174 terrestrium,
433 4111 539 4158 anteo
559 4106 626 4173 fine,
645 4112 680 4158 nt·
700 4107 771 4159 hinc
790 4105 984 4159 insolescendi
1005 4109 1107 4158 contra
1127 4105 1242 4158 eosdem
1255 4111 1374 4157 sument
1393 4102 1509 4158 subditi

216 4197 406 4249 occasionem.

326 4294 335 4322 ⁴
355 4285 391 4338 U.
411 4301 435 4337 o.
456 4287 483 4337 A
503 4286 596 4354 toknji
615 4285 723 4356 gyules
743 4285 837 4338 errbl:
857 4285 1021 4338 accederet
1040 4284 1077 4336 ad
1097 4284 1178 4351 haec,
1198 4283 1273 4353 quod
1287 4284 1509 4336 concionatores

216 4374 383 4444 evangelici
416 4375 563 4444 parochiis
595 4377 726 4445 ipsorum
757 4373 919 4440 exturbati,
948 4374 1044 4428 solitis
1082 4372 1275 4443 proventibus
1312 4373 1431 4443 privati,
1471 4370 1508 4424 ab

216 4466 349 4520 ecclesiis
369 4465 498 4533 ipsorum
518 4465 640 4517 exulare
660 4469 843 4534 cogerentur.
858 4462 932 4516 Cum
946 4469 1047 4516 autem
1061 4463 1254 4516 manifestum
1267 4463 1315 4530 sit,
1329 4463 1505 4515 exercitium

216 4556 370 4626 religionis
389 4554 453 4606 sine
473 4554 640 4607 ministerio
671 4554 756 4607 verbi
781 4555 877 4606 divini
909 4560 940 4606 et
968 4559 1221 4607 sacramentorum
1249 4551 1506 4604 administratione

217 4647 281 4698 lieri
301 4662 360 4698 non
380 4655 470 4715 posse,
490 4662 548 4697 non
568 4644 693 4696 dubium
713 4644 806 4696 fuerit
832 4643 987 4696 turbatum
1016 4645 1057 4696 ibi
1087 4644 1215 4696 liberum
1243 4640 1397 4712 religionis
1425 4656 1507 4693 exer-
