3182 5210
691 563 802 633 1459.
828 565 896 634 ἑνί
918 564 1030 638 um'd.

321 731 522 814 Capitulum
545 731 717 796 Ecclesiae
734 733 997 798 Transsilvanae
1013 734 1172 798 omnibus
1196 735 1327 800 Christi
1351 734 1515 800 fidelibus

215 851 285 904 tam
309 838 554 921 praesentibus,
587 861 689 924 quam
729 839 857 904 futuris
897 863 1053 923 praesens
1092 845 1258 924 scriptum
1297 845 1514 925 inspecturis

214 946 368 1010 Salutem
391 949 428 1010 in
451 949 604 1010 onmium
629 946 815 1011 Salvmore.
848 947 904 1012 Ad
928 951 1166 1012 universorum
1199 953 1361 1014 notitiam
1387 951 1514 1014 harum

214 1057 299 1117 serie
324 1053 482 1118 volumus
508 1058 693 1135 peruenire.
718 1055 809 1140 quod
834 1057 917 1119 dum
949 1055 1004 1119 bis
1027 1055 1260 1138 superioribus
1284 1056 1404 1121 diebus
1436 1080 1515 1140 pro-

214 1164 315 1225 ximis
340 1165 376 1224 in
399 1161 578 1225 Dominica
604 1169 686 1243 puta
710 1183 776 1246 qna
800 1161 950 1246 inclytae
966 1165 1114 1247 virginis
1129 1161 1336 1228 Catharinae
1359 1187 1515 1230 annuum

214 1269 407 1333 celebratur
437 1267 589 1335 festum.¹
621 1269 756 1333 Nuncio
789 1269 974 1354 Magnifice
997 1271 1129 1354 Regiae
1160 1269 1353 1354 Majestatis
1377 1272 1512 1338 Joanne

214 1379 256 1442 de
280 1377 476 1442 Labathlau
499 1377 741 1458 Themesiensi‚
775 1385 810 1441 et
842 1378 1035 1442 Siculorum
1068 1378 1212 1460 Gemite,
1246 1379 1326 1444 inde
1350 1388 1385 1444 et
1409 1403 1514 1464 super

214 1488 320 1550 variis
344 1477 567 1570 pluribusque
591 1494 625 1550 et
642 1509 786 1572 magnae
803 1490 1046 1569 importantiae
1061 1487 1162 1551 rebus
1186 1495 1221 1552 et
1245 1492 1393 1573 negotiis
1411 1489 1513 1570 paulo

214 1601 294 1658 ante
318 1595 590 1676 superveniente,
614 1593 816 1658 credentiali
840 1595 1010 1658 duntaxat
1040 1593 1206 1660 facultate
1229 1595 1401 1678 suffultus,
1430 1619 1514 1680 quo-

214 1722 290 1764 rum
314 1703 488 1764 occasione
504 1708 539 1765 et
556 1709 737 1783 praetextu
754 1708 892 1785 propter
910 1724 1024 1766 rerum
1040 1705 1192 1784 ipsa-rum
1215 1725 1275 1768 seu
1298 1703 1513 1788 legationum

214 1809 273 1872 sed
297 1817 331 1872 et
359 1811 478 1872 nuncii
502 1807 647 1890 praefati
687 1807 882 1892 Majestatis
914 1809 1045 1893 Regiae
1084 1809 1289 1891 celeriorem,
1324 1819 1426 1893 prout
1458 1833 1514 1874 res

214 1918 306 1998 ipsae
331 1924 365 1980 et
398 1915 586 2000 legationes
618 1938 657 1980 ao
690 1917 950 2002 Magnificentia
987 1920 1093 1999 ipsius
1132 1918 1261 1983 Nuncii
1293 1918 1513 2002 expetebant,

214 2023 468 2104 expeditionem
491 2025 639 2107 egregia,
678 2022 934 2108 spectabilique,
972 2047 1034 2088 1100
1067 2045 1136 2088 non
1168 2035 1316 2106 strenua,
1350 2033 1384 2089 et
1417 2027 1515 2111 agili?

214 2135 318 2212 atque
341 2131 684 2211 circumspectissima
700 2129 938 2195 Universitate
962 2136 1034 2194 tota
1052 2130 1231 2194 Nobilium
1252 2154 1293 2195 ac
1317 2133 1514 2200 Procerum.

216 2237 408 2301 Siculorum
432 2259 566 2322 quoque
589 2241 742 2302 omnium
771 2261 944 2322 generum,
967 2262 1028 2302 1100
1063 2262 1132 2303 11011
1164 2239 1346 2318 Saxonum,
1370 2241 1515 2305 Sedium

215 2344 429 2428 singularum
453 2353 592 2426 septem,
616 2349 724 2410 totius
749 2349 856 2428 partis
881 2344 985 2429 hujus
1009 2367 1068 2410 seu
1091 2347 1207 2430 Regni
1231 2347 1516 2412 Transsilvanen-

216 2454 270 2532 sis⁷
294 2455 330 2514 in
355 2473 413 2515 seu
437 2452 479 2515 ad
505 2453 669 2534 oppidum
692 2453 834 2538 Megyes
859 2456 896 2516 in
927 2475 1034 2517 unum
1068 2457 1196 2536 pariter
1220 2458 1454 2536 conveniente,
1479 2468 1516 2519 et

214 2559 409 2642 generalem
433 2557 580 2622 faciente
604 2563 913 2644 congregationem,
946 2561 1150 2625 Reverendo
1184 2565 1289 2625 etiam
1312 2565 1349 2624 in
1372 2562 1516 2626 Christo

216 2666 318 2730 Patre
342 2673 376 2728 et
400 2665 547 2730 Domino
571 2666 711 2731 Matheo
735 2668 904 2750 Episcopo
928 2667 1163 2750 Transilvano
1187 2668 1335 2733 Domino
1359 2677 1393 2733 et
1418 2692 1517 2752 prae-

216 2772 285 2836 lato
309 2779 426 2837 nostro
450 2774 652 2858 dignissimo
686 2775 911 2858 personaliter
943 2774 1073 2839 ibidem
1105 2779 1275 2840 existente
1299 2799 1338 2840 00
1360 2781 1515 2858 statutis,

216 2877 433 2964 laesionibus,
456 2890 489 2945 01
514 2881 805 2966 dispositionibus⁷
829 2889 869 2946 ut
894 2883 994 2965 infra,
1018 2883 1215 2948 nominibus
1236 2893 1275 2948 et
1299 2887 1336 2948 in
1360 2889 1516 2967 personis

217 2992 323 3053 totius
347 2989 594 3055 Universitatis
618 2991 805 3071 Nobilium,
823 2990 1024 3074 Siculorum,
1048 2999 1083 3055 et
1108 2991 1281 3056 Saxonum
1304 2996 1412 3058 totius
1438 3015 1517 3075 par-

215 3099 261 3159 tis
285 3095 539 3178 Transilvanaa
564 3095 675 3180 factis
699 3098 810 3182 quoad
844 3118 960 3162 omnes
984 3098 1169 3162 earundem
1193 3121 1319 3182 sensus,
1343 3099 1518 3166 clausulas

215 3211 250 3268 et
274 3203 436 3268 articulos
460 3225 660 3269 consensum
693 3213 727 3268 01
760 3226 935 3268 assensum
967 3213 1088 3288 sponte
1121 3213 1155 3268 et
1179 3205 1286 3270 libere
1319 3206 1518 3289 praebente,

216 3309 452 3392 praesentibus
477 3313 582 3374 etiam
605 3309 735 3374 ibidem
751 3310 1006 3374 venerabilibus
1022 3311 1181 3376 Dominis
1199 3311 1394 3377 Gotthardo
1418 3335 1519 3395 prae-

216 3421 326 3499 posito
349 3425 466 3482 nostro
489 3440 551 3482 1100
574 3439 643 3482 11011
666 3418 808 3482 Nicolao
841 3419 883 3481 de
916 3417 1075 3481 Kikelew
1108 3425 1143 3482 et
1175 3418 1534 3486 1101111110οάοΒ0--

215 3522 305 3588 boka
320 3525 590 3608 Archidiaconis‚
607 3524 773 3589 fratribus
790 3529 1034 3610 concanonicis,
1051 3533 1167 3590 nostra
1184 3526 1377 3610 Capitulari
1392 3528 1520 3593 autho-

216 3635 319 3698 ritate
344 3655 403 3715 per
426 3655 487 3696 nos
513 3633 611 3715 pleno
635 3656 713 3697 curn
746 3635 908 3697 mandato
933 3632 1012 3696 illac
1036 3633 1211 3716 deputatis
1235 3643 1270 3698 et
1294 3638 1519 3717 transmissis,

215 3741 368 3825 Egregii
392 3739 602 3823 Spectabiles
625 3764 663 3804 00
689 3742 829 3804 Strenui
852 3749 886 3803 et
910 3740 1026 3824 agiles.
1051 3762 1113 3804 1100
1142 3763 1211 3805 non
1243 3744 1520 3826 circumspectis-

216 3852 295 3914 simi
317 3851 394 3930 viri‚
418 3849 592 3914 Johannes
616 3849 708 3913 filius
740 3850 889 3914 Dionisii
922 3849 964 3912 de
996 3847 1094 3932 Illye,
1127 3849 1308 3914 Ladislaus
1340 3851 1383 3914 de
1405 3850 1519 3916 Folth

215 3960 300 4021 item
322 3955 495 4020 Martinus
519 3957 560 4020 de
593 3956 764 4042 Nagylak‚
803 3965 837 4020 et
870 3957 1027 4020 Andreas
1059 3956 1182 4040 Ohyko
1216 3957 1258 4020 de
1291 3957 1519 4042 Weresmort,

215 4087 278 4128 nec
300 4085 370 4128 non
393 4062 543 4129 Jacobus
565 4064 734 4148 Magister
766 4064 907 4129 Civium
939 4071 974 4127 et
1006 4062 1182 4150 Johaimes
1215 4064 1341 4128 Heiold
1366 4070 1401 4128 et
1424 4064 1521 4130 alter

216 4172 366 4237 Joannes
390 4170 553 4255 Bogathy
585 4171 610 4235 J
611 4173 703 4235 urati
740 4171 843 4236 Oives
883 4171 1048 4234 Civitatis
1081 4170 1291 4236 Oibiniensis
1324 4193 1384 4253 pro
1416 4193 1453 4236 se
1478 4175 1518 4238 in

216 4283 367 4362 personis
393 4281 547 4362 propriis
571 4299 610 4342 00
629 4277 866 4344 Universitate
883 4281 990 4343 1011110
1007 4277 1275 4344 Oommrmitatis
1299 4278 1519 4364 singidorum

216 4386 402 4470 Nobilium,
429 4409 488 4470 pro
512 4394 653 4472 totaque
678 4387 934 4452 Comnmnitate
958 4390 1112 4450 omnium
1135 4388 1243 4450 trium
1265 4408 1429 4472 generum
1445 4391 1521 4452 sin·
1579 4397 1583 4408 '

328 4627 336 4654 ¹
356 4617 523 4672 November
541 4619 584 4672 25.
