3138 5212
232 383 298 448 450

231 587 290 643 aut
314 585 435 644 votum
459 580 539 644 dare
563 581 697 644 audeat.
721 580 850 646 Contra
875 579 1060 646 facientem
1083 583 1241 647 volumus
1265 593 1305 648 ut
1329 586 1366 647 in
1386 588 1514 650 vincula

231 687 435 774 conjiciatur
471 697 507 754 et
540 689 644 774 digna
679 713 785 774 poena
819 693 989 773 puniatur.
1022 691 1069 754 Et
1102 694 1131 756 si
1159 695 1219 778 qui
1243 693 1306 758 tali
1329 693 1514 758 inordinata

230 797 395 861 electione
437 797 539 860 electi
573 795 713 878 fuerint.
746 797 789 862 ab
827 796 942 861 officio
981 796 1189 882 dejiciantur
1227 807 1262 864 et
1300 800 1516 883 deponantur.

231 903 334 968 Secus
368 907 478 989 igitur
509 904 604 968 nullo
637 905 738 969 modo
771 904 882 968 facere
916 910 1185 989 praesummatis,
1225 908 1356 973 Valete.
1395 907 1516 972 Datum

231 1011 361 1076 Oibinii
385 1015 422 1075 in
446 1015 594 1077 crastino
619 1011 701 1076 festi
724 1012 816 1076 beati
841 1013 1008 1095 Stephani
1033 1015 1317 1097 prothomartiris.
1341 1015 1444 1079 Anno
1468 1015 1517 1078 do

230 1122 316 1182 mna
342 1121 437 1182 rma.
1559 1201 1561 1208 Α

775 1227 943 1312 Magister
967 1228 1115 1310 Civium,
1139 1229 1281 1294 Judices
1302 1228 1478 1314 juratique
1560 1251 1561 1286 ;

830 1335 1003 1415 Consules
1027 1336 1191 1399 Civitatis
1215 1335 1434 1400 Oibiniensis.

230 1577 406 1650 Bathori
438 1578 588 1649 Istvan
619 1577 791 1668 lengyel
823 1577 963 1668 kirtly
996 1579 1040 1648 es
1065 1579 1227 1668 erdelyi
1250 1579 1519 1669 fejedelema

267 1685 439 1756 szatszok
461 1685 827 1776 torvenykonyvet
849 1685 1104 1775 megerdsr'ti.
1129 1687 1238 1758 1583.
1263 1687 1366 1757 febr.
1392 1689 1477 1758 18.¹1
1560 1765 1561 1774 .

230 1852 261 1916 A
276 1855 370 1916 ardea
395 1853 533 1917 izemzeii
557 1859 694 1936 appetem
720 1852 941 1918 leue-'ltdrdbou
956 1853 1031 1944 ¹lani
1046 1853 1216 1918 credatu&
1239 1854 1353 1919 lindio
1380 1853 1518 1919 Seirai.
1560 1821 1561 1824 Ἴ

607 1959 713 2026 Acten
739 1960 810 2023 und
834 1959 947 2025 Dolon
971 1965 1026 2024 etc.
1055 1961 1104 2024 71.
1127 1959 1146 2025 l.
1560 1967 1561 1978 ¹

337 2135 407 2198 Nos
431 2137 625 2220 Stephanus
649 2138 705 2200 dei
729 2139 841 2222 gratia
864 2137 941 2201 Rex
965 2137 1135 2212 Poloniae,
1168 2158 1313 2221 magnus
1346 2137 1418 2200 dux
1452 2137 1519 2200 Lit-

229 2245 350 2306 vaniae
376 2243 520 2306 Russiae
545 2244 711 2322 Prussiae,
735 2244 917 2325 Mesenae,
942 2243 1160 2328 Samogitiae,
1184 2245 1341 2325 Kioviae,
1357 2243 1519 2324 Volinine.
1560 2325 1561 2336 ἵ

230 2349 444 2426 Podlachiae,
485 2351 717 2434 Livoniaeque
756 2359 818 2413 etc.
851 2350 1019 2414 Dominus
1051 2373 1112 2414 neo
1146 2372 1214 2413 non
1247 2349 1520 2415 Transsilvaniae

230 2458 402 2539 Princeps.
435 2457 491 2520 Ad
526 2465 725 2540 perpetuam
757 2459 807 2520 rei
840 2461 1038 2521 memoriam
1085 2507 1520 2522 .........
1560 2503 1561 2506 κ

230 2565 417 2650 Postquam
441 2585 523 2628 vero
548 2565 589 2627 ad
615 2565 815 2649 Hungariae
839 2564 923 2628 fines
948 2568 1086 2648 propius
1108 2568 1374 2649 accessissemus
1393 2573 1521 2630 nostra-

228 2695 305 2736 rum
336 2675 485 2755 partium
509 2694 581 2735 esse
606 2674 811 2754 putavimus,
845 2675 949 2736 etiam
982 2673 1173 2738 rationibus
1207 2675 1375 2756 praedicti
1408 2675 1521 2758 Regni

228 2782 337 2843 nostri
361 2779 639 2843 Transsilvaniae
664 2779 850 2862 providere.
874 2779 995 2864 Itaque
1020 2780 1102 2843 dum
1131 2783 1222 2844 inter
1253 2781 1338 2845 alios
1371 2781 1520 2844 eiusdem

228 2887 431 2950 Provinciae
470 2895 605 2950 nostrae
645 2885 809 2962 subditos
858 2884 1010 2950 fidelium
1049 2895 1242 2951 nostrorum
1284 2891 1519 2952 universorum

229 2993 403 3056 Saxonum
427 2993 542 3078 legati,
567 2992 684 3056 fideles
708 2993 817 3055 nostri
843 3042 848 3054 .
873 3041 879 3054 .
904 3042 911 3054 .
935 2991 1002 3056 huc
1026 2995 1061 3056 in
1086 2993 1263 3058 Poloniam
1287 2995 1330 3058 ad
1350 3017 1412 3058 nos
1429 2995 1519 3059 missi

228 3103 413 3180 venissent,
437 3100 613 3184 Nobisque
638 3109 772 3182 praeter
794 3098 860 3162 alia
881 3099 1069 3184 Privilegia
1085 3103 1306 3186 antiquorum
1321 3103 1519 3187 Hungariae

227 3208 365 3293 Regum
390 3208 621 3272 confirmanda
646 3211 750 3271 etiam
774 3207 935 3270 Oodicem
959 3207 1055 3272 Juris
1079 3209 1307 3293 MunicipaliS‚
1331 3233 1392 3274 seu
1408 3211 1517 3295 legum

228 3322 261 3378 et
287 3317 585 3380 Oonsvetudinum
609 3315 711 3398 longo
735 3336 799 3376 usu
823 3322 857 3376 et
890 3313 1130 3380 observatione
1163 3323 1386 3400 receptarum,
1420 3320 1518 3402 inque

284 3516 304 3543 ¹¹
323 3509 350 3560 A
370 3525 495 3578 magyar
523 3507 554 3563 e‘s
582 3507 701 3578 aze'kely
723 3505 819 3576 jogtol

227 3596 391 3650 kulenbozu
418 3598 499 3650 sztsz
528 3598 665 3651 szoktsos
681 3597 734 3666 jog
760 3597 820 3648 elad

226 3685 380 3755 rendezdje
400 3687 503 3740 Bomel
523 3686 631 3740 Tamis
651 3687 715 3739 volt
739 3686 819 3740 ›Sta-

226 3780 294 3828 tuta
306 3775 423 3828 Iurium
438 3775 668 3846 Municipalium
679 3774 820 3829 Civitatis

226 3862 452 3932 Cihiniensium,
472 3865 714 3937 reliquarumque
740 3864 818 3918 Civi-

226 3957 325 4006 tatum
357 3959 386 4006 et
422 3958 630 4010 universorum
668 3955 818 4010 Saxonum

227 4041 530 4098 Transilvanicorum.
543 4047 619 4099 1560.
631 4047 726 4098 czimtl
734 4063 818 4098 niun-

226 4129 364 4200 lrtjtban.
378 4134 458 4204 mely
473 4135 669 4205 ugyana'kkor
684 4134 817 4188 nemetill

226 4219 252 4271 is
265 4220 427 4290 megjelent
446 4223 587 4292 (Statuta,
607 4224 676 4277 oder
695 4224 818 4278 Satzun-

225 4325 283 4377 gen
320 4313 473 4380 gemeiner
511 4312 735 4367 Staatsreohten
766 4314 817 4367 der

226 4397 450 4470 Hermanstadt,
480 4402 540 4454 und
568 4403 692 4455 andarer
715 4403 817 4455 Stadte

227 4485 287 4537 und
319 4488 393 4541 aller
426 4489 596 4543 Deutschen
633 4491 664 4542 in
699 4491 817 4543 Sieben-

227 4573 361 4643 burgani.
376 4579 400 4630 E
414 4579 589 4633 Bomel-fele
605 4580 817 4651 gylijtemenyt

227 4662 335 4718 keadbb
350 4667 478 4722 Froniue
493 4670 612 4740 Mttyts
628 4670 738 4724 brassoi
758 4688 816 4724 sae-

928 3507 1016 3560 nttor
1035 3508 1223 3576 kiluvltena
1244 3509 1392 3562 czimekre
1411 3507 1443 3562 es
1461 3525 1517 3562 aza-

928 3597 1071 3650 kaszolrra
1084 3605 1214 3652 osztotta
1227 3616 1241 3652 s
1255 3599 1372 3652 rniuthn
1387 3597 1517 3665 Btthory

928 3685 1033 3738 Istvlrn
1062 3687 1293 3758 megerdsltette‚
1316 3685 1516 3741 1583-banki-

928 3781 1084 3844 nyomatta
1124 3777 1168 3846 ily
1206 3777 1359 3832 czimmel:
1401 3777 1516 3828 Statutn

929 3863 1044 3916 Iuriurn
1065 3865 1295 3935 Municipalium
1318 3865 1469 3919 Saxonum
1487 3865 1515 3916 in

929 3953 1156 4024 Transylvania‚
1176 3971 1265 4024 opera
1278 3955 1388 4007 Matth.
1409 3951 1515 4016 Fronii.

928 4045 1034 4112 revisa,
1080 4044 1272 4114 locupletata,
1316 4063 1385 4099 cum
1421 4041 1514 4116 gratia

928 4133 1033 4202 Regia,
1044 4139 1074 4187 et
1089 4133 1255 4204 Privilegio
1265 4133 1429 4188 decennali.
1442 4129 1514 4186 leat

981 4222 1162 4294 impressum
1199 4226 1230 4278 in
1268 4223 1390 4294 Inclyta
1429 4222 1514 4276 Trau-

927 4314 1082 4384 sylvaniae
1135 4312 1257 4368 Corona.
1314 4310 1514 4384 Ugyanukkor

928 4403 1118 4473 megjelente
1139 4403 1369 4475 torvenykdnyv
1387 4397 1513 4456 nemetul

928 4494 960 4546 ie.
981 4493 1054 4564 (Der
1082 4491 1211 4546 Sachsen
1240 4495 1270 4548 in
1297 4492 1512 4558 Siebenhiirgen

927 4583 1065 4636 Statuta:
1103 4583 1180 4636 Oder
1218 4583 1302 4653 eigen
1340 4577 1512 4636 Landreoht.

929 4673 1018 4741 nan.)
