3182 5208
183 303 226 370 36

178 501 287 580 χοντά
311 514 346 562 σε
370 502 430 562 τοῦ
464 490 587 572 ἔθνους
620 515 682 560 σου
705 492 959 581 προβαλλόμεθα
991 492 1048 558 καὶ
1069 491 1129 557 ἵνα
1150 488 1284 575 ύπείκης
1317 498 1365 580 τῷ
1389 495 1481 578 λόγιῖι

183 608 240 674 καί
256 613 297 693 τῇ
314 605 489 696 προστάξει
506 601 604 688 ήμῶν.
629 602 646 670 ὁ
670 602 707 668 δέ
724 600 924 690 ἀποκριθεὶς
947 597 1028 690 πρὸς
1048 599 1107 668 τόν
1117 604 1271 686 χαγάνον
1286 598 1482 687 ἀντέφησεν,

186 713 241 790 ότι
264 711 326 794 τήν
349 713 421 800 περὶ
439 709 494 796 ἐμέ
509 729 570 778 σου
593 708 703 791 σχέσιν
720 709 827 774 τεκαὶ
850 705 1040 796 προαίρεσιν
1055 706 1200 793 μεγάλως
1224 705 1480 794 ἐναποδέχομαι,

184 823 241 891 καί
258 821 317 904 τήν
342 819 558 908 ἐνχαριστίαν
575 814 725 902 ὁμολογῶ
749 837 802 883 σοι
817 819 1061 905 προσήκουσαν·
1085 811 1152 881 ἐπεί
1176 815 1212 882 δὲ
1225 813 1400 894 ἀδυνάτως
1415 814 1483 898 ἔχω

186 929 267 1020 πρὸς
287 925 347 1010 τήν
364 931 526 1006 τοιαύτην
547 922 662 1012 ἀρχήν,
687 924 875 992 ὑπακούσαι
899 919 938 990 ού
964 923 1120 1006 δύναμαι,
1144 922 1231 990 ἀλλά
1248 927 1374 1008 μᾶλλον
1390 918 1484 994 ἐστιν

186 1037 294 1126 ἕτερος
315 1034 364 1104 ἀπ
386 1033 467 1119 ἐμόυ
490 1031 658 1121 βοέβοδος,
683 1035 854 1117 λεγόμενος
877 1029 1098 1114 Σαλμούτζης
1120 1031 1178 1096 καί
1200 1028 1275 1100 υἱόν
1297 1032 1486 1118 κεκτημένος

188 1127 332 1232 ὀνόματι
360 1139 537 1232 Ἀρπαόήν·
570 1139 617 1207 ἐκ
641 1137 768 1206 τούτων
791 1141 921 1223 μᾶλλον
948 1130 1012 1205 εἴτε
1034 1135 1153 1216 ἐκεῖνος
1177 1139 1394 1224 Σαλμούτζης
1417 1137 1484 1208 ε’ίτε

188 1252 205 1324 ὃ
231 1249 300 1330 ύιός
322 1247 431 1316 αὐτοῦ
459 1246 622 1338 Ἀρπαόής
642 1244 701 1314 ἵνα
724 1247 859 1332 γένηται
877 1239 1005 1337 ἀρχιιν,
1021 1246 1078 1313 καὶ
1102 1241 1191 1314 ἐστιν
1214 1245 1280 1314 ύπὸ
1305 1253 1485 1334 τοῦλόγου

190 1361 289 1446 ὑμῶν.
321 1356 356 1426 ἐν
389 1355 499 1443 τούτῳ
530 1347 589 1423 οὖν
623 1358 781 1444 τῷλόγῳ
812 1353 968 1444 ἀρεσθεὶς
991 1349 1009 1419 ὅ
1033 1353 1182 1440 χαμόνος
1210 1354 1328 1434 ἐκεῖνος
1350 1356 1487 1424 δέδωκεν

189 1469 396 1557 ἀνθρώπους
427 1469 536 1531 αὕτού
570 1459 641 1546 μετ’
675 1453 794 1544 αὕτοῖ,
826 1461 884 1528 καὶ
916 1461 961 1538 εἰς
985 1461 1061 1538 τούς
1094 1461 1261 1550 Τούρκους
1283 1462 1487 1550 ἀπέστειλεν,

192 1579 223 1643 όι
246 1575 304 1644 καί
335 1574 602 1654 συλλαλήσαντες
632 1571 706 1659 περὶ
739 1573 863 1636 τούτου
894 1568 977 1652 μετά
1012 1577 1079 1636 τῶν
1108 1570 1273 1668 Τούρκων,
1301 1575 1428 1656 μᾶλλον
1451 1574 1487 1640 ὂι

196 1686 338 1772 Τούρκοι
363 1677 422 1748 τὸν
442 1677 589 1767 Ἀρπαὸή
615 1675 777 1763 γενέσθαι
800 1674 996 1764 πρόεκριναν
1020 1673 1170 1766 ἄρχοντα
1187 1674 1267 1768 ἤπερ
1282 1681 1489 1763 Σαλμούτζη

194 1791 254 1858 τόν
278 1789 387 1857 αὐτοῦ
419 1787 559 1878 πατέρα,
594 1785 625 1864 ‘c
656 1784 915 1875 ἀξιολογώτερον
949 1779 1034 1851 όντα
1056 1787 1113 1854 καὶ
1140 1787 1429 1874 περισπούδαστον
1453 1785 1491 1854 ἐν

194 1925 229 1967 τε
252 1901 417 1991 φρονήσει,
445 1895 504 1962 καί
526 1895 647 1982 βουλῇ,
670 1893 728 1960 καὶ
758 1891 880 1983 ἀνδρία
910 1894 968 1960 καὶ
990 1891 1107 1960 ἱκανόν
1137 1893 1217 1982 πρός
1241 1891 1301 1977 τήν
1327 1896 1490 1976 τοιαύτην

193 2003 306 2092 ἀρχήν·
325 1999 364 2070 ὃν
380 2003 438 2069 καὶ
453 1997 609 2093 ἄρχοντα
624 1999 711 2068 κατὰ
730 1999 769 2068 τό
787 2007 853 2066 τῶν
865 1999 1034 2090 Χαζόρων
1051 1995 1133 2080 ἐθος
1149 2002 1205 2067 καὶ
1222 2003 1493 2083 ζύκανονπεποι-

195 2113 302 2198 ήκασι,
325 2108 528 2192 σηκώσαυτες
551 2108 659 2176 αὐτόν
686 2110 730 2186 εἰς
747 2113 954 2198 σκουτόριον.
978 2108 1040 2198 πρὸ
1057 2108 1093 2174 δέ
1117 2119 1177 2177 τοῦ
1194 2108 1340 2200 Ἀρπαόή
1366 2109 1492 2178 τούτου

194 2214 348 2308 ἀρχοντα
369 2217 479 2308 ἕτερον
497 2214 529 2286 ὁι
551 2219 694 2306 Τούρκοι
710 2223 770 2282 οἴικ
785 2214 964 2298 ἐκτήσαντο
979 2219 1123 2284 πώποτε·
1144 2216 1176 2300 ἐξ
1192 2211 1233 2286 όυ
1249 2219 1307 2285 καλ
1322 2217 1415 2307 μέχρι
1432 2211 1493 2300 τῆς

196 2333 335 2417 σήμερον
359 2324 393 2392 ἐκ
418 2337 475 2407 τῆς
495 2322 618 2392 τούτου
642 2333 754 2412 γενεᾶς
776 2321 888 2414 ἀρχων
910 2326 1074 2414 Τουρκίας
1097 2327 1324 2414 καθίσταται.
1349 2324 1432 2414 μετὰ
1456 2327 1492 2395 δέ

198 2461 292 2512 τινας
306 2439 447 2523 χρόνους
473 2441 541 2511 τοῖς
560 2433 718 2520 Τούρκοις
741 2431 950 2511 ἐπιπεσόντες
968 2432 1001 2502 όι
1018 2435 1268 2516 Πατζινακῑται
1292 2433 1496 2515 κατεδίωξαν

197 2542 323 2620 αύτούς
346 2540 515 2628 μετάτού
539 2537 700 2630 όίρχοντος
723 2539 837 2606 αὐτῶν
852 2538 1011 2631 Ἀρπαδή.
1035 2540 1068 2610 όι
1091 2535 1150 2610 οὖν
1180 2545 1320 2630 Τούρκοι
1344 2542 1491 2633 τραπέν-

202 2677 252 2729 τες
274 2651 342 2716 καί
356 2647 438 2738 πρός
462 2647 521 2730 τήν
545 2649 739 2730 κατοίκησιν
770 2657 832 2736 μήν
856 2648 1093 2736 ἐπιζητοῦντες,
1118 2649 1279 2728 ἐλθόντες
1310 2649 1497 2732 ἐπεδίωξαν

202 2753 299 2828 όυτοι
322 2750 399 2834 τούς
424 2753 486 2838 τήν
509 2759 654 2842 μεγάλην
689 2753 877 2845 Μοραβίαν
909 2765 1160 2845 κατοικοῦντας,
1192 2761 1252 2826 καί
1279 2759 1324 2836 εἰς
1348 2757 1407 2840 τήν
1430 2766 1494 2842 μήν

199 2865 314 2932 αὐτῶν
346 2868 611 2948 κατεσκήνωσαν,
645 2863 689 2938 εἷς
712 2857 760 2942 ’(ήν
793 2870 851 2930 νύν
882 2861 914 2928 όι
952 2865 1094 2953 Τοῦρκοι
1128 2863 1228 2956 μέχρι
1265 2873 1323 2948 τής
1356 2868 1496 2954 σήμερον

200 2979 405 3041 κατοικοῦσι·
438 2971 493 3036 καὶ
518 2964 629 3036 ἐέιτοτε
654 2973 795 3054 πόλεμον
819 2967 852 3037 ὂι
880 2973 1021 3060 Τούρκοι
1044 2969 1126 3056 μετά
1152 2981 1218 3038 τῶν
1237 2973 1499 3052 Πατζινακῑτων

113 3075 117 3089 ’
201 3080 262 3150 ούκ
295 3079 465 3158 ἐποίησαν.
498 3077 542 3154 εἰς
574 3078 610 3143 δὲ
645 3075 685 3145 τό
717 3086 979 3158 κατασκηνῶσαν
1013 3078 1052 3147 τό
1086 3081 1266 3171 προρρηθὲν
1298 3073 1400 3157 ἔθνος
1429 3083 1499 3145 τῶν

208 3189 362 3279 Τούρκων
389 3182 468 3274 πρὸς
491 3185 551 3265 τήν
573 3182 738 3266 ἀνατολήν
771 3185 814 3261 εἰς
834 3183 889 3260 τά
923 3180 980 3267 της
1004 3187 1168 3278 Περσίδος
1199 3188 1277 3276 μέρη
1308 3187 1403 3276 μέχρι
1436 3197 1496 3255 τοῦ

203 3305 261 3363 νῦν
294 3290 551 3384 πραγματευτάς
583 3291 846 3360 ἀποστέλλουσιν
871 3285 963 3360 όυτοι
997 3293 1027 3361 ὁι
1063 3293 1143 3384 πρός
1176 3295 1216 3362 τό
1239 3293 1376 3362 δυτικόν
1407 3291 1500 3386 μέρος

204 3405 370 3477 οἰκοῦντες
393 3396 617 3489 προειρημένοι
639 3399 791 3487 Τούρκοι,
806 3401 863 3466 καὶ
879 3398 1061 3486 βλέπουσιν
1083 3397 1217 3481 αὐτούς,
1233 3401 1291 3468 καὶ
1313 3398 1502 3493 ἀποκρίσεις

205 3508 284 3598 παρ’γ
308 3506 421 3574 αὐτῶν
446 3503 527 3595 πρός
550 3505 676 3582 αὐτούς
699 3510 857 3584 πολλάκις
879 3505 1146 3593 ἀποκομίζουσιν.

306 3614 427 3696 ’Ότιὸ
452 3609 519 3680 τῶν
551 3609 810 3694 Πατζινακιτῶν
843 3614 945 3694 τόπος
975 3615 1010 3682 ἐν
1035 3609 1060 3708 ᾧ
1084 3625 1130 3704 τῷ
1156 3619 1235 3686 τότε
1260 3625 1363 3706 καιρῷ
1385 3617 1500 3704 κατῴ-

206 3746 309 3812 κησαν
334 3723 365 3790 ὁι
404 3724 556 3810 Τοῦρκοι,
588 3725 741 3787 καλεῖται
773 3723 861 3789 κατὰ
887 3722 947 3804 τήν
969 3722 1158 3808 ἐπωνυμίαν
1184 3729 1249 3792 τῶν
1273 3723 1371 3793 ἐκεῖσε
1394 3721 1503 3792 όντων

207 3839 377 3920 ποταμῶν·
403 3829 435 3898 όι
453 3921 455 3924 ¹
470 3829 504 3896 δέ
526 3833 676 3914 ποταμόι
700 3830 779 3896 εἰσιν
803 3822 910 3916 όυτοι,
934 3829 1086 3918 ποταμός
1109 3839 1237 3922 πρῶτος
1258 3829 1276 3901 ό
1306 3835 1505 3918 καλούμενος

210 3939 359 4031 Βαρούχ,
391 3935 541 4023 ποταμός
573 3937 723 4026 δεύτερος
755 3937 997 4024 ὁκαλούμενος
1032 3943 1182 4027 Κουβοῦ,
1216 3940 1363 4024 ποταμός
1391 3941 1507 4030 τρίτος

209 4048 449 4132 ὁκαλούμενος
485 4047 661 4134 Τροῦλλος,
695 4043 843 4132 ποταμὸς
876 4073 1034 4136 τεταρτος
1064 4047 1082 4117 ό
1109 4052 1305 4133 καλούμενος
1338 4049 1506 4136 Βροῦτος,

209 4152 356 4242 ποταμὸς
377 4153 524 4238 πέμπτος
548 4149 566 4220 ό
591 4143 789 4238 καλούμενος
814 4155 978 4245 Σέρετος.1

250 4407 252 4414 y
322 4335 376 4390 1Α
395 4335 500 4408 λοέτοοτ
527 4334 625 4391 utols6
653 4335 797 4407 folydban
824 4337 989 4392 lehetetlen
1017 4336 1059 4392 fol
1078 4356 1146 4392 nem
1170 4336 1296 4393 ismerni
1314 4355 1332 4390 a
1351 4336 1507 4405 δεκετεῖ-ελ,

211 4424 356 4480 Pruth-ot
375 4423 406 4478 όε
426 4425 625 4496 Dnyeszter-t.
645 4427 691 4480 Az
709 4425 796 4496 irhny
816 4428 929 4480 szerint
956 4445 991 4482 az
1011 4428 1072 4481 elsb'
1092 4428 1176 4482 kettss
1195 4427 1308 4490 κέλευσε
1328 4423 1390 4482 εείλτ
1409 4424 1506 4479 tfflflk.

211 4516 237 4570 E
256 4513 368 4570 szerint
386 4533 404 4568 a
423 4514 514 4570 Kubu
533 4513 742 4584 valbszinisseg
767 4534 784 4568 a
804 4515 878 4586 Bug,
908 4535 925 4570 a
943 4517 1067 4571 Barukh
1088 4535 1155 4588 meg
1174 4535 1192 4571 a
1211 4519 1377 4587 Dnyeszter
1402 4515 1507 4586 (Bory-

212 4605 358 4675 sthenes).
