3182 5208
197 339 249 421 138

205 553 267 606 κως
289 527 484 611 ἀπεδίωξαν.
513 527 544 596 σί
569 529 602 594 δε
625 530 765 618 Τοῦρκοι
791 527 1062 622 ὑποστρέψαντες
1083 533 1140 598 καί
1167 529 1227 613 τήν
1252 530 1366 622 χώραν
1389 532 1504 600 αὐτῶν

204 635 309 715 όυτως
341 635 490 728 έυρόντες
522 634 639 729 ῖρημον
669 637 727 704 καί
758 639 1055 732 κατηφανισμένην,
1088 637 1342 722 κατεσκήνωσαν
1370 642 1415 718 είς
1440 637 1502 720 τήν

204 753 268 832 γῆν
293 748 337 824 εἰς
361 741 399 827 ήν
426 748 485 815 καί
512 745 649 838 σήμερον
680 754 882 815 κατοικοῦσι.
915 745 976 829 τήν
1000 747 1284 835 ἐπονομαζομένην
1315 747 1403 816 κατά
1441 746 1501 829 τήν

204 853 367 952 ἀνωτέρω,
399 881 442 932 ως
475 851 601 945 ε’ίρηται
635 865 700 922 τῶν
735 863 895 942 ποταμῶν
928 855 1125 945 ἐπωνυμίαν.
1157 858 1176 928 ό
1209 857 1246 922 δέ
1279 857 1377 934 τόπος
1406 856 1440 925 ἐν
1474 851 1503 947 ᾧ

204 961 363 1055 πρότερον
386 959 418 1028 οῖ
450 964 590 1051 ,Γοῦρκοι
614 962 761 1052 ὑπῆρχον
793 962 993 1049 ὀνομάζεται
1024 964 1114 1032 κατά
1139 963 1198 1047 τήν
1226 962 1414 1049 ἐπωνυμίαν
1440 974 1499 1031 τοῦ

112 1143 115 1150 ,
204 1072 304 1142 ἐκεῖσε
328 1071 538 1162 διερχομένου
561 1080 710 1157 ποταμοῦ
733 1071 832 1149 Ἐτέλ
852 1073 911 1141 καί
934 1069 1074 1154 Κουζοὺ,
1091 1072 1126 1140 ἐν
1150 1066 1176 1164 ᾧ
1198 1071 1322 1165 ἀρτίως
1344 1072 1376 1139 σί
1393 1071 1498 1138 Πατ-

203 1182 369 1272 ζινακῖται
393 1185 613 1248 κατοικοῦσιν.
637 1179 671 1247 οῖ
694 1178 730 1246 δὲ
748 1181 889 1268 Τοῦρκοι
911 1177 1001 1271 παρά
1027 1185 1093 1247 τῶν
1109 1181 1367 1261 Πατζιυακιτῶν
1396 1181 1500 1262 διωχ-

203 1287 322 1365 θέντες
354 1279 464 1367 ήλθον
496 1288 554 1354 καί
585 1286 833 1369 κατεσκήνωσαν
865 1287 911 1366 εἰς
944 1284 1003 1368 τήν
1033 1297 1097 1373 γῆν
1120 1289 1164 1366 είς
1192 1285 1231 1371 ήν
1254 1295 1314 1355 νῦν
1337 1289 1500 1357 οἰκοῦσιν.

205 1395 239 1464 ἐν
261 1393 355 1482 αὐτῷ
380 1394 416 1461 δέ
441 1397 486 1480 τῷ
512 1397 605 1484 τόπῳ
629 1399 757 1462 παλαιά
777 1421 853 1462 τινα
876 1391 946 1462 ἐστι
970 1395 1187 1486 γνωρίσματα
1210 1395 1268 1462 καί
1290 1403 1420 1482 πρῶτον
1442 1395 1502 1480 μέν

97 1561 99 1571 ,
204 1501 295 1571 ἐστιν
328 1503 345 1586 ή
381 1509 441 1570 τοῦ
474 1501 634 1589 βασιλέως
669 1505 837 1593 Τραϊανοῦ
870 1503 999 1596 γέφυρα
1032 1502 1119 1569 κατά
1157 1503 1218 1584 τήν
1252 1511 1310 1584 τῆς
1336 1503 1501 1592 Τσὺρκίας

202 1608 317 1701 ἀρχήν,
342 1605 454 1679 ἔπειτα
477 1607 514 1676 δέ
536 1615 592 1680 καί
609 1610 811 1700 Βελάγραόα
834 1609 904 1680 ἀπό
930 1615 1028 1700 τριῶν
1049 1611 1173 1700 ήμερῶυ
1195 1620 1253 1694 τής
1268 1611 1375 1693 αὐτῆς
1390 1613 1498 1705 γεφιί-

203 1743 272 1809 ρας,
306 1719 339 1786 ἐν
370 1711 393 1808 ᾗ
426 1719 484 1786 καί
516 1725 640 1810 πόργος
664 1715 734 1786 ἐστι
764 1725 823 1786 τοῦ
847 1717 949 1806 ἁγίου
971 1721 1026 1786 καί
1059 1717 1204 1806 μεγάλου
1236 1719 1502 1788 Κωνσταντίνου

206 1835 267 1894 τοῦ
300 1825 472 1913 βασιλέως·
505 1827 562 1894 καί
586 1825 687 1893 πάλιν
719 1825 809 1892 κατά
835 1826 895 1908 τήν
918 1833 978 1896 τοῦ
1003 1836 1157 1912 ποταμοῦ
1183 1827 1339 1917 ἐκδρομήν
1362 1825 1434 1895 ἐστι
1461 1827 1501 1894 τό

205 1935 348 2027 Σέρμιον
380 1933 481 2003 ἐκεῖνο
506 1933 545 2004 τό
570 1933 754 2020 λεγόμενον,
786 1934 853 2002 ἀπὸ
880 1939 939 2017 τῆς
971 1935 1181 2024 Βελεγράδας
1205 1935 1284 2004 όὸὀν
1316 1931 1394 2016 ἕχον
1417 1933 1499 2018 ήμέ-

203 2051 268 2134 ριῦν
292 2043 364 2126 δύο,
388 2043 443 2108 καί
466 2041 534 2109 ἀπό
561 2051 627 2110 τῶν
650 2040 749 2111 ἐκεῖσε
775 2042 792 2124 ή
816 2040 940 2129 μεγάλη
974 2041 1138 2134 Μοραβία
1169 2042 1186 2124 ή
1210 2040 1438 2129 ἀβάπτιστος,
1462 2035 1503 2120 (ήν

203 2153 258 2217 καί
293 2147 466 2240 ἐξήλειψαν
497 2147 529 2216 οἱ
558 2151 711 2239 Τοῦρκοι,
744 2142 781 2230 ής
816 2145 896 2240 ήρχε
931 2147 968 2218 τό
1002 2155 1161 2240 πρότερον
1193 2149 1211 2218 ό
1240 2147 1502 2232 Σφενδοπλόκος.

204 2253 316 2326 ταῦτα
339 2258 400 2345 μέν
424 2255 467 2324 τά
490 2257 577 2324 κατά
603 2255 661 2324 τόν
686 2252 819 2347 ’Ίστρον
844 2257 995 2343 ποταμόν
1014 2255 1232 2348 γνωρίσματά
1271 2283 1304 2324 τε
1330 2259 1386 2325 καὶ
1411 2256 1499 2324 ἐπω-

203 2367 327 2452 νυμίαι·
360 2363 404 2434 τά
437 2366 472 2432 δέ
503 2363 654 2454 ἀνώτερα
689 2366 815 2433 τούτων
847 2365 881 2433 ἐν
909 2358 936 2455 ᾦ
961 2364 1053 2435 ἐστίν
1085 2365 1102 2445 ή
1130 2373 1225 2434 πᾶσα
1250 2374 1307 2446 τῆς
1341 2365 1503 2454 Γουρκίας

202 2479 484 2559 καταστκήνωσις,
515 2471 638 2562 ἀρτίως
669 2471 869 2558 ὀνομάζουσι
901 2473 990 2541 κατά
1026 2471 1085 2550 τάς
1119 2479 1186 2540 τῶν
1222 2471 1321 2540 ἐκεῖσε
1358 2471 1501 2563 ῥεόντων

202 2591 362 2667 ποταμῶν
393 2579 588 2664 ἐπωνυμίας.
612 2577 645 2647 όι
679 2580 713 2648 δέ
746 2581 892 2668 ποταμοί
915 2580 996 2649 είσιν
1023 2577 1132 2664 όυτσι,
1157 2579 1306 2664 ποταμός
1328 2585 1457 2670 πρῶτος
1482 2579 1502 2647 ό

206 2693 362 2776 Τιμήσης,
395 2687 545 2774 ποταμός
576 2688 724 2776 δεύτερος
767 2686 908 2772 Τούτης,
945 2685 1092 2775 ποταμὸς
1133 2686 1243 2777 τρίτος
1275 2687 1294 2756 ό
1328 2690 1500 2778 Μορήσης,

204 2799 362 2888 τέταρτος
384 2793 402 2866 ὃ
424 2794 558 2886 Κρῖσος,
581 2798 639 2862 καῖ
663 2797 764 2862 πάλιν
787 2794 895 2882 ἕτερος
918 2794 1066 2879 ποταμός
1089 2791 1107 2876 ή
1129 2794 1263 2874 Τίτζα.1
1281 2793 1500 2875 πλησιάζουσι

203 2910 239 2978 δέ
263 2915 331 2985 τοῖς
358 2908 514 2992 Τοάρκοις
530 2903 610 2993 πρός
631 2903 690 2989 μέν
715 2901 754 2972 τό
777 2903 977 2973 ἀνατολικὸν
1001 2903 1094 2992 μέρος
1118 2900 1150 2972 οῖ
1188 2902 1393 2991 Βοάλγαροι,
1416 2895 1501 2970 ἐνῶ

202 3019 259 3084 καί
282 3011 469 3103 διαχωρίζει
491 3011 618 3089 αὐτοῦς
641 3011 659 3080 ό
687 3007 828 3102 Ἴστρος,
853 3013 871 3081 ό
895 3013 952 3078 καί
977 3011 1169 3096 Δανούβιος
1193 3015 1363 3096 λεγόμενος
1386 3035 1498 3078 ποτα-

202 3122 274 3208 μός,
299 3121 379 3210 πρός
411 3120 446 3188 δέ
470 3118 509 3187 τό
535 3119 662 3208 βόρειον
696 3121 729 3188 οῖ
762 3121 1026 3202 Πατζινακῖται,
1050 3118 1130 3208 πρὸς
1161 3119 1197 3185 δέ
1222 3117 1259 3186 τό
1284 3120 1502 3208 δυταιίτερσυ

203 3231 235 3300 οῖ
272 3229 434 3318 Φράγγοι,
467 3227 547 3316 πρός
579 3229 615 3296 δὲ
647 3227 686 3296 τό
718 3228 937 3318 μεσημβρινὸν
968 3226 1001 3295 οί
1042 3229 1237 3316 Χροίβατοι.
1279 3225 1315 3290 ἀι
1347 3226 1384 3292 δὲ
1415 3225 1503 3296 ὀκτὼ

203 3339 312 3424 γενεαί
338 3344 404 3403 τῶν
430 3337 583 3424 Τοῦρκων
598 3323 795 3424 ἀυταιπρός
820 3333 895 3413 τοὺς
911 3333 1049 3413 οἰκείους
1064 3333 1233 3422 ἄρχοντας
1256 3332 1323 3414 οὐχ
1348 3333 1498 3415 ῦπηκόυ-

203 3465 309 3528 ουσιν,
348 3441 425 3509 ἀλλ’
459 3440 620 3526 ὁμόνοιαν
652 3436 785 3524 ἔχουσιν
816 3444 860 3521 εἰς
896 3441 971 3520 τούς
1004 3443 1193 3526 πολέμους,’
1226 3440 1269 3518 εἰς
1308 3435 1377 3510 οἷον
1407 3441 1503 3531 μέρος

203 3548 384 3640 προβάλλει
417 3547 567 3636 πόλεμος,
603 3549 882 3636 συναγωνίζεσδαι
915 3549 997 3633 μετά
1031 3553 1137 3630 πάσης
1168 3547 1345 3641 φροντίδος
1370 3550 1411 3617 Ιτε
1443 3551 1501 3616 καί

203 3661 357 3741 σπουδῆς.
382 3649 498 3738 ῖχουσι
516 3656 552 3724 δέ
568 3653 710 3739 κεφαλήν
733 3663 864 3748 πρώτην
882 3656 941 3724 τόν
963 3653 1120 3745 ἀρχοντα
1135 3653 1204 3722 ἀπὸ
1224 3648 1280 3736 τής
1303 3660 1414 3743 γενεάς
1439 3666 1502 3724 τοῦ

201 3766 347 3855 Ἀρπαδή
372 3761 460 3832 κατὰ
483 3762 704 3848 ἀκολουθίαν,
729 3767 800 3832 καί
818 3767 879 3833 δύο
904 3764 1045 3854 ἐτέρους,
1080 3763 1139 3830 τόν
1164 3763 1199 3830 τέ
1230 3768 1337 3849 γυλῦν
1359 3766 1415 3831 καί
1441 3765 1502 3832 τόν

202 3879 349 3966 καρχῦιν,
373 3869 499 3949 οῦτινες
515 3865 635 3954 ἔχουσι
661 3872 754 3954 τάξιν
769 3879 899 3963 κριτοῦ,
924 3869 991 3953 ἔχει
1016 3873 1049 3940 δέ
1071 3870 1193 3951 έκάστη
1217 3870 1311 3958 γενεά
1336 3866 1501 3962 ἄρχοντα.

315 4029 323 4058 ²
342 4023 370 4074 A
389 4018 502 4085 Temen,
521 4016 630 4086 Μετοε,
644 4017 741 4071 Κὸπὸε
760 4017 791 4072 bs
810 4035 828 4072 a
843 4017 930 4072 Tisza
949 4019 1092 4086 kssnnyen
1104 4016 1340 4073 felismerhewk.
1354 4019 1383 4073 A
1396 4017 1499 4084 Τοῖεε,

202 4109 325 4166 ῖελτέεε
352 4106 466 4163 επετῖοι
494 4106 566 4160 οεελι
585 4123 603 4160 ε
621 4106 704 4178 Bega
731 4124 812 4177 vagy
830 4125 848 4160 ε.
867 4107 1002 4162 Βεετενε
1029 4107 1121 4161 lebet.
1150 4089 1222 4177 Ugy
1243 4105 1361 4176 lsstszik,
1380 4107 1463 4178 hogy
1481 4125 1502 4162 ο.

202 4203 296 4270 g6r5g
324 4197 453 4252 kbvetok
480 4195 575 4250 akkor
603 4197 629 4250 is
657 4213 727 4251 arra
752 4197 855 4266 jssrtak
884 4213 902 4250 ε.
923 4214 1050 4268 magyar
1077 4195 1321 4267 fejedelmekhez,
1340 4195 1404 4268 figy
1422 4197 1503 4251 mint

202 4287 303 4344 Attila
322 4286 454 4341 korhban
472 4284 596 4340 Priskos
614 4283 732 4340 Rhetor
752 4285 928 4341 εΙοεεπόΙέεε
947 4285 1066 4340 ετεείοι.
1095 4285 1267 4341 ΚϋΙὸαιοειι
1290 4303 1359 4340 nem
1378 4287 1501 4341 lehetne

202 4375 475 4448 megmagyarhzni,
493 4373 584 4428 mibrt
603 4373 701 4428 emh'ti
719 4391 737 4428 ει
757 4375 873 4429 οεέεκῖιτ
893 4375 964 4428 σιμιλε
983 4393 1001 4429 ε,
1019 4375 1161 4430 dfflkeleti
1180 4375 1270 4430 videl(
1288 4375 1405 4447 folyhit.

312 4467 369 4520 Ἀ
388 4464 553 4536 szbvegben
582 4458 838 4535 ποταμοὺς-ἐοΙγόΙε
866 4463 915 4518 όΙΙ.
944 4465 990 4519 De
1017 4465 1110 4519 mivel
1139 4465 1238 4518 ennek
1260 4464 1346 4518 ninos
1366 4464 1501 4532 melma,

206 4555 480 4628 megengedettnek
498 4559 611 4610 tartum
631 4558 678 4607 εει
697 4570 715 4607 ε
733 4553 929 4624 conjecturat.
949 4555 1024 4625 Igen
1044 4553 1164 4625 osekbly
1183 4572 1201 4607 ε
1226 4553 1394 4625 ΙιϋΙόοοεές
1412 4573 1430 4610 ε
1449 4554 1503 4609 ket

192 4645 253 4702 ,ειό
272 4646 353 4701 ἱπόειι
372 4647 450 4701 kim.
