3142 5214
1292 357 1357 420 623

53 557 245 629 Tovabbsi
283 583 376 630 azon
412 557 601 652 generalis
638 581 788 652 praeses
825 556 873 629 ur
909 557 1054 652 megint
1087 556 1243 629 kerdest
1272 562 1356 646 tett,

51 681 167 776 hogy
195 707 218 752 a
246 683 318 754 kik
347 707 436 754 enen
464 684 485 755 ὅ
513 681 653 776 felsege
682 681 914 754 amnestialis
932 681 1118 776 gratiajat
1137 682 1251 754 venni
1270 707 1357 754 nem

42 800 250 898 'akarntla
279 807 318 879 es
346 807 452 879 laten
479 807 574 878 utin
608 832 696 879 ezen
733 807 817 878 mar
854 806 1015 900 annyira
1052 807 1188 880 elevitt
1220 804 1281 900 jot
1318 807 1357 880 es

51 932 288 1027 bekesseget
326 933 457 1004 titkon
495 957 596 1026 vagy
632 931 790 1025 nyilvan
825 932 1057 1026 haborgatni
1094 932 1279 1020 akarnak,
1314 959 1356 1004 az

50 1057 298 1150 olyanokkal
334 1057 434 1128 mint
471 1055 659 1128 kellessek
698 1055 939 1130 cselekedui?
977 1056 1123 1149 Melyre
1160 1057 1246 1152 iijra
1284 1083 1357 1154 egy

51 1182 188 1255 szoval
217 1181 501 1268 selkialtottak3
529 1181 632 1275 hogy
660 1181 756 1254 azok
784 1180 1105 1254 szamkivetettek
1141 1182 1351 1277 legyenekc

51 1303 204 1404 (Pulay
233 1307 370 1381 Janos:
399 1307 436 1378 A
466 1306 645 1377 szatmeiri
672 1305 866 1400 bekesseg.
895 1305 1047 1399 Szalay:
1075 1306 1240 1402 Magyar
1269 1309 1357 1381 Tor-

50 1433 220 1506 tenelmi
256 1431 445 1504 Emlekek
474 1430 520 1504 V.
549 1427 613 1528 k).
651 1431 689 1503 A
726 1432 905 1504 szatmsiri
942 1431 1041 1504 beke
1078 1433 1212 1506 hosszri
1249 1434 1356 1507 idere

51 1559 244 1654 befejezte
273 1583 315 1628 az
345 1556 630 1648 alkotma'nye'rt
659 1557 783 1629 vivott
811 1558 1080 1630 kiizdelmeket
1100 1582 1117 1629 s
1136 1557 1262 1654 alapja
1281 1559 1354 1632 lett

51 1710 101 1758 aa
126 1683 164 1778 tj
194 1683 376 1755 rendnek.
396 1681 434 1754 A
454 1681 555 1756 beke
571 1683 742 1756 okiratat
763 1709 805 1755 az
825 1681 1000 1780 egykorri
1018 1683 1207 1756 hivatalos
1227 1709 1355 1778 nyom-

51 1810 225 1902 tatvany
253 1809 348 1880 atain
376 1809 576 1903 koztljtk:

171 1951 242 2016 Nos
266 1949 434 2013 Elaonora
458 1949 664 2034 Magdalena
687 1948 849 2012 Theresia
877 1949 943 2014 Dei
975 1951 1088 2034 gratia
1121 1948 1354 2012 Romanorum

51 2059 279 2141 imperatrix,
301 2057 408 2121 vidua
432 2063 467 2120 et
491 2064 651 2120 coronata
675 2056 792 2142 Hung.
815 2055 926 2120 Dalm.
943 2055 1056 2120 Croat.
1081 2054 1192 2120 Sclav.
1209 2055 1354 2140 Regina,

51 2172 183 2249 utpote
207 2166 414 2229 serenissimi
437 2185 476 2227 ac
500 2167 730 2246 potentissimi
755 2167 918 2248 principis
942 2187 982 2228 ac
1005 2165 1136 2228 domini
1157 2161 1272 2226 Caroli
1291 2161 1354 2225 HI.

51 2274 128 2338 Dei
151 2274 265 2357 gratia
288 2271 543 2354 Hispaniarum,
565 2270 820 2356 Indiamque,
843 2295 906 2336 nec
929 2293 998 2336 non
1020 2271 1230 2356 Hungariae,
1247 2269 1356 2333 Bohe-

52 2385 161 2462 miae,
180 2379 290 2444 Dalm.
314 2377 427 2462 Oroat,
451 2377 561 2442 Sclav.
584 2380 675 2464 regis
692 2386 755 2442 etc.
771 2380 888 2465 Regia,
904 2377 989 2443 Filii
1004 2381 1115 2444 nostri
1131 2377 1355 2458 dilectissimi,

53 2511 154 2553 nunc
178 2489 272 2551 unici
294 2486 407 2551 Mater
440 2491 474 2548 et
507 2486 708 2571 Regnorum
740 2484 894 2569 ejusdem
927 2507 987 2569 pro
1019 2493 1171 2570 tempore
1202 2485 1356 2549 Rectrix.

45 2596 194 2661 -Notum
218 2593 362 2658 facimus
385 2595 556 2656 universis
580 2599 615 2656 et
638 2593 793 2678 singulis,
818 2596 995 2678 signanter
1027 2601 1144 2657 autem
1175 2591 1355 2656 Fidelibus

54 2702 200 2767 Nostris
223 2699 445 2783 Reverendis,
479 2698 759 2782 Honorabilibus,
793 2699 1045 2783 Spectabilibus
1077 2721 1117 2763 ac
1149 2697 1355 2784 Magnificis,

54 2807 257 2895 Magnificis
280 2809 365 2870 item
388 2807 548 2892 Egregiis
576 2813 611 2870 et
644 2805 835 2890 Nobilibus,
866 2828 928 2870 nec
960 2827 1030 2870 non
1062 2805 1295 2870 Prudentibus
1320 2813 1354 2869 et

54 2916 328 2998 Circumspectis
351 2912 525 2995 Supremis
557 2919 592 2976 et
620 2911 921 2996 Vice-Comitibus,
952 2911 1136 2978 Judicibus
1167 2911 1354 2995 Nobilium,

55 3033 95 3090 et
118 3024 145 3089 J
147 3019 253 3087 uratia
277 3019 524 3103 AssessoribuS,
547 3042 587 3083 ec
611 3022 693 3084 totis
718 3020 856 3084 demum
879 3019 1174 3108 Universitatibus
1193 3019 1355 3084 Domino-

55 3153 140 3196 rum
178 3129 423 3210 Praelatorum,
462 3128 645 3210 Beronum,
684 3128 887 3213 Magnetum
926 3135 961 3191 et
993 3127 1172 3192 Nobilium
1206 3125 1354 3210 praefati

55 3239 178 3323 Regni
194 3235 402 3321 Hungariae,
419 3241 453 3297 et
471 3235 621 3317 partium
640 3233 751 3297 eidem
776 3240 1000 3298 annectamm
1024 3235 1224 3318 quorumvis
1241 3231 1355 3298 Comi-

55 3354 208 3428 tatuum,
231 3366 301 3408 non
324 3364 420 3408 secus
444 3341 648 3406 Liberarum
664 3363 704 3405 ao
722 3343 912 3428 Regiorum
929 3341 1131 3424 Civitatum,
1147 3341 1354 3427 Privilegia-

56 3463 178 3518 torum
216 3455 301 3516 item
340 3450 560 3534 Oppidorum,
594 3449 773 3532 Villarum,
813 3450 1136 3534 Possessionumque
1176 3449 1353 3534 Magistris

56 3561 211 3642 Civium,
239 3557 424 3642 judicibus,
463 3555 678 3621 senatoribus
710 3563 746 3620 et
774 3553 900 3639 juratis
933 3555 1076 3638 civibus,
1109 3577 1148 3619 ao
1181 3554 1354 3620 inferioris

55 3668 168 3730 etiam
191 3663 422 3749 cujuscunque
448 3663 663 3728 Conditionis
688 3661 894 3744 hominibus,
929 3665 966 3726 in
999 3669 1199 3746 praenotato
1231 3664 1353 3748 Regno

56 3773 272 3858 Hungariae,
304 3770 501 3857 Agentibus
535 3771 704 3848 ...Quod
739 3778 959 3856 posteaquam
982 3770 1036 3834 his
1059 3775 1214 3834 recenter
1244 3777 1354 3833 trans-

55 3883 148 3945 actis
172 3879 391 3964 temporibus,
424 3901 507 3942 sacr.
535 3878 709 3962 quondam
732 3877 895 3961 Princeps
919 3883 954 3940 et
977 3877 1065 3941 dom.
1087 3876 1259 3960 Josephus
1282 3875 1354 3962 glo-

57 3991 170 4052 riosae
193 3989 375 4051 memoriae
408 3987 641 4051 Romanorum
673 3985 873 4067 Imperator,
904 4007 944 4048 ac
975 3983 1188 4068 Germaniae,
1211 3985 1354 4069 Hungu-

55 4099 155 4160 riae.
173 4145 179 4158 .
196 4143 202 4158 .
226 4115 295 4177 rex,
318 4092 410 4157 filius
433 4101 549 4157 noster
567 4092 734 4177 gloriosae
753 4093 1026 4157 reminiscentiae
1043 4093 1353 4158 desideratissimus

59 4222 123 4286 pro
146 4203 301 4287 ingenita
325 4223 385 4265 sua
409 4200 591 4264 clementia
608 4249 615 4264 .
632 4249 662 4264 ..
687 4198 783 4262 fideli
805 4208 921 4264 nostro
945 4198 1043 4264 nobis
1068 4202 1197 4264 sincere
1217 4199 1353 4279 dilecte,

57 4307 243 4392 spectabili
274 4330 314 4372 ac
346 4305 529 4392 magnifico
562 4308 680 4370 comiti
712 4306 840 4370 Joanni
865 4305 980 4390 Palffy
1003 4305 1048 4370 ab
1070 4304 1197 4389 Erdtd,
1222 4304 1353 4388 praefa-

58 4425 176 4480 torum
198 4436 383 4501 regnorum
406 4413 525 4498 Dalm,
550 4413 672 4497 Croat,
691 4412 802 4477 Sclav.
818 4413 923 4496 Bano,
939 4411 1061 4495 Campi
1077 4411 1352 4477 mareschallo...

57 4545 123 4587 nec
155 4543 224 4585 non
257 4521 378 4586 Carolo
412 4521 545 4585 Locher
575 4521 617 4585 de
649 4517 911 4604 Lindenheimb,
945 4518 980 4584 O.
1009 4519 1050 4584 R.
1075 4518 1219 4583 Consilii
1242 4517 1353 4584 Aulae

59 4629 185 4694 Bellici
209 4627 422 4710 Consiliari0,
459 4650 517 4710 pro
542 4629 735 4692 reducenda
766 4626 1040 4710 stabiliendaque
1056 4675 1063 4690 .
1080 4675 1110 4690 ..
1135 4626 1221 4690 dicti
1252 4629 1352 4712 regni
