3144 5218
1336 357 1402 420 557

103 547 205 612 labor
219 551 403 633 gratuitus,
426 569 465 612 ac
481 571 634 614 annonae
651 547 796 634 alicujus
812 549 1075 633 administratiO,
1099 551 1158 615 sed
1181 551 1265 616 haec
1288 556 1402 617 omnia

102 657 212 718 etiam
245 655 347 720 simul
379 661 516 738 sumpta
548 677 765 742 nequaquam
796 656 991 740 adaequant
1022 679 1140 722 eorum
1168 657 1402 722 Oonfiniorum

102 764 355 826 necessitatem.
377 759 479 826 ¹Alter
502 769 564 844 est,
591 765 748 848 equitum
781 764 910 846 pariter
941 771 976 826 et
1010 763 1166 846 peditum
1189 767 1404 848 conscriptio,

102 877 191 952 quot
214 871 379 934 nimirum
402 871 534 954 equites
558 870 728 955 siquidem
760 870 963 952 (1011111111,
996 872 1127 954 pedites
1159 894 1242 938 vero
1275 873 1402 939 liberae

103 974 277 1041 Civitates
301 979 339 1041 in
361 981 565 1042 necessitate
589 999 649 1061 pro
672 1001 733 1043 sua
750 976 956 1060 defensione,
980 979 1023 1042 ad
1040 981 1299 1064 requisitionem
1314 980 1403 1046 Suae

102 1081 153 1146 M.
176 1083 233 1147 vel
256 1083 408 1148 Palatini
439 1084 564 1169 Regni,
596 1091 690 1148 certo
722 1105 863 1148 numero
896 1083 1007 1148 solent
1040 1085 1261 1170 conscribere,
1293 1111 1332 1152 ac
1364 1091 1404 1153 in

102 1188 273 1274 Confinia,
296 1214 382 1276 quae
407 1194 517 1276 magis
540 1191 708 1277 indigent,
731 1213 863 1274 ponere.

216 1297 353 1362 Tertius
376 1312 446 1362 est:
469 1299 655 1382 Expeditio
673 1299 898 1383 particularis,
921 1301 958 1364 in
974 1321 1041 1384 qua
1057 1323 1076 1364 a
1092 1301 1238 1384 singulis
1254 1311 1403 1386 quatuor

103 1408 216 1488 portis
232 1427 320 1470 unus
336 1428 438 1490 eques
454 1407 644 1491 expeditur,
659 1408 703 1473 ad
719 1407 924 1472 Mandatum
937 1408 994 1472 vel
1011 1408 1097 1474 Suae
1114 1410 1227 1474 11111
1242 1410 1403 1474 Palatini.

102 1515 257 1591 Quartus
273 1522 334 1596 est,
350 1514 528 1580 Generalis
544 1517 756 1599 insurrectio,
773 1538 859 1600 quae
875 1515 916 1580 fit
932 1518 1048 1602 Regni
1059 1513 1162 1599 juxta
1185 1520 1402 1582 constitutio-

103 1643 175 1702 111,
192 1629 227 1686 11
243 1621 327 1686 haec
343 1621 472 1686 faceret
488 1621 628 1705 quidem
642 1621 783 1706 aliquid,
799 1623 829 1686 si
845 1625 1045 1704 praesertim
1060 1645 1138 1687 cum
1155 1623 1403 1708 Transylvanis

105 1735 221 1811 posset
244 1727 319 1794 fieri
342 1730 649 1812 correspondentia.
673 1727 740 1792 Sed
764 1737 862 1792 extra
884 1728 949 1792 hoc
973 1731 1079 1793 etiam
1110 1731 1148 1793 in
1179 1729 1243 1794 hac
1276 1733 1401 1816 exigua

103 1859 241 1922 quoque
264 1837 465 1922 Hungariae
488 1837 689 1902 residuitate
723 1860 765 1900 ex
798 1835 979 1901 Slavoniae
1012 1843 1046 1900 et
1079 1835 1237 1902 Oroatiae
1269 1838 1403 1923 Regnis

105 1946 261 2010 Coronae
284 1946 484 2031 Hungariae
517 1944 666 2010 subditis
698 1948 960 2030 quinquaginta,
991 1945 1048 2009 vel
1080 1949 1260 2030 sexaginta
1293 1949 1400 2013 millia

103 2054 285 2119 hominum
301 2061 438 2137 possent
454 2074 658 2137 consurgere
673 2055 710 2118 in
725 2053 790 2118 hac
806 2052 968 2118 Generali
982 2053 1254 2134 insurrectione,
1280 2077 1402 2119 verum

105 2169 145 2226 ut
169 2161 208 2225 hi
231 2182 347 2224 omnes
370 2160 472 2224 simul
496 2163 677 2224 convenire
703 2163 843 2243 possint,
866 2181 935 2224 non
958 2167 1051 2224 caret
1075 2159 1293 2242 difficultate,
1326 2170 1403 2226 tum

104 2273 188 2355 quia
219 2271 382 2354 Regnum
413 2268 477 2332 hoc
509 2269 712 2350 vastatione,
754 2277 789 2332 11
822 2269 1043 2350 occupatione
1078 2268 1268 2333 Turcarum
1300 2269 1400 2334 valde

104 2380 353 2462 angustiatum,
376 2397 444 2440 non
456 2374 529 2458 jam
546 2375 663 2459 latum,
680 2383 720 2438 ut
736 2375 819 2438 olim
834 2377 963 2456 extitit,
978 2374 1037 2438 sed
1053 2375 1096 2438 ad
1113 2374 1255 2460 longum
1270 2375 1402 2458 saltem,

104 2486 210 2568 idque
249 2486 339 2548 circa
370 2483 547 2548 'Perminos
580 2503 700 2546 versus
737 2481 860 2566 Regna
899 2480 1096 2546 Christiana
1134 2488 1169 2544 et
1202 2481 1403 2547 Provincias

104 2590 315 2672 extenditur,
348 2597 424 2654 11111
455 2591 536 2674 quia
568 2589 696 2653 Turcas
729 2612 749 2652 a
782 2589 897 2672 latere,
930 2595 965 2654 et
996 2591 1033 2652 in
1065 2589 1260 2655 meditullio
1287 2592 1402 2676 Regni

104 2699 281 2778 habemus,
304 2705 380 2762 tum
403 2698 483 2781 quia
507 2695 695 2780 periculosa
719 2702 808 2759 esset
831 2695 933 2760 valde
949 2697 1015 2760 ista
1032 2695 1263 2781 Congregatio
1287 2699 1343 2761 vel
1359 2722 1400 2762 ex

105 2804 292 2869 formidine
316 2805 421 2868 etiam
444 2803 551 2866 cladis
583 2801 628 2864 ad
651 2803 761 2866 instar
785 2801 927 2884 periculi
950 2802 1197 2867 Mohacsiensis
1220 2804 1277 2868 vel
1300 2805 1400 2889 longe

104 2911 220 2976 adhuc
237 2908 369 2994 pejoris,
393 2912 531 2994 siquae
556 2906 650 2990 pejor
672 2908 748 2972 dari
764 2915 885 2992 potest.
910 2909 976 2973 Sed
1000 2916 1073 2974 esto
1097 2920 1306 2992 exponerent
1330 2935 1401 2978 sese

105 3019 268 3103 Hungari
301 3017 451 3102 periculo
483 3039 562 3081 cum
594 3017 660 3082 sibi
692 3018 919 3099 incorporatis
952 3017 1092 3102 Regnis,
1125 3027 1402 3104 opponerentque

106 3149 179 3190 1111
212 3147 349 3190 murum
382 3126 448 3206 (uti
475 3124 536 3190 alii
568 3127 673 3188 etiam
706 3124 831 3204 fecere)
864 3145 924 3206 pro
956 3127 1109 3206 ipsorum
1141 3135 1175 3190 et
1208 3128 1401 3191 vicinorum

106 3409 125 3445 a
144 3391 253 3462 quibus
272 3407 398 3462 cumque
417 3391 505 3444 rebus
524 3395 555 3444 et
580 3389 727 3444 mercibus
756 3390 792 3443 ad
821 3391 999 3444 solutionem
1027 3391 1248 3445 tricesimarum
1275 3391 1401 3462 obligati

106 3481 237 3549 fuerant,
258 3480 460 3550 cujuscunque
480 3480 600 3533 tandem
619 3485 725 3548 status,
744 3480 905 3550 dignitatis
924 3485 954 3533 et
973 3480 1104 3533 nationis
1132 3479 1179 3532 illi
1210 3479 1280 3549 sint,
1309 3483 1400 3534 etiam

107 3568 235 3623 Cumani
264 3573 294 3623 et
313 3569 504 3638 Philisthaei,
531 3569 613 3622 ultra
631 3569 813 3622 ordinariam
832 3570 1023 3638 tricesimam,
1043 3569 1075 3622 in
1102 3585 1190 3622 usum
1218 3573 1249 3623 et
1276 3571 1403 3624 necessi-

106 3661 202 3712 tatem
230 3659 342 3712 veteris
379 3657 488 3710 militis
516 3657 692 3726 confiniarii,
721 3657 940 3710 dimidietatem
968 3657 1135 3710 ordinariae
1164 3657 1341 3725 tricesimae,
1369 3659 1401 3711 in

105 3747 245 3802 omnibus
264 3749 350 3817 regni
363 3747 507 3817 partibus,
527 3763 583 3800 110
600 3764 658 3800 non
674 3745 831 3800 Sclavonia
844 3751 874 3798 et
888 3745 1015 3815 Oroatia,
1030 3746 1178 3817 pendant:
1199 3747 1401 3818 ejusmodique

106 3837 297 3892 dimidiatam
316 3837 487 3907 pensionem
508 3835 728 3903 tricesimalem,
748 3836 980 3888 tricesimatores
999 3835 1054 3890 sub
1074 3836 1242 3888 iuramento
1261 3837 1400 3906 ipsorum,

106 3926 268 3997 superinde
292 3925 471 3996 deponenda
500 3925 536 3978 ad
557 3941 704 3978 cameram
733 3923 917 3994 Ungaricam
946 3924 1158 3978 administrare
1185 3927 1248 3979 sint
1275 3923 1401 3994 obligati

107 4017 254 4087 {exceptis
282 4021 383 4068 tamen
412 4015 548 4069 omnibus
568 4015 739 4085 praemissis
759 4015 1030 4068 contributionibus
1048 4031 1208 4084 regnorum
1228 4013 1402 4067 Sclaveniae

106 4111 138 4158 st
157 4104 302 4172 Croatiae,
323 4121 399 4175 quae
417 4121 476 4158 101
496 4105 532 4156 ad
546 4103 708 4172 Cameram,
722 4104 772 4158 sed
785 4105 818 4156 in
832 4103 1049 4156 exsolutionem
1062 4102 1204 4171 militum,
1219 4104 1250 4156 in
1265 4102 1402 4156 confiniis

107 4195 278 4265 Colapianis
305 4193 464 4248 banalibus
486 4194 691 4260 existentium,
720 4210 772 4264 per
790 4192 957 4261 regnicolas
977 4193 1148 4262 erogentur)
1168 4209 1227 4245 non
1246 4193 1278 4244 in
1298 4191 1400 4260 alium,

107 4302 197 4355 quam
217 4285 413 4355 praemissum
433 4283 531 4350 finem,
560 4284 754 4336 necessitates
773 4298 878 4352 nempe
908 4287 938 4334 et
957 4281 1100 4334 salarium
1130 4282 1266 4334 veterani
1294 4281 1403 4334 militis

107 4371 276 4428 confiniarii
306 4372 496 4443 erogandum,
526 4371 581 4426 sub
610 4373 771 4442 praemisso
798 4388 887 4424 onere
916 4369 1082 4423 reddendae
1110 4371 1298 4423 rationis...
1318 4369 1401 4422 Haec

106 4471 209 4516 autem
229 4461 421 4516 tricesimalis
441 4462 622 4515 contributio
641 4461 729 4514 duret
748 4459 804 4513 hoc
832 4459 982 4531 praesenti
1002 4459 1097 4512 solum
1126 4465 1156 4512 11
1185 4459 1287 4511 futuro
1315 4475 1401 4527 annu,

106 4552 162 4606 hoc
181 4555 228 4607 ast
241 4551 278 4605 ad
292 4551 447 4606 biennium
466 4551 632 4620 duntaxat;
651 4567 748 4621 neque
761 4567 797 4602 ex
811 4550 997 4602 dominorum
1011 4555 1042 4601 st
1054 4548 1200 4601 nobilium
1213 4548 1403 4601 allodiaturis

107 4643 190 4713 exigi
209 4641 378 4698 debeat...
397 4642 425 4694 A
444 4640 607 4695 kbvetkezd
625 4637 875 4710 orszaggyfile'sek
893 4637 1074 4708 megujitjak
1094 4655 1112 4690 a
1131 4636 1280 4708 torvenyt.
