3160 5212
213 330 279 394 320

213 549 297 611 opus
325 529 401 609 erit,
433 527 555 590 maiori
578 527 686 590 eciam
710 527 864 608 potentia
892 546 959 609 qua
985 526 1121 608 poterit,
1154 545 1286 606 semper
1308 531 1343 587 et
1367 524 1508 607 quidem

214 640 250 700 in
276 643 428 717 tempore
452 632 602 698 fideliter
624 654 828 714 succurrere,
852 634 921 696 imo
954 634 983 694 si
1005 634 1234 695 necessarium
1257 630 1372 708 fuerit,
1395 639 1510 694 totum

215 745 278 808 hoo
310 743 480 826 Regnum,
514 748 549 804 et
582 747 828 825 consequenter
866 760 926 802 nos
968 759 1084 802 omnes
1125 761 1184 820 per
1221 738 1356 822 singula
1395 741 1511 820 capita

214 854 399 934 insurgere,
417 848 546 934 talique
565 848 656 911 hosti
680 869 865 928 occurrere,
889 857 923 910 et
948 867 1009 929 pro
1032 849 1106 928 ipsa
1130 848 1242 930 patria
1265 853 1381 909 nostra
1401 867 1510 930 usque

215 959 256 1021 ad
283 964 429 1020 mortem
452 955 626 1018 decertare
650 962 835 1018 teneamur.
869 954 940 1018 Nec
973 955 1112 1017 interim
1145 952 1215 1017 ullo
1249 959 1347 1034 pacto
1380 974 1512 1016 cessare

215 1065 408 1142 debeamus,
447 1062 554 1125 donec
588 1071 622 1124 et
657 1083 833 1146 quousque
866 1082 927 1124 nos
959 1082 979 1123 a
1011 1061 1075 1124 tali
1113 1060 1211 1123 hoste
1244 1062 1279 1122 in
1313 1059 1511 1123 libertatem

216 1170 476 1236 vendicabimus
494 1177 529 1232 et
548 1170 709 1253 Regnum
725 1169 789 1232 hoc
805 1168 849 1232 ab
865 1169 958 1232 illius
976 1170 1194 1251 impeticione
1211 1189 1270 1231 seu
1286 1166 1512 1230 infestacione

217 1279 281 1342 Dei
305 1276 434 1342 auxilio
459 1275 681 1340 liberabimus
705 1279 793 1340 etin
816 1276 1106 1360 tranquillitatem
1130 1277 1277 1358 priorem
1301 1295 1512 1357 reponemus

217 1387 254 1449 Si
274 1386 335 1469 qui
354 1404 436 1448 vero
460 1391 625 1466 nostrum,
648 1387 858 1448 contrarium
883 1386 1123 1466 premissorum
1140 1381 1251 1446 facere
1268 1389 1513 1464 presumerent,

218 1491 304 1555 tales
328 1493 483 1574 perpetui
507 1489 663 1555 infideles
686 1491 801 1575 Regni
824 1490 1025 1572 habeantur,
1058 1489 1183 1575 quibus
1207 1511 1315 1573 neque
1349 1489 1513 1552 Maiestas

218 1599 328 1683 Regia
353 1599 394 1662 de
417 1617 506 1662 novo
530 1601 729 1680 constituta,
752 1607 786 1660 et
811 1621 872 1662 nec
905 1607 1017 1662 totum
1041 1589 1153 1680 ipsum
1176 1598 1337 1681 Regnum
1360 1599 1514 1682 graciam

220 1704 331 1769 facere
357 1708 472 1789 possit,
497 1707 554 1770 sed
580 1709 661 1790 iugo
687 1715 849 1788 perpetue
873 1707 1053 1769 servitutis
1076 1713 1109 1767 et
1135 1707 1340 1768 rusticitatis
1357 1702 1514 1786 subjecti,

219 1821 333 1876 reatus
357 1815 507 1895 ipsorum
533 1834 675 1895 poenam
696 1812 793 1876 luant
818 1815 890 1876 sine
914 1811 999 1890 fine;
1033 1811 1154 1876 harum
1188 1824 1382 1876 nostrarum
1415 1812 1515 1895 (quas

220 1942 280 1984 nos
304 1920 435 1984 Prelati
459 1929 494 1984 et
518 1921 669 1984 Berones
692 1923 899 2003 appensione
923 1920 1115 2004 sigillorum
1131 1927 1324 1984 nost-rorum
1341 1918 1404 1982 sub
1421 1921 1516 1982 veris

220 2029 325 2090 armis
349 2030 483 2110 nostris,
508 2049 568 2090 nos
591 2050 673 2092 vero
697 2029 859 2092 Proceres
883 2040 917 2090 et
942 2028 1082 2092 Nobiles
1108 2026 1232 2110 prefati
1256 2026 1380 2112 sigillis
1413 2026 1517 2110 preli-

223 2135 381 2198 batorum
406 2133 630 2198 Dominorum
658 2136 809 2198 Emerici
833 2135 874 2199 de
902 2135 1021 2216 Peren,
1054 2135 1199 2198 Comitis
1232 2145 1267 2197 et
1291 2134 1450 2214 Palatini,
1474 2156 1517 2197 ac

221 2241 369 2304 Comitis
394 2241 499 2322 Petri,
522 2242 651 2305 Iudicis
675 2242 778 2306 Curia
802 2243 912 2327 Regie
937 2250 971 2305 et
991 2239 1160 2324 Wajvode
1192 2241 1517 2325 Transylvaniensis

221 2348 431 2412 authenticis
464 2352 666 2413 communiri
697 2349 852 2428 fecimus)
886 2353 1005 2435 vigore
1029 2357 1064 2412 et
1089 2351 1286 2412 testimonio
1319 2349 1519 2412 litterarum

223 2456 406 2519 mediante.
439 2456 568 2520 Datum
601 2460 637 2520 in
671 2480 789 2541 campo
821 2459 939 2523 Rakos
972 2457 1134 2540 predicte,
1166 2457 1420 2540 quintodecimo
1459 2457 1519 2522 die

223 2565 509 2649 Congregationis
533 2573 647 2628 nostre
671 2567 841 2650 generalis
857 2567 1039 2630 antedicta
1056 2565 1158 2628 Anno
1175 2565 1314 2628 Domini
1330 2563 1520 2628 Millesimo

222 2674 497 2757 quingentesimo
521 2675 650 2755 quinto.

327 2919 466 2989 Rakos
490 2918 645 2989 leirasa
669 2920 947 3009 (Kovachiehz
973 2918 1230 3008 Sammlung.
1254 2919 1338 2989 109.
1363 2917 1409 3000 1.)

332 3103 437 3166 Sunst
470 3102 575 3166 abern
608 3103 659 3167 Ist
691 3126 754 3189 gar
787 3104 917 3169 Schene
951 3103 1120 3188 Ordnung
1151 3103 1193 3167 In
1226 3103 1316 3166 allen
1349 3103 1427 3166 dem
1461 3126 1520 3187 ge-

224 3209 396 3274 schehenn
420 3210 480 3273 das
504 3232 584 3274 man
614 3212 701 3275 noch
736 3213 837 3296 trayd
872 3212 970 3276 Noch
1001 3218 1165 3296 gerstenn
1197 3211 1253 3274 die
1277 3212 1320 3274 da
1344 3211 1419 3274 auff
1439 3211 1522 3274 dem

225 3316 314 3380 feldt
342 3317 471 3382 nabent
505 3317 569 3402 bey
603 3319 681 3382 (lem
714 3319 813 3383 tabor
845 3319 927 3383 umb
961 3320 1029 3383 und
1064 3318 1147 3382 umb
1179 3319 1322 3402 gebesdt
1356 3319 1523 3401 kaynnen

225 3424 373 3488 schaden
405 3423 517 3488 haben
551 3424 635 3488 than
667 3425 765 3490 Noch
797 3425 839 3489 In
870 3448 998 3510 gensen
1031 3425 1119 3488 noch
1151 3426 1318 3490 liienerun
1351 3425 1405 3488 die
1440 3423 1522 3509 fray

225 3530 416 3594 allenthalb
449 3530 531 3595 umb
565 3531 645 3595 Sein
676 3554 814 3617 gangen
846 3532 926 3596 Nitt
957 3533 1135 3617 geladiget
1166 3532 1288 3596 haben.
1312 3530 1416 3596 Wein
1447 3534 1522 3596 und

180 3623 183 3630 ¹
228 3645 320 3720 pratt
344 3639 413 3702 und
439 3638 666 3702 Kasthannen
690 3637 821 3723 flaysch
838 3641 907 3703 und
924 3639 1017 3704 Rind
1042 3637 1173 3723 flaysch
1188 3639 1323 3702 Hinern
1340 3639 1409 3701 und
1425 3637 1525 3704 Gens

226 3745 369 3827 allerlay
394 3745 480 3809 Obst
504 3747 574 3809 und
599 3747 706 3811 haber
728 3769 863 3832 genueg
886 3747 1087 3810 vorhunden
1110 3746 1162 3809 Ist
1186 3745 1329 3830 gebesdt
1355 3745 1427 3808 und
1450 3746 1525 3810 Ein

223 3847 322 3932 jeder
346 3851 423 3915 hatt
447 3853 508 3916 das
532 3853 650 3938 Seinig
674 3855 804 3938 Mugen
827 3853 1030 3918 verkauffen
1053 3856 1118 3916 wie
1142 3876 1179 3916 er
1202 3853 1280 3916 hatt
1304 3852 1459 3916 wellenn.

335 3959 405 4022 Der
428 3959 589 4024 Rakosoh
612 3961 664 4024 Ist
686 3961 832 4046 gebesdt
856 3961 1044 4026 tzwisohen
1067 3961 1134 4024 den
1157 3982 1298 4044 awayen
1327 3960 1527 4025 Hattwann

228 4063 270 4126 ln
287 4063 421 4149 frayem
445 4065 533 4132 feldt
549 4069 617 4132 Mit
633 4069 825 4133 schranken
849 4069 930 4133 umb
947 4089 1063 4153 rogen,
1088 4067 1168 4132 Und
1184 4067 1246 4130 hat
1261 4067 1390 4153 gehabt·
1406 4073 1526 4152 tzway

228 4179 283 4233 tor
305 4173 507 4240 auszerhalb
531 4177 592 4239 der
615 4175 823 4239 Schranken.
848 4176 928 4239 Sein
944 4175 1064 4260 gebest
1088 4196 1131 4238 zu
1153 4175 1225 4239 Ros
1249 4175 1329 4239 Und,
1355 4195 1406 4238 zw
1430 4173 1529 4236 Fues

231 4277 302 4341 Aus
326 4280 432 4345 Einer
455 4281 613 4366 Iglichen
637 4282 859 4366 Warmegdie
884 4283 939 4346 die
962 4281 1075 4346 haben
1098 4281 1233 4366 gehiett
1257 4282 1317 4345 das
1337 4281 1418 4345 kain
1433 4281 1528 4345 Auf-

230 4406 308 4448 ruer
339 4387 419 4452 Nitt
459 4389 557 4453 Soldt
589 4388 783 4474 geschehen
815 4388 858 4452 da
890 4388 968 4452 hatt
1001 4410 1081 4453 man
1113 4388 1201 4453 auch
1238 4389 1434 4474 Zygainner
1468 4411 1530 4470 pe-

229 4493 355 4557 schtelt
383 4503 445 4558 etc.
