3124 5216
1280 368 1344 432 769

52 562 124 625 sine
149 561 327 644 Turribus,
351 563 602 648 Parochiasque
625 571 660 628 et
684 563 824 629 Scholas
842 571 942 648 prout
966 564 1197 628 indistinctim
1221 564 1344 630 inillis

51 670 156 733 etiam
181 669 272 752 locis,
304 669 365 735 ubi
397 673 599 736 exercitium
632 671 770 754 habent,
809 674 881 736 sine
914 671 984 734 ullo
1017 671 1174 736 ulteriori
1206 693 1344 736 recursu

51 777 191 860 erigere,
215 785 275 841 aut
313 799 478 861 reparare,
502 799 541 842 ea
564 777 788 844 nihilominus
820 778 884 843 sub
907 777 1050 860 cautela,
1084 786 1123 842 ut
1147 799 1225 842 cum
1257 777 1344 842 Con-

51 886 201 948 servatio
233 883 484 949 contribuentis
525 884 634 969 plebis
667 888 884 970 praecipuam
916 885 1072 970 publicae
1109 885 1344 968 providentiae

53 999 185 1073 partem
207 994 404 1074 constituat,
428 994 465 1056 in
502 992 603 1058 Locis
626 993 705 1076 illis,
728 991 788 1056 ubi
824 993 947 1057 dehinc
979 1015 1057 1057 cum
1089 993 1344 1057 introductione

50 1098 152 1162 liberi
170 1098 364 1183 Religionis
377 1101 533 1164 exercitii
545 1120 673 1165 novum
685 1100 871 1184 quodpiam
884 1101 1064 1184 Templum
1077 1099 1134 1164 vel
1148 1099 1344 1164 Oratorium

51 1205 309 1288 exstruendum,
332 1213 394 1269 aut
417 1206 578 1270 Minister
593 1206 783 1270 illooandus
806 1209 949 1288 veniret,
969 1210 1106 1291 praevie
1129 1229 1192 1292 ope
1215 1209 1344 1272 mixtae

50 1312 286 1394 deputationis
318 1335 378 1397 per
410 1321 669 1378 concernentem
698 1312 910 1378 Comitatum
943 1315 1184 1398 emittendae,
1216 1314 1344 1400 absque

49 1430 167 1484 tamen
199 1418 333 1484 influxu
363 1420 512 1485 hominis
540 1421 749 1504 Dioecesani,
768 1423 949 1486 necessarii
972 1429 1137 1506 sumptus,
1161 1431 1196 1487 et
1219 1445 1344 1506 expen-

49 1547 107 1589 sae
140 1527 298 1611 viresque
330 1527 580 1593 contribuentis
614 1528 731 1612 plebis,
755 1551 916 1594 numerus
940 1532 1024 1594 item
1047 1532 1121 1595 sive
1143 1533 1343 1612 animarum,

49 1634 125 1696 sive
158 1631 377 1717 familiarum,
401 1634 529 1699 ibidem
563 1636 678 1700 sedem
709 1635 814 1700 fixam
853 1637 1063 1719 habentium,
1105 1639 1343 1702 intertenendo

48 1739 211 1820 deinceps
235 1741 340 1802 etiam
373 1737 510 1822 publico
533 1741 727 1825 Religionis
760 1743 923 1806 exercitio
947 1763 1080 1826 suppar,
1108 1747 1144 1809 in
1178 1767 1344 1810 concursu

48 1845 205 1909 Dominii
237 1845 458 1912 Terrestralis
499 1850 762 1934 investigentur,
795 1859 1053 1935 cognoscantur,
1086 1861 1120 1916 et
1154 1853 1344 1918 Comitatui

48 1951 255 2036 referantur,
289 1953 349 2018 ubi
372 1953 524 2019 obtentis
555 1977 656 2040 super
689 1978 728 2020 eo
760 1956 1072 2041 TestimonialibuS,
1111 1961 1202 2043 quod
1236 1959 1343 2026 fundo

48 2059 239 2124 sufficienti
264 2062 392 2143 provisi
416 2064 495 2145 sint,
519 2062 610 2126 adsit
633 2065 718 2127 item
741 2085 913 2148 congruus
929 2067 1168 2130 intertenendo
1191 2067 1343 2152 Religio-

48 2169 104 2231 nis
129 2168 293 2232 exeroitio
316 2188 487 2250 numeruS,
511 2167 679 2232 Dominus
707 2168 892 2233 Terrestris
916 2171 1053 2234 nonnisi
1084 2174 1343 2238 convenientem

48 2275 199 2339 fundum
231 2275 502 2358 intravillanum,
525 2276 581 2340 vel
614 2276 812 2360 cespitalem
845 2298 905 2360 pro
929 2277 1091 2358 Ecclesia,
1114 2277 1276 2343 Ministro
1308 2287 1343 2344 et

47 2382 183 2464 Schola,
205 2381 386 2466 adsignare
410 2381 592 2465 tenebitur,
626 2382 899 2447 Communitates
930 2389 1046 2446 autem
1070 2381 1267 2448 Catholicae
1299 2385 1342 2448 ad

48 2491 256 2555 erectionem
280 2489 336 2554 vel
359 2489 571 2554 dotationem
594 2490 759 2554 similium
787 2489 1026 2574 Ecclesiamm,
1054 2491 1110 2554 vel
1134 2490 1342 2572 Scholarum,

47 2596 245 2680 sumptibus
269 2618 327 2660 seu
351 2599 462 2680 operis
485 2596 688 2680 currulibus,
712 2619 771 2660 seu
793 2595 1009 2661 manualibus
1033 2618 1232 2662 concurrere
1248 2599 1342 2662 nulla

47 2709 184 2777 ratione
223 2703 479 2789 obligabuntur,
512 2706 717 2790 quodipsum
756 2727 797 2769 ex
837 2713 933 2788 parte
975 2707 1080 2769 etiam
1117 2703 1343 2770 Dominarum

47 2813 290 2895 Terrestrium,
314 2835 353 2876 ao
377 2812 674 2878 Communitatum
697 2813 994 2898 Evangelicarum,
1018 2813 1124 2878 relate
1147 2812 1191 2876 ad
1215 2813 1343 2876 neceri-

45 2921 179 3007 gendas
203 2920 382 3002 Ecclesias,
405 2929 466 2986 aut
491 2921 674 2986 Parochias
696 2920 1062 2986 RomanoOatholicas
1086 2919 1342 2998 observabitur;

41 3027 124 3113 jure
148 3028 326 3092 Nobilium
349 3036 409 3094 aut
432 3029 658 3093 Dominarum
681 3027 910 3093 Terrestrium
926 3027 1214 3112 Evangelicorum
1230 3026 1342 3111 quoad

46 3137 341 3200 introductionem
374 3135 474 3200 liberi
506 3134 699 3219 Religionis
733 3138 897 3217 exercitii,
930 3137 1135 3200 erectionem
1164 3136 1248 3197 item
1282 3141 1342 3197 aut

46 3246 334 3310 restaurationem
357 3243 576 3328 Templorum
600 3251 634 3307 et
651 3244 895 3308 Parochiarum
918 3243 1021 3308 semel
1050 3263 1110 3326 pro
1135 3262 1266 3324 semper
1282 3261 1342 3323 pro

45 3353 249 3432 irrestrictO,
272 3358 307 3414 et
331 3349 507 3414 illimitato
530 3349 711 3413 declarato.

159 3457 188 3518 3.
211 3455 254 3518 In
277 3454 449 3538 sequelam
473 3453 573 3518 liberi
596 3453 790 3538 Religionis
817 3453 986 3518 Exercitii
1009 3453 1230 3538 Evangelicis
1254 3474 1342 3516 corn-

47 3564 209 3646 petentiS,
233 3585 293 3627 seu
315 3564 385 3627 sint
408 3562 445 3626 hi
474 3561 620 3645 opifices,
645 3569 706 3625 aut
738 3561 881 3625 alterius
904 3559 1136 3644 cujuscunque
1165 3567 1275 3624 status
1307 3567 1342 3623 et

44 3669 257 3734 conditionis
289 3669 451 3752 homines,
484 3690 553 3732 non
586 3671 730 3732 attentis
762 3670 867 3732 etiam
907 3668 1106 3752 Privilegiis
1138 3665 1341 3748 caehalibuS,

44 3799 111 3840 nec
136 3776 179 3840 ad
202 3775 326 3840 Missae
360 3774 580 3858 Sacrificium,
604 3797 666 3839 nec
698 3775 741 3839 ad
774 3775 1016 3856 ProcessioneS,
1050 3773 1225 3858 nequead
1257 3773 1342 3836 alias

43 3884 275 3964 CeremoniaS,
299 3891 334 3946 et
357 3881 467 3946 Actus
489 3881 665 3965 Religioni
689 3904 769 3946 suae
797 3884 985 3946 contrarios
1009 3881 1079 3945 ullo
1102 3880 1214 3963 titula,
1248 3879 1342 3943 ullis-

43 4012 114 4074 que
148 3989 286 4053 mulctis
324 3990 517 4073 adigantur,
550 3997 610 4052 aut
647 3988 768 4052 Datias
806 3985 1057 4072 cujuscuncque
1092 3987 1240 4068 nominis
1278 3986 1341 4049 hoc

43 4096 154 4161 titulo
178 4096 398 4181 praestandas
425 4095 680 4179 compellantur.

157 4203 188 4266 4.
211 4203 413 4287 Evangelici
432 4205 611 4287 utriusque
635 4200 866 4266 Confessionis
882 4204 919 4266 in
942 4203 993 4286 iis,
1017 4223 1103 4286 quae
1122 4201 1165 4264 ad
1189 4202 1341 4286 Religio-

43 4333 129 4374 nem
145 4313 327 4394 pertinent,
352 4312 452 4374 unice
484 4332 504 4374 a
528 4310 721 4393 Religionis
746 4331 826 4373 suae
850 4306 1089 4392 Superioribus
1118 4308 1340 4390 dependeant,

44 4425 87 4482 ut
112 4425 230 4484 autem
253 4417 337 4481 haec
360 4416 535 4500 gradualis
559 4418 595 4479 in
619 4438 655 4479 re
677 4416 871 4499 Religionis
904 4413 1133 4498 Superioritas
1156 4436 1216 4479 suo
1248 4423 1340 4479 certo

43 4526 169 4589 ordine
208 4527 381 4606 consistat,
419 4533 571 4588 reservat
610 4523 676 4587 sibi
699 4522 767 4587 Sua
806 4519 968 4605 Majestas
1001 4521 1237 4586 Sacratissima
1269 4530 1339 4585 tam

44 4632 159 4696 relate
197 4633 239 4696 ad
280 4632 571 4696 coordinationem
609 4632 802 4715 praedictae
844 4628 1118 4714 Superioritatis;
1156 4649 1259 4713 quam
1306 4639 1340 4692 et

104 4771 235 4816 Marczali:
252 4771 273 4815 A
288 4782 388 4824 magyar
404 4771 514 4815 ttrtcnet
529 4769 619 4814 krtfoi.
1197 4751 1233 4804 49
