3144 5218
216 703 397 772 Articulus
419 703 507 773 XLI.
532 705 682 774 Liberae
697 706 895 796 Reqioeque
919 727 963 774 uc
978 705 1171 773 Monlonoe
1196 703 1364 773 Cioilules
1388 705 1512 794 quood

215 811 419 880 electionem
452 812 687 902 Muqislrotus
728 811 863 897 Ciuilis,
904 813 1031 902 Iusque
1065 811 1287 880 Caduciiolis
1328 813 1363 880 in
1397 813 1510 881 Bonis

216 916 400 1003 Civilibus,
433 941 497 988 nec
529 941 602 988 non
636 921 756 1010 quood
788 921 848 988 lus
881 921 1103 988 Pulronuius
1133 925 1165 987 el
1189 919 1349 988 Educilli
1373 920 1408 988 in
1432 921 1512 988 suis

451 1026 693 1096 Liberiolibus
717 1033 750 1094 el
773 1026 976 1116 Prioileqiis
1001 1033 1263 1095 conserventur.

322 1214 526 1281 Liberarum
549 1240 683 1304 quoque
706 1241 746 1282 ao
769 1218 967 1303 Regiorum,
986 1219 1297 1304 Montanammque
1314 1217 1512 1284 Civitatum

214 1341 284 1385 non
305 1325 450 1408 exiguae
483 1323 630 1389 fuissent
662 1326 829 1410 querelae,
852 1326 944 1410 quod
976 1329 1014 1390 in
1045 1326 1125 1391 Iure
1157 1325 1286 1391 liberae
1318 1327 1513 1391 Electionia

213 1429 439 1514 Magistratus
463 1430 595 1516 Civilia,
627 1455 690 1498 neo
717 1455 787 1497 non
809 1433 888 1498 Iura
912 1434 1129 1516 Patronatus,
1162 1440 1197 1497 et
1222 1433 1322 1498 liberi
1350 1433 1513 1513 educilli;

213 1559 253 1602 ac
276 1539 352 1603 aliis
376 1542 446 1604 suis
469 1543 756 1626 immunitatibus
781 1545 907 1626 partim
930 1565 950 1607 a
973 1550 1070 1626 parte
1094 1542 1256 1608 Gamerae
1279 1544 1513 1628 Hungaricae,

214 1647 341 1726 partim
363 1667 445 1710 vero
468 1647 511 1712 ab
537 1646 752 1714 Officialibus
775 1650 925 1733 Belliois,
949 1644 1068 1713 contra
1083 1649 1272 1736 Privilegia
1296 1653 1458 1734 ipsorum,
1476 1657 1514 1712 et

214 1751 306 1837 leges
337 1753 453 1840 Regni
484 1755 645 1820 turbatae
676 1765 711 1822 et
743 1757 929 1841 impeditae
952 1759 1158 1821 extitissent.
1191 1757 1274 1822 Ideo
1298 1757 1514 1822 confirmatis

213 1866 355 1925 eatenus
370 1863 522 1945 ipsorum
537 1864 745 1950 Privilegiis,
764 1871 799 1928 et
815 1863 1102 1948 immunitatibus,
1119 1867 1339 1950 inquantum
1355 1865 1515 1951 Legibus

213 1967 328 2052 Regni
361 1978 396 2035 et
428 1971 606 2037 nobilitari
639 1975 897 2056 praerogativae
930 1993 999 2036 non
1037 1970 1321 2056 praejudicarent.
1357 1972 1514 2036 Articuli

214 2078 320 2140 etiam
342 2077 467 2164 Regni,
490 2087 530 2144 ut
554 2087 635 2144 sunt
660 2079 755 2144 1659.
781 2079 854 2143 129.
879 2079 975 2143 1649.
1001 2079 1248 2143 16.1647.83.
1274 2080 1369 2144 1638.
1394 2081 1445 2143 35.
1472 2101 1515 2143 ac

213 2182 274 2246 alii
297 2185 478 2266 superinde
502 2186 634 2250 conditi
656 2192 875 2270 renovantur,
898 2192 934 2250 01
958 2193 1030 2249 tam
1046 2198 1114 2268 'per
1130 2185 1298 2268 Cerneres,
1322 2208 1426 2272 quam
1449 2210 1516 2271 per

214 2287 388 2354 Officiales
418 2292 574 2376 Bellicos,
607 2316 646 2358 ao
678 2293 763 2357 alios
790 2313 1009 2377 quoscunque
1032 2295 1249 2358 strictissime
1273 2294 1516 2376 observentur,

213 2419 324 2482 neque
346 2400 384 2462 in
406 2398 514 2464 libero
538 2400 714 2464 electionis
738 2400 964 2483 Magistratus
989 2399 1112 2464 Civilis
1127 2400 1216 2482 Iure,
1240 2423 1279 2465 ao
1302 2402 1380 2466 aliis
1396 2403 1515 2466 Privi-

213 2504 313 2588 legiis
336 2507 488 2588 ipsorum
510 2505 613 2591 longo
636 2528 701 2569 usu
723 2505 892 2571 roboratis
925 2528 945 2569 a
969 2509 1130 2592 quopiam
1154 2529 1289 2594 quoquo
1312 2509 1413 2573 modo
1436 2517 1515 2573 tur-

214 2611 348 2677 bentur.
370 2612 549 2677 Iudicatus
564 2633 699 2697 quoque
723 2612 909 2677 fundorum
926 2612 1092 2678 Civilium
1108 2613 1229 2679 Causis
1245 2615 1392 2680 aliorum
1414 2617 1515 2680 Iudi-

214 2741 292 2783 oum
315 2719 359 2784 ad
382 2725 534 2784 mentem
556 2719 695 2784 articuli
718 2719 883 2783 531659.
907 2740 976 2783 11011
991 2720 1199 2804 involvatur,
1223 2722 1281 2786 sed
1299 2745 1401 2805 panes
1418 2726 1516 2806 ipsos

214 2827 440 2913 Magistratus
464 2826 593 2891 Civiles
616 2833 752 2891 maneat
775 2833 878 2911 atque
901 2828 1013 2912 quoad
1037 2827 1179 2893 Nobiles
1194 2831 1515 2913 impossessionatos

214 2941 249 2998 et
273 2942 449 3018 suspectae
472 2933 675 3000 Nobilitatis
698 2932 878 2998 Articulus
901 2935 954 2998 46.
980 2935 1075 3000 1655.
1107 2958 1171 3000 nec
1193 2957 1262 3001 non
1283 2937 1396 3022 quoad
1420 2937 1514 3002 Exe-

215 3043 368 3106 outiones
392 3043 642 3106 sententiarum
665 3043 702 3105 in
726 3040 957 3106 Comitatibus
981 3041 1129 3106 latarum
1144 3041 1514 3110 Α111011111320.1649.

215 3147 458 3214 001111111101111.1

325 3423 333 3450 ¹
352 3415 379 3466 A
399 3415 534 3471 Historia
552 3415 748 3483 Diplomotica
766 3417 800 3470 de
820 3415 906 3470 Statu
926 3414 1085 3486 Reliqionis
1097 3415 1285 3487 Evanqelieoe
1305 3416 1337 3470 in
1351 3416 1513 3486 Hanania

216 3504 274 3557 108.
306 3503 325 3556 1.
345 3504 473 3574 szerzbje
500 3520 517 3557 e
546 3505 664 3560 cziklret
691 3504 745 3574 igy
763 3502 976 3574 magyarlazra:
1006 3502 1172 3575 Coeperunt
1191 3504 1252 3558 iam
1281 3501 1512 3559 Commissiones

215 3591 385 3647 Camerales
415 3594 449 3646 in
468 3590 652 3646 Civitatibus
684 3591 791 3662 Regiis
818 3591 923 3646 liberis
949 3592 1076 3646 liberam
1104 3593 1281 3646 electionem
1309 3591 1512 3662 Magistratus

215 3682 345 3736 turbare.
364 3681 487 3735 Habent
506 3679 653 3736 Civitates
672 3681 743 3734 illae
762 3681 877 3752 Regiae
895 3681 1008 3736 liberae
1027 3683 1238 3753 antiquissima
1259 3699 1314 3736 sua
1339 3681 1511 3752 privilegia,

215 3771 323 3844 quibus
336 3787 353 3822 a
367 3775 412 3823 tot
430 3770 539 3825 seculis
551 3771 599 3824 usi
612 3776 699 3824 erant
711 3771 744 3823 in
757 3771 901 3824 electione
923 3771 1019 3825 libera
1037 3771 1243 3841 Magistratus.
1263 3769 1388 3824 Camere
1406 3775 1511 3824 autem

214 3861 403 3914 Posonieneis
421 3861 580 3931 aliquoties
599 3859 822 3916 Commissarios
840 3878 908 3916 suos
926 3861 959 3914 in
978 3861 1123 3930 ejusmodi
1137 3859 1285 3916 Civitates
1303 3861 1460 3927 miserunt,
1474 3865 1511 3913 ut

213 3951 427 4005 restaurationi
446 3949 644 4020 Magistratus
658 3957 837 4021 praeessent,
856 3951 907 4004 sed
921 3950 954 4004 hi
967 3950 1103 4004 libertati
1122 3951 1175 4004 isti
1194 3951 1300 4004 multis
1318 3949 1413 4004 modis
1426 3950 1511 4004 dero-

214 4039 335 4110 gabant.
354 4039 519 4109 Praecipua
537 4039 668 4092 intentio
687 4037 827 4093 Gamerae
847 4039 1035 4094 Posonieneis
1063 4043 1094 4091 et
1120 4039 1171 4093 vel
1199 4040 1330 4092 maxime
1357 4039 1511 4094 Praesidis

214 4127 421 4182 Collonitschii
449 4144 483 4181 eo
510 4127 624 4182 directa
651 4133 725 4196 erat,
753 4133 789 4181 ut
817 4145 869 4198 per
897 4127 1041 4198 ejusmodi
1073 4126 1300 4182 commissiones
1331 4127 1510 4199 Evangelici

214 4236 232 4272 a
250 4217 425 4272 muneribus
443 4216 572 4287 publicis
591 4217 829 4271 excluderentur.
849 4217 905 4270 Sed
921 4235 988 4271 oum
1001 4217 1092 4271 simul
1105 4218 1198 4271 etiam
1211 4215 1358 4272 Civitates
1370 4218 1511 4289 integrae

214 4323 375 4378 earumque
394 4307 509 4360 incolae
522 4306 669 4361 Catholici
682 4324 775 4379 aeque
789 4325 823 4361 ae
836 4307 1014 4378 Evangelioi
1027 4307 1237 4375 advertissent,
1250 4308 1314 4362 suis
1325 4308 1511 4377 generaliter

214 4396 383 4467 privilegiis
403 4396 619 4467 praejudicium
638 4397 705 4450 fieri
724 4414 776 4468 per
795 4397 962 4468 praedictas
976 4396 1210 4465 commissiones,
1230 4397 1301 4451 hinc
1320 4399 1352 4450 in
1372 4395 1510 4452 0011111113

214 4485 375 4556 praedictis
394 4485 466 4539 licet
485 4485 678 4556 Evangelicis
709 4487 840 4540 exclusis
868 4492 970 4540 tamen
999 4487 1156 4541 Articulus
1184 4486 1265 4540 XLI.
1289 4486 1426 4540 conditus
1453 4495 1509 4554 est,

214 4592 272 4646 quo
290 4577 415 4646 antiqua
433 4573 600 4629 Civitatum
619 4575 744 4629 libertas
762 4577 794 4628 in
814 4576 1031 4630 constituendis
1049 4575 1279 4646 Magistratibus
1297 4575 1510 4630 vindicabatur

214 4671 244 4717 et
264 4662 525 4720 commissionibus
544 4663 747 4721 Camenalibus
765 4664 840 4720 obex
858 4666 1031 4737 ponebatur.
