3142 5214
1299 349 1365 414 583

68 541 185 623 dente,
217 541 347 606 auditis
379 540 544 624 partibus,
581 545 808 627 opinioneque
848 543 1130 612 Oonsfliariorum
1169 551 1365 611 nostrorum

67 647 358 732 Transsylvaniae
378 649 524 732 desuper
541 649 726 734 intellecta,
751 651 923 736 reliquum
941 653 1050 718 Nobis
1070 656 1137 718 erit
1153 653 1190 718 id
1207 655 1364 738 denique,

67 775 131 836 pro
155 777 296 820 munere
319 757 446 822 Nostro
476 755 642 822 Caesareo
673 758 785 845 Regio
818 759 1008 845 decernere,
1041 761 1133 846 quod
1163 757 1297 844 justum
1329 768 1364 826 et

65 847 225 947 aequum
242 869 454 947 compertum
477 863 593 928 fuerit.

65 1060 173 1109 autem
188 1055 431 1126 jurisdictionem
449 1056 482 1110 in
501 1055 590 1112 dictis
603 1060 717 1129 septem
739 1057 882 1114 Judicum
895 1059 980 1113 bouis
994 1059 1146 1114 Officiales
1160 1058 1364 1114 Comitatuum

64 1161 129 1198 non
149 1150 317 1210 exerceant,
344 1143 396 1199 sed
424 1145 517 1199 citato
536 1147 664 1200 articulo
687 1145 808 1201 (lassato
837 1147 987 1202 Saxonum
1012 1149 1174 1220 privilegia
1192 1165 1244 1219 per
1263 1150 1364 1202 omnia

63 1239 237 1288 serventur.
257 1233 293 1288 In
312 1235 381 1288 sede
402 1251 473 1288 vero
501 1233 648 1307 Szelistye
666 1241 786 1290 maneat
801 1236 974 1307 jurisdictio
992 1236 1159 1293 Comitatus
1179 1237 1363 1292 Officialium

61 1323 159 1392 juxta
176 1341 264 1380 usum
282 1323 429 1378 hactenus
446 1324 600 1379 observari
618 1325 750 1380 solitum.

180 1413 315 1486 Denique
333 1431 401 1467 cum
419 1414 510 1468 iidem
529 1416 621 1468 etiam
639 1413 743 1470 Status
761 1421 792 1468 et
819 1415 938 1470 ordines
965 1432 1054 1488 super
1082 1416 1141 1470 Tit.
1168 1416 1204 1470 81
1232 1414 1260 1490 ξ.
1287 1418 1305 1470 2
1333 1421 1364 1470 et
1397 1459 1405 1476 ,

63 1521 152 1576 sequ.
172 1503 204 1558 P.
223 1505 247 1560 3.
268 1504 316 1575 (ιε.
334 1504 412 1558 mint
440 1521 458 1558 a
485 1503 613 1558 varosok
640 1504 727 1560 kene
752 1503 928 1576 joszigokat
955 1507 982 1560 is
1010 1505 1157 1578 egyaranc
1184 1505 1301 1575 birnak,
1330 1504 1362 1560 es

63 1593 193 1647 minden
211 1593 445 1664 szabedsigival,
465 1592 640 1648 basanaival
660 1611 694 1648 az
722 1593 895 1666 Orszagnak
923 1595 1028 1650 musbt
1056 1593 1088 1649 e's
1115 1594 1266 1650 fructusat
1293 1611 1363 1649 nem

64 1682 141 1736 csak
162 1681 316 1754 egyarant,
335 1687 382 1737 sot
400 1682 512 1737 inkabb
531 1683 730 1738 i'ontosabban
750 1681 812 1738 elik
831 1683 862 1738 es
890 1683 992 1740 veszik
1020 1702 1054 1738 az
1082 1683 1249 1756 orszagbeli
1277 1681 1363 1754 egesa

63 1771 269 1840 statusoknil,
289 1811 296 1828 .
316 1813 349 1826 ..
381 1772 588 1827 annakokaert
619 1772 879 1844 concludbltatott,
907 1774 989 1846 hogy
1017 1773 1173 1845 alrbrmely
1201 1770 1364 1842 Natiobeli,

63 1860 283 1930 Statusokbe'li,
301 1861 550 1934 Regnicolaknak
568 1862 710 1917 szabados
729 1862 824 1916 hazak
844 1861 875 1918 e'e
893 1862 1115 1935 oroksegeknek
1134 1862 1242 1932 vitale,
1264 1861 1363 1930 adasa,

63 1950 188 2021 veve'se,
202 1952 446 2021 concambiblasa,
458 1952 542 2006 mind
554 1952 708 2022 brokaron,
721 1968 736 2006 s
749 1953 831 2006 mind
844 1952 1027 2024 zblogkepen
1040 1971 1121 2025 vagy
1133 1951 1269 2022 Sollertil,
1282 1969 1363 2023 vegy

63 2040 237 2113 megberles
256 2039 288 2096 es
306 2041 434 2096 alkuvbs
452 2040 535 2110 altal,
555 2059 589 2094 az
608 2041 735 2096 alkuvae
753 2042 867 2095 szerint
885 2041 985 2096 lehetb
1003 2041 1158 2114 akarmely
1176 2041 1258 2097 iddre
1282 2058 1363 2111 meg-

63 2129 275 2204 engedtessek,
294 2129 490 2186 semminemii
509 2131 573 2185 szin
592 2129 624 2184 es
653 2135 835 2202 praetextus,
864 2130 1010 2202 fenyitek,
1038 2149 1118 2203 vagy
1147 2129 1241 2204 egyeb
1269 2129 1363 2184 alkal-

63 2221 261 2292 matossigok
280 2221 354 2274 altal
373 2237 498 2292 magne
516 2219 702 2292 gatoltasselr
722 2239 739 2274 a
767 2221 875 2274 kozuk
902 2219 1107 2274 residetlando
1135 2219 1231 2292 egyeb
1258 2219 1362 2273 Natio-

64 2311 169 2365 beliek
188 2329 222 2365 az
241 2315 258 2365 ὅ
276 2315 309 2365 ot
327 2309 396 2365 valo
415 2309 674 2381 allapottyoknak,
694 2307 725 2364 e's
743 2309 966 2381 brbksegeknek
997 2310 1144 2382 mivoltok
1175 2310 1296 2378 suerint,
1324 2308 1363 2363 ek

62 2404 96 2456 is
116 2419 134 2454 a
153 2399 340 2456 varosolrnak
359 2399 527 2468 oltalmara,
546 2399 722 2470 igazsagara
740 2397 772 2453 es
792 2398 975 2471 Tervenyire
1006 2398 1181 2454 ketelezven
1208 2397 1362 2469 magukat,

62 2489 107 2544 ok
126 2491 154 2544 is
172 2507 243 2544 anon
263 2489 458 2545 Virosoknak
480 2489 758 2560 Privilegiumtval,
777 2489 1012 2560 szabadsbgival,
1031 2488 1063 2544 es
1081 2489 1203 2544 minden
1222 2487 1363 2542 immuni-

63 2579 203 2634 tasstval
230 2579 377 2650 egyarent
395 2577 577 2648 elhessenek,
603 2577 634 2634 es
652 2579 816 2634 semmiben
835 2578 948 2650 fellyeb
978 2595 1016 2633 ne
1043 2575 1361 2650 aggravtltassanah)

63 2672 114 2724 ita
133 2671 345 2724 convenerim:
370 2668 448 2742 quod
467 2685 555 2740 quem
573 2668 732 2722 admodum
750 2668 804 2722 illo
823 2669 951 2722 articulo
969 2667 1115 2723 hactenus
1134 2669 1183 2722 usi'
1200 2685 1259 2722 non
1282 2671 1362 2734 sunt,

64 2762 114 2813 ita
133 2760 165 2812 in
184 2763 335 2830 posterum
357 2774 474 2830 quoque
500 2775 560 2811 non
588 2763 723 2826 utantur,
751 2758 882 2829 adeoque
910 2757 1057 2812 articulus
1084 2757 1137 2812 ille
1165 2775 1218 2830 pro
1246 2760 1361 2810 cassato

64 2848 233 2918 habeatur;
261 2850 306 2902 ita
324 2853 434 2916 tamen,
453 2853 489 2900 ut
506 2847 638 2902 Saxones
657 2863 807 2902 enormem
830 2855 860 2902 et
888 2849 1074 2902 excessivam
1100 2849 1133 2902 in
1161 2847 1362 2918 hospitiorum

66 2939 119 2992 vel
132 2938 286 2992 domorum
304 2937 503 2992 locationibus
522 2937 688 3006 caritatem,
708 2941 738 2990 et
757 2937 921 2992 locantium
941 2938 1055 2991 tamin
1075 2936 1253 2991 civitatibus
1272 2951 1361 3006 quam

66 3028 202 3082 castellis
221 3027 392 3082 exactiones
412 3031 442 3080 et
460 3027 622 3080 avaritiam
641 3027 801 3097 corrigant,
821 3033 993 3080 contractus
1005 3027 1204 3081 nihilominus
1217 3026 1268 3097 qui
1282 3025 1361 3077 inter

64 3119 149 3188 ipsos
168 3116 298 3171 Saxones
317 3121 348 3170 et
366 3115 440 3170 duas
459 3115 535 3170 alias
560 3115 813 3186 'l'ranssylvaniae
841 3116 985 3170 Nationes
1013 3117 1241 3170 intervenerant
1269 3114 1362 3168 etiam

65 3209 100 3260 in
120 3213 272 3277 posterum
290 3211 393 3260 sancte
411 3205 615 3259 observentur.
635 3205 696 3259 Nec
715 3204 910 3275 refragamur,
924 3211 958 3258 ut
970 3205 1055 3260 sedes
1068 3205 1213 3276 Saelistye
1225 3202 1360 3274 gratuito

64 3297 170 3351 labore
182 3297 219 3350 ad
229 3295 346 3350 Salinas
359 3295 580 3349 Vizaknaenses
594 3294 660 3364 plus
673 3311 767 3365 aequo
780 3299 811 3348 et
823 3294 912 3348 solito
925 3294 962 3349 ab
975 3293 1163 3348 Officialibus
1175 3275 1287 3347 nostris
1300 3307 1361 3344 non

64 3391 220 3458 gravetur.
240 3384 332 3440 (lasus
360 3402 431 3440 vero
458 3391 562 3438 notam
589 3384 780 3439 infidelitatis
809 3389 1021 3438 concernentes
1048 3384 1126 3455 quod
1154 3384 1282 3452 attinet;
1310 3381 1360 3436 vel

65 3493 85 3528 a
104 3473 257 3529 Gubernio
275 3475 384 3530 Nostro
404 3475 509 3544 Regio,
528 3474 577 3528 vel
596 3491 614 3527 a
633 3473 768 3529 Statibus
786 3475 945 3543 universis,
965 3473 1076 3528 delicta
1094 3473 1257 3528 secundum
1279 3472 1360 3542 leges

65 3565 214 3618 hactenus
232 3563 406 3619 observatas
425 3565 457 3617 in
477 3563 586 3618 Diaeta
606 3565 780 3628 examinari,
810 3582 845 3618 ac
871 3579 961 3634 super
988 3579 1126 3634 processu
1153 3562 1256 3616 ordine
1281 3561 1360 3631 juris

65 3656 216 3709 instructo
234 3654 386 3708 sententia
404 3653 477 3708 ferri
496 3655 625 3724 poterit;
646 3671 679 3707 eo
698 3661 800 3708 tamen
819 3653 911 3708 Nobis
924 3659 1084 3723 reservato,
1098 3658 1133 3707 ut
1145 3657 1216 3706 ante
1229 3651 1360 3722 publica-

65 3745 189 3813 tionem,
202 3743 255 3798 ubi
273 3744 339 3798 vita
360 3743 441 3797 fama
460 3749 490 3796 et
509 3743 595 3797 bonis
613 3743 816 3814 deliquentem
834 3743 965 3798 nobilem
976 3744 1044 3814 jure
1057 3744 1150 3814 priori
1163 3742 1360 3811 contingeret,

65 3835 104 3888 ad
124 3833 185 3888 Nos
203 3834 284 3888 latae
308 3835 477 3888 sententiae
495 3835 606 3887 notitia
624 3833 785 3902 deferatur,
815 3838 845 3886 et
873 3833 1005 3902 ejusdem
1033 3833 1207 3903 approbatio
1235 3831 1360 3900 desuper

65 3928 207 3978 emanata
224 3927 406 3994 expectetur.
426 3922 462 3975 In
481 3923 612 3993 quinque
625 3938 696 3976 vero
716 3922 833 3976 casibus
852 3923 884 3976 P.
903 3923 929 3978 3.
949 3923 1007 3976 Tit.
1023 3924 1063 3976 13.
1077 3928 1125 3976 art
1140 3923 1163 3975 1.
1177 3921 1230 3990 (Ea
1243 3937 1261 3974 a
1274 3917 1360 3973 czikk

64 4014 120 4084 igy
139 4011 288 4083 bangzik:
307 4013 335 4064 A
354 4010 440 4065 Suasa
453 4011 630 4082 Atyankfiai
643 4009 770 4064 resze'rbl
784 4011 996 4065 concludaltuk
1008 4011 1109 4081 ngod
1122 4005 1359 4074 consensusbbdl,

64 4102 149 4172 hogy
179 4101 322 4172 bizonyos
353 4100 517 4155 casusolron
548 4100 636 4154 kivul
667 4103 684 4152 ὅ
716 4100 902 4171 Kegyelrnek
933 4101 1038 4154 kbzzul
1066 4100 1186 4170 privata
1214 4095 1360 4169 personale

64 4190 239 4246 immediate
252 4189 381 4244 stlara
392 4207 431 4244 ne
444 4190 712 4258 evociltatninak;
728 4189 878 4262 Ugymint
890 4189 1028 4262 Quinque
1041 4189 1207 4258 casusokat,
1221 4186 1360 4258 Gyilkos-

64 4281 154 4350 sigot
172 4277 204 4333 es
223 4279 473 4350 Depositumokat
492 4279 666 4333 concernalo
686 4279 850 4333 casusokon
869 4279 956 4334 kivul
985 4277 1080 4349 egyeb
1108 4275 1292 4332 casusokban
1320 4272 1360 4327 ha

63 4370 97 4424 ki
117 4374 184 4440 pert
202 4367 275 4422 aliar
293 4367 460 4422 inditanid
488 4368 609 4439 Kgmek
637 4368 724 4436 allen,
753 4385 787 4420 az
815 4367 877 4422 also
905 4368 1055 4422 Forumon
1083 4384 1183 4420 coram
1208 4363 1360 4436 judicibus

65 4457 305 4530 competentibus
323 4457 524 4530 prosequallja
552 4456 676 4528 pereset.
705 4457 785 4510 Ezen
813 4458 1010 4528 reciprocatio
1037 4455 1292 4525 observiltatven,
1320 4453 1360 4508 ha

63 4548 179 4603 kilmek
191 4549 209 4602 d
221 4546 342 4618 Kgmek
355 4546 459 4600 kbzzttl
473 4565 490 4601 a
503 4545 715 4618 Nemesseggel
728 4547 841 4601 velami
855 4545 994 4616 causajok
1007 4547 1191 4616 occurralna,
1204 4564 1222 4600 a
1234 4546 1360 4615 megirtt

64 4637 249 4693 casrrsokban
261 4637 349 4709 pedig
363 4638 394 4690 in
408 4637 534 4690 arbitrio
544 4638 689 4690 Actorum
703 4637 820 4707 legyen,
831 4635 870 4690 ha
881 4634 1033 4705 Tablan-e,
1045 4652 1124 4706 vegy
1135 4635 1198 4690 also
1209 4635 1358 4688 Forumon
