3192 5214
203 343 268 406 134

423 525 427 547 ⁸
480 531 571 590 1222.

245 647 288 711 In
311 649 448 712 nomine
472 651 588 709 sancte
605 644 788 708 Trinitatis
811 649 847 706 et

201 755 381 819 individue
414 755 569 817 unitatis
602 751 758 816 Andreas
791 752 847 824 dei

200 865 316 948 gracia
340 862 528 946 Hungarie,
544 859 729 942 Dalmacie,
744 859 847 924 Oroa-

201 973 261 1052 cie,
277 967 395 1050 Reme,
415 967 542 1050 Servis,
559 965 713 1050 Gallicis,
737 965 847 1031 Lodo-

201 1078 373 1161 merieque
396 1075 473 1140 Rex
496 1077 535 1138 in
558 1081 769 1158 perpetuum.

247 1291 416 1368 Quoniam
435 1289 576 1354 libertas
592 1297 667 1354 tam
680 1287 848 1354 nobilium

201 1401 316 1485 Regni
349 1401 468 1481 nostri,
500 1421 604 1484 quam
636 1400 744 1462 eciam
766 1397 848 1462 alio-

202 1529 287 1590 rum,
311 1509 473 1572 instituta
496 1528 515 1569 a
540 1512 657 1570 sancto
675 1504 848 1588 Stephano

186 1615 307 1699 Rege,
332 1635 392 1698 per
414 1613 608 1698 aliquorum
630 1613 768 1696 Regum
792 1633 848 1695 po-

114 1789 118 1796 ,
203 1724 360 1804 tenciam,
390 1721 632 1785 ulciscencium
664 1719 848 1804 aliquando

202 1834 289 1895 iram
324 1831 504 1913 propriam,
528 1827 713 1914 aliquando
741 1829 849 1892 eciam

202 1938 461 2002 attendentium
493 1936 635 2000 consilia
668 1933 754 1999 falsa
785 1937 849 1998 111-

203 2065 348 2130 quorum
364 2044 551 2126 hominum,
567 2044 625 2108 vel
640 2045 849 2108 sectancium

205 2138 340 2236 propria
356 2153 459 2234 lucra,
476 2150 590 2216 fuerat
607 2154 643 2215 in
659 2171 762 2236 quam
776 2150 848 2232 plu-

204 2261 300 2324 rimis
333 2259 514 2342 diminuta,
546 2259 750 2324 multociens
782 2260 849 2340 ipsi

203 2365 336 2431 nobiles
346 2369 455 2430 nostri
465 2369 686 2430 serenitatem
695 2371 849 2430 nostram

204 2481 238 2536 et
272 2472 546 2556 predecessorum
562 2477 766 2552 nostrorum,
782 2469 849 2534 Re-

203 2603 286 2666 gum
310 2601 456 2664 suorum,
481 2580 638 2664 precibus
662 2586 697 2644 et
720 2582 849 2644 instan-

204 2691 256 2752 cia
298 2688 407 2753 multa
431 2689 655 2771 pulsaverunt
680 2709 782 2770 super
800 2708 850 2750 re-

109 2820 111 2828 ’
204 2794 412 2861 formaoioue
435 2797 550 2882 Regni
574 2797 692 2864 nostri.

249 2902 320 2968 Nos
343 2905 453 2988 igitur
484 2924 600 2968 eorum
624 2904 787 2986 peticioni
811 2903 848 2966 in

204 3008 362 3074 omnibus
386 3007 584 3073 satisfacere
609 3012 793 3092 cupientes,
810 3015 849 3071 ut

205 3123 369 3198 tenemur,
389 3119 569 3200 presertim
585 3118 666 3201 quia
682 3119 773 3180 inter
789 3136 850 3180 nos

204 3230 239 3287 et
262 3245 319 3288 eos
342 3226 517 3288 occasione
544 3245 584 3288 ao
607 3225 684 3306 (sic)
708 3227 778 3288 iam
801 3246 850 3287 se-

205 3333 282 3414 pius
304 3331 347 3395 ad
372 3332 619 3396 amaritudines
651 3353 720 3396 non
743 3331 850 3397 modi-

205 3461 261 3502 cas
285 3446 337 3504 est
354 3460 555 3522 processum,
572 3440 662 3524 quod
679 3448 719 3504 ut
737 3440 850 3524 Regia

205 3543 469 3610 honorificencia
508 3547 641 3629 plenius
674 3568 850 3612 conserve-

205 3662 271 3737 tur,
304 3657 466 3718 convenit
490 3657 632 3736 evitari;
666 3655 730 3720 hoc
759 3657 850 3723 enim

206 3784 266 3845 per
289 3762 401 3826 nullos
425 3761 509 3826 alios
533 3763 655 3827 melius
678 3763 728 3845 fit,
747 3785 851 3848 quam

206 3891 266 3954 per
307 3891 371 3933 eos.
411 3869 638 3935 Concedimus
679 3877 751 3934 tam
793 3873 850 3954 eie,

205 3999 308 4062 quam
318 3977 395 4041 aliis
404 3977 601 4042 hominibus
610 3977 726 4062 Regni
741 3981 851 4042 nostri

205 4085 437 4150 libertatema
457 4093 574 4150 sancto
597 4085 694 4170 Rege
718 4107 851 4149 conces·

206 4214 286 4257 sam.
314 4191 371 4264 ,Ac
403 4192 471 4256 alia
503 4193 546 4256 ad
585 4199 715 4257 statum
753 4197 852 4278 regni

205 4303 315 4364 nostri
353 4297 608 4364 reformandum
641 4304 851 4385 pertinencia

206 4406 390 4471 salubriter
435 4407 633 4472 ordinamus
677 4411 715 4472 in
759 4409 851 4474 hunc

206 4517 364 4580 modurn:

253 4624 281 4687 1.
305 4623 354 4688 111
371 4625 549 4687 annuatim
573 4621 717 4688 infesto
742 4627 852 4689 sancti

1181 528 1269 586 1281.

947 643 990 706 In
1013 646 1149 708 nomine
1174 643 1205 710 S.
1230 643 1421 725 Trinitatis
1438 650 1474 708 et
1500 647 1554 708 in-

902 749 1065 813 dividuae
1090 747 1255 816 Unitatis.
1277 748 1455 840 ¹Andreas,
1484 751 1554 816 Dei

902 856 1033 940 Gratia,
1080 857 1290 943 Hungsriae,
1345 857 1554 942 Dalmatiae,

902 963 1070 1048 Oroatiae,
1101 965 1241 1049 Ramse,
1274 965 1422 1048 Serviae,
1455 965 1554 1031 Gali-

903 1075 983 1155 ciae,
1007 1073 1298 1157 Lodomeriaeque
1321 1073 1398 1139 Rex
1423 1076 1460 1138 11
1477 1097 1554 1158 per-

903 1187 1053 1262 potuum.

947 1289 1116 1366 Quoniam
1148 1289 1307 1355 Libertas
1340 1297 1411 1371 tam
1444 1291 1555 1356 Nobi-

903 1395 989 1460 lium
1021 1395 1136 1481 Regni
1168 1399 1285 1479 nostri,
1318 1419 1421 1482 quam
1444 1401 1556 1464 etiam

903 1503 1048 1568 aliorum
1072 1527 1091 1568 a
1116 1503 1147 1568 S.
1180 1505 1353 1589 Stephano
1387 1528 1466 1592 rege
1500 1509 1554 1574 in·

904 1614 1036 1692 stituta,
1076 1633 1136 1694 per
1173 1612 1366 1697 aliquorum
1411 1613 1555 1700 Regum

904 1722 1105 1802 potenciam,
1115 1719 1355 1785 ulciscentium
1364 1721 1554 1806 aliquando

903 1829 990 1890 iram
1024 1829 1204 1910 propriam,
1228 1827 1412 1912 aliquando
1444 1834 1555 1896 etiam

903 1935 1159 2000 attendentium
1174 1935 1315 2002 consilia
1332 1933 1418 2000 falsa
1441 1937 1556 2004 homi-

903 2064 987 2108 num
1019 2045 1215 2126 iniquorum
1255 2040 1325 2108 fuit
1363 2047 1401 2108 in
1432 2067 1555 2130 quam-

905 2149 1061 2233 plurimis
1084 2150 1265 2232 diminuta,
1288 2151 1465 2217 multoties
1484 2156 1555 2236 ipsi

903 2257 1046 2322 Nobiles
1077 2256 1197 2322 Nostri
1221 2251 1448 2322 Serenitatem
1483 2259 1556 2324 No-

904 2371 1020 2448 stram,
1039 2371 1074 2428 et
1091 2363 1393 2430 Praedeoessorum
1409 2365 1556 2431 Nostro-

904 2494 981 2536 rum
1003 2471 1143 2557 Regum
1166 2493 1305 2536 suorum
1330 2473 1496 2557 precibus,
1518 2485 1556 2541 et

904 2581 1070 2643 instantia
1081 2579 1191 2642 multa
1208 2579 1439 2662 pulsaverunt,
1450 2603 1557 2665 super

904 2683 1164 2750 Reformatione
1187 2685 1303 2772 Regni
1327 2687 1455 2751 Nostri.

947 2901 1018 2966 Nos
1042 2903 1152 2986 igitur
1175 2903 1335 2984 petitioni
1359 2922 1476 2968 eorum
1501 2927 1555 2968 sa-

904 3007 1063 3073 tisfacere
1096 3011 1281 3094 cupientes,
1314 3011 1351 3073 in
1383 3011 1557 3096 omnibus,

904 3123 944 3180 ut
961 3117 1126 3200 tenemur,
1144 3119 1352 3200 praesertim,
1369 3121 1557 3202 quiainter

904 3245 974 3307 nos,
1007 3219 1132 3289 et‘eos
1171 3228 1346 3290 occasione
1384 3225 1449 3290 hac
1477 3224 1557 3310 jam

905 3334 1039 3414 saepius
1062 3333 1105 3396 ad
1130 3332 1378 3397 amaritudines
1393 3354 1462 3396 non
1481 3357 1556 3400 mo

905 3438 998 3504 dicas
1037 3446 1089 3504 est
1129 3460 1331 3522 processum,
1372 3439 1473 3524 quod,
1513 3449 1558 3506 ut

903 3547 1015 3632 Regia
1031 3547 1295 3613 honorificencia
1315 3547 1448 3632 plenius
1474 3571 1556 3614 con-

905 3662 1070 3738 servetur,
1109 3659 1270 3720 convenit
1302 3656 1442 3720 evitare.
1474 3657 1557 3724 Hoc

905 3765 996 3826 enim
1029 3785 1090 3847 per
1112 3763 1224 3828 nullos
1248 3764 1333 3828 alios
1356 3765 1478 3828 melius
1502 3764 1558 3849 fit,

905 3892 1008 3954 quam
1031 3869 1108 3934 aliis
1135 3869 1390 3956 Iobagionibus,
1413 3893 1452 3934 ac
1476 3871 1557 3936 Ser-

904 3977 1081 4042 vientibus
1112 3977 1228 4063 Regni
1260 3982 1370 4044 nostri
1395 3976 1558 4044 Liberta-

905 4093 976 4149 tem
1013 4109 1033 4150 s
1067 4085 1098 4150 S.
1137 4087 1233 4170 Rege
1272 4107 1473 4170 concessam,
1514 4109 1559 4152 ac

905 4195 973 4258 alia
996 4195 1039 4258 sd
1064 4194 1202 4259 Statum
1224 4195 1340 4280 Regni
1364 4193 1484 4260 Nostri
1500 4215 1558 4259 or-

906 4302 1096 4366 dinandum
1139 4304 1346 4385 pertinentia
1385 4303 1421 4366 in
1459 4300 1558 4366 hunc

905 4408 1045 4472 modum
1069 4408 1326 4474 confirmamus:

953 4626 980 4688 1.
1013 4623 1056 4688 11
1088 4623 1176 4688 festo
1210 4623 1241 4688 S.
1274 4624 1382 4709 Regis
1424 4623 1558 4710 Nostri,
