3182 5208
118 324 228 432 ,74

186 541 327 602 persona
350 529 469 594 contra
493 521 649 586 dominos
672 522 729 587 vel
752 521 907 588 dominas
939 523 977 586 in
1007 524 1260 586 accusationem
1292 521 1350 586 vol
1381 525 1480 586 testi-

185 632 338 694 monium
361 633 555 714 recipiatur.
961 689 964 701 .

291 737 394 804 XXI.
426 735 480 803 De
507 734 565 803 bis
589 735 651 824 qui
673 735 800 804 olienis
833 735 945 804 seruis
980 734 1179 804 libertatem
1213 735 1414 824 acquirunt.
1441 738 1481 804 Si

184 847 261 930 quis
293 845 508 929 improvidus
539 845 690 912 alienum
722 867 861 912 servum
892 847 965 912 sine
998 848 1206 911 conscientia
1244 849 1298 910 sui
1336 849 1480 910 senioris

184 959 266 1016 ante
288 974 413 1038 regem,
431 951 488 1017 vel
511 955 656 1019 maiores
669 959 755 1018 natu
770 960 806 1018 et
829 953 1001 1039 dignitate
1022 953 1173 1036 duxerit,
1190 960 1229 1018 ut
1245 953 1357 1018 soluto
1373 955 1482 1018 servi-

188 1061 274 1124 tutis
293 1061 374 1144 iugo
393 1058 573 1124 levitatem
588 1059 761 1126 libertatis
777 1059 844 1128 sibi
859 1062 1024 1145 acquirat,
1047 1062 1134 1125 sciat
1156 1082 1192 1126 se
1215 1063 1246 1125 si
1260 1059 1358 1126 dives
1381 1061 1481 1144 quin-

185 1167 352 1251 quaginta
375 1168 538 1232 iuvencos
561 1167 787 1250 redditurum,
815 1190 858 1232 ex
881 1166 1006 1252 quibus
1029 1167 1259 1254 quadmginta
1283 1165 1454 1232 debentur
1474 1163 1478 1250 1

185 1275 268 1358 regi,
283 1273 321 1348 X
336 1295 418 1340 vero
434 1277 559 1340 seniori
578 1277 678 1340 servi.
697 1274 734 1340 Si
757 1295 838 1340 vero
864 1297 991 1358 pauper
1014 1282 1049 1339 et
1072 1278 1187 1340 tenuis
1210 1273 1294 1340 XII.
1317 1277 1480 1339 iuvencos

186 1403 228 1444 ex
251 1379 376 1466 quibus
400 1382 438 1446 X
453 1385 536 1468 regi,
559 1382 628 1448 duo
651 1385 776 1448 seniori
799 1385 929 1448 servi-*³2

242 1539 244 1544 ,
291 1488 414 1556 XXII.
437 1485 490 1554 De
513 1485 571 1554 bis
594 1487 656 1576 qui
680 1486 810 1556 liberos
834 1488 871 1554 iu
890 1488 1096 1556 servitutem
1115 1487 1294 1578 redipunt.
1310 1491 1482 1568 Quoniam

186 1597 295 1680 igitur
318 1595 464 1681 dIguum
487 1596 551 1662 deo
574 1605 626 1661 est
649 1603 685 1661 et
708 1596 905 1664 hominibus
920 1601 1098 1682 optimum,
1122 1593 1399 1685 unumquemque
1419 1619 1480 1661 sue

185 1702 357 1768 industria
372 1705 445 1770 vite
469 1725 606 1770 cursum
630 1704 764 1790 ducere,
782 1705 970 1770 secundum
985 1706 1100 1792 regale
1116 1707 1293 1772 decretum
1308 1711 1482 1770 statutum

186 1818 247 1893 est,
266 1818 306 1874 ut
321 1832 421 1876 nemo
437 1814 602 1876 comitum
618 1811 674 1876 vel
691 1812 842 1878 militum
859 1811 1001 1896 posthac
1016 1813 1161 1879 liberam
1176 1834 1355 1898 personam
1375 1814 1481 1877 servi-
1552 1885 1559 1898 ,

186 1919 256 1982 tuti
296 1916 441 1983 subdere
473 1919 609 2001 audeat,
641 1919 731 2004 quod
763 1921 794 1982 si
825 1919 984 1984 elationis
1015 1919 1157 1986 audacie
1190 1941 1249 1985 sue
1281 1919 1481 1984 stimulatus

188 2029 439 2110 presumpserit,
472 2029 558 2092 sciat
590 2049 625 2092 se
658 2027 805 2094 totidem
842 2051 884 2092 ex
917 2030 1054 2112 proprio
1092 2031 1369 2112 compositurum.
1407 2027 1482 2104 Quo

187 2151 268 2198 vero
292 2135 493 2216 compositio
517 2137 609 2200 inter
631 2157 747 2220 regem
769 2143 805 2200 et
829 2137 971 2200 comItes
994 2133 1174 2200 dividatur
1195 2143 1231 2200 et
1255 2141 1378 2200 cetera.
1464 2191 1466 2195 .

299 2242 382 2308 Item
405 2242 443 2308 de
467 2241 581 2306 eodem.
605 2240 672 2306 Sed
696 2244 725 2306 si
748 2244 825 2326 quis
848 2247 989 2306 actenus
1005 2243 1043 2305 in
1057 2244 1226 2306 servitute
1241 2247 1406 2324 retentus,
1421 2263 1482 2325 pro

188 2347 348 2413 libertate
381 2351 435 2412 sui
466 2347 595 2412 tuenda
627 2348 794 2412 iudicium
827 2348 937 2434 legale
971 2348 1108 2432 faciens,
1140 2371 1278 2416 securus
1315 2351 1482 2428 extiterit,

188 2454 427 2520 tantummodo
443 2455 604 2520 libertate
621 2454 765 2538 furatur,
789 2462 824 2520 et
843 2455 911 2539 ille,
927 2479 947 2520 a
963 2477 1030 2542 quo
1053 2458 1091 2520 in
1114 2459 1283 2522 servitute
1298 2455 1483 2522 tenebatur

188 2561 295 2626 nichil
319 2561 450 2627 reddat.

296 2672 435 2738 ΧΧΙΠ.
459 2669 512 2736 De
535 2669 592 2739 bis
616 2670 678 2759 qui
700 2670 838 2738 alienos
861 2671 992 2739 milites
1010 2670 1082 2739 sibi
1097 2671 1236 2740 tollunt.
1258 2673 1426 2740 Volumus
1442 2683 1483 2740 ut

189 2769 558 2866 unusquisque'senior
579 2802 681 2846 suum
703 2779 830 2846 habeat
853 2779 1008 2864 militem,
1032 2805 1095 2847 neo
1117 2781 1243 2867 aliquis
1266 2781 1355 2846 alter
1383 2783 1483 2848 illum

189 2888 331 2952 suadeat
360 2892 542 2974 antiquum
573 2887 727 2982 deserere
751 2891 927 2971 seniorem,
951 2895 986 2952 et
1009 2889 1052 2952 ad
1077 2911 1112 2953 se
1135 2891 1262 2972 venire,
1286 2889 1366 2954 inde
1390 2892 1484 2955 enim

190 2993 345 3080 litigium
367 2995 472 3060 habet
495 2998 647 3060 inicium.

299 3103 457 3168 XXIIII.
481 3099 615 3168 Delus
640 3101 701 3190 qui
723 3099 880 3189 hospites
904 3099 1052 3170 ulterius
1076 3099 1146 3168 sibi
1169 3100 1310 3168 tollunt.
1344 3102 1381 3170 Si
1405 3105 1483 3189 quis

190 3209 360 3293 hospitem
393 3233 471 3276 cum
503 3209 744 3276 benevolentia
768 3213 894 3294 accipit
918 3218 953 3276 et
976 3212 1229 3278 nutrimentum
1251 3210 1319 3276 sibi
1341 3211 1484 3276 honeste

190 3316 358 3402 inpendit,
389 3318 554 3408 quamdiu
586 3318 774 3384 secundum
806 3321 1019 3402 propositum
1049 3321 1213 3402 nutritur,
1246 3339 1316 3384 non
1348 3319 1485 3383 deserat

191 3445 291 3490 suum
322 3429 537 3509 nutritorem,
572 3448 634 3491 nec
649 3433 651 3438 '
666 3425 711 3490 ad
742 3424 892 3511 aliquem
924 3425 1031 3490 alium
1063 3447 1160 3490 suam
1196 3425 1331 3490 deferat
1370 3425 1485 3510 hospi-

191 3532 371 3598 talitatem.

299 3641 415 3708 XXV.
432 3637 483 3706 De
500 3638 557 3706 bis
575 3639 636 3728 qui
651 3637 885 3727 [inpelluntur
900 3659 968 3706 suu
988 3643 1181 3726 querentes.
1205 3641 1242 3706 Si
1265 3641 1362 3706 cuius
1385 3642 1484 3706 miles

191 3758 252 3814 aut
275 3771 394 3814 servus
416 3751 460 3816 ad
484 3751 591 3814 alium
614 3749 753 3836 fugerit,
787 3758 822 3814 et
845 3750 902 3815 hic
925 3749 1023 3814 miles
1046 3748 1104 3813 vol
1136 3769 1255 3812 servus
1280 3747 1363 3834 liuga
1386 3751 1484 3814 cuius

192 3855 306 3939 lapsus
329 3862 381 3920 est
404 3877 504 3920 suum
527 3859 660 3920 miserit
684 3856 839 3941 legatum
860 3857 903 3921 ad
929 3856 1139 3921 reducendos
1162 3876 1227 3938 eos,
1250 3863 1286 3920 et
1301 3858 1331 3920 Is
1349 3855 1485 3942 legatus

192 3963 322 4029 ibidem
353 3985 373 4027 a
405 3984 576 4050 quoquam
605 3985 782 4047 percussus
805 3971 840 4028 et
863 3962 1058 4048 flagellatus
1080 3963 1247 4046 extiteu't,
1271 3963 1485 4029 decemimus

192 4077 387 4142 nostrorum
425 4073 611 4153 primatum
621 4077 651 4115 ⁸⁸
670 4129 673 4134 .
689 4077 869 4153 conventu,
908 4078 949 4135 ut
986 4069 1045 4134 ille
1086 4090 1262 4151 percussor
1299 4069 1336 4134 X
1372 4069 1485 4136 solvat

192 4180 393 4242 iuvencosffl.

303 4451 324 4481 ⁸·
343 4443 448 4499 Ltszld
467 4445 524 4499 III.
542 4446 587 4500 22.
606 4443 737 4498 Ktlmtn
758 4442 781 4496 I.
794 4444 837 4496 42.

302 4539 324 4567 ³³
343 4532 370 4584 A
388 4531 564 4587 lrdziratban
583 4533 774 4604 primatuum.
907 4538 911 4546 '

302 4629 324 4657 ¹⁴
342 4621 447 4676 Ltszld
467 4622 523 4675 III.
545 4623 587 4677 30.
