3182 5208
224 378 310 444 VIII

224 583 244 652 i.
274 605 301 654 e.
331 581 519 668 chronica.
548 580 711 664 annales
732 579 990 674 ephemerides
1021 603 1221 672 rerumque
1242 580 1518 675 descriptiones

221 707 365 800 collegi.

330 831 415 904 Hac
443 832 591 904 ratione
620 830 801 902 lectorem
830 855 980 902 111011010
1010 831 1121 918 volui,
1150 832 1297 926 quidsi
1328 831 1519 922 1191111111

222 959 280 1044 sil,
310 959 340 1029 si
370 963 533 1030 aetatem
564 965 629 1028 aut
660 981 738 1028 rem
778 957 944 1050 aliquam
973 982 1015 1026 11
1043 959 1141 1050 fonto
1165 958 1352 1051 prunonio
1382 981 1520 1051 cogno

223 1081 601 1156 000101011101111111
634 1089 745 1154 certe.
774 1107 870 1176 quae
900 1084 945 1154 ad
976 1083 1175 1154 historiam
1204 1090 1373 1155 nostram
1403 1084 1520 1178 perti·

223 1215 325 1296 nent,
345 1214 586 1279 monumenta
608 1208 834 1302 gravissima
853 1215 891 1279 et
911 1209 983 1279 fide
1013 1209 1236 1303 dignissima
1260 1209 1299 1279 in
1321 1209 1390 1279 hoc
1419 1208 1520 1280 libro

224 1335 262 1404 in
293 1359 411 1405 unum
440 1334 599 1406 collecta
630 1333 805 1405 inveniet.
846 1333 1103 1405 Praefationes
1142 1339 1270 1405 autem
1309 1335 1440 1405 breves
1480 1341 1521 1404 et

223 1461 489 1531 adnotationes
523 1460 567 1530 iis
598 1459 767 1531 adiectae
797 1459 999 1553 explicant.
1028 1461 1216 1554 quomodo
1245 1485 1288 1532 01
1317 1466 1400 1531 0111
1431 1461 1520 1535 sint.

224 1611 339 1678 quam
368 1586 560 1670 historiae,
579 1591 730 1660 nostrae
765 1591 915 1680 partem
952 1583 1147 1657 illustrent
1186 1610 1335 1680 quaque
1369 1586 1520 1658 ratione

223 1711 299 1782 sint
328 1711 625 1804 interpretanda.

333 1851 510 1925 Ceterum
525 1861 782 1943 monumenta,
798 1879 894 1948 quae
912 1855 981 1926 hoc
1002 1855 1098 1927 libro
1118 1855 1370 1929 continentur.
1391 1855 1520 1924 omnia

224 1984 293 2050 aut
322 2003 368 2050 ex
397 1979 665 2074 manuscriptis
694 1982 786 2076 ipsis
807 1973 940 2078 autjex
961 1980 1190 2054 editionibus
1211 1980 1365 2075 optimis
1386 1986 1424 2050 et
1444 1980 1522 2052 fide

225 2105 458 2199 dignissimis
487 2111 575 2177 sunt
606 2106 815 2200 desumpta.
846 2105 1085 2199 Quamquam
1123 2107 1220 2177 enim
1253 2105 1406 2176 minime
1435 2115 1522 2177 erat

226 2231 333 2302 nobis
363 2231 610 2324 propositum,
629 2235 673 2302 ut
698 2231 901 2302 editionem
930 2232 1202 2304 adornaremus
1230 2231 1268 2303 in
1297 2255 1408 2302 usum
1437 2255 1522 2302 eru-

225 2357 402 2444 ditorum,
422 2357 460 2426 in
480 2362 591 2427 textu
612 2363 740 2428 tamen
762 2357 1029 2428 constituendo
1049 2357 1254 2429 maximam
1275 2357 1522 2428 adhibuimus

225 2481 474 2576 diligentiam,
503 2482 605 2575 quod
633 2481 752 2554 lector
777 2489 948 2554 attentus
968 2483 1101 2554 statim
1129 2483 1328 2577 intelliget,
1352 2506 1523 2576 praeser-

225 2609 296 2680 tim
336 2608 365 2680 si
404 2607 608 2679 editionem
646 2615 815 2679 nostram
844 2604 940 2704 lcum
978 2609 1208 2680 editionibus
1245 2608 1383 2700 legum,
1422 2632 1523 2702 quae

225 2739 420 2820 vocantur,
449 2733 674 2805 officialibus
703 2733 990 2828 comparaverit.

334 2879 476 2950 Textus
507 2874 673 2949 Graecos
702 2884 741 2948 et
770 2876 924 2948 Italicos
962 2877 1002 2947 in
1030 2876 1297 2971 Hungaricum
1330 2878 1524 2962 convertij.

227 3004 396 3076 textibus
430 3003 565 3075 Latine
595 3003 756 3096 scriptis,
786 3026 872 3074 cum
901 3003 980 3073 sine
1010 3009 1188 3074 accurata
1218 3004 1328 3075 huius
1367 3002 1523 3095 linguae

227 3129 380 3201 notione
427 3129 608 3200 historiae
645 3127 868 3222 Hungariae
907 3152 1061 3222 operam
1099 3130 1190 3198 dare
1235 3153 1344 3199 nemo
1393 3129 1523 3223 possit,

227 3256 435 3338 versionem
465 3279 539 3326 11011
569 3254 698 3326 adieci.
728 3254 773 3326 ln
803 3256 913 3325 rebus
938 3255 1245 3348 orthographicis
1266 3254 1524 3325 constantiam

227 3405 378 3454 servare
425 3405 500 3452 non
548 3381 686 3452 curavi.
726 3379 865 3452 Omnes
912 3381 1020 3466 enim,
1058 3380 1123 3472 qui
1171 3379 1314 3474 scripta
1362 3378 1523 3472 antiqua

227 3531 394 3599 unquam
425 3507 610 3600 legerunt,
640 3505 764 3576 sciunt
792 3506 893 3576 idem
919 3504 1145 3578 vocabulum
1174 3505 1214 3576 in
1242 3505 1374 3577 eodem
1403 3505 1527 3599 diplo-

229 3637 329 3702 mate
349 3639 416 3702 aut
437 3633 564 3703 codice
586 3656 696 3725 saepe
716 3631 891 3702 bifariam
914 3641 981 3701 aut
1001 3631 1188 3702 trifariam
1219 3655 1297 3701 esse
1328 3631 1526 3724 scriptum.

335 3774 557 3846 Encbiridio
584 3799 664 3846 meo
695 3798 816 3868 neque
846 3774 884 3844 in
913 3780 1023 3868 parte
1052 3774 1354 3868 bibliograpbica
1385 3780 1423 3845 et
1452 3775 1526 3846 cri-

229 3902 315 3986 tica,
343 3925 464 3993 neque
492 3900 530 3970 in
560 3901 651 3994 ipsis
682 3907 856 3972 textuum
892 3901 1121 3971 editionibus
1159 3901 1283 3971 omnia
1322 3901 1526 3973 exhaurire

230 4025 341 4096 volui.
371 4025 492 4096 Immo
521 4025 560 4095 in
589 4026 843 4096 monumentis
874 4026 1031 4119 singulis
1060 4033 1197 4120 partes
1227 4050 1322 4118 quae
1360 4028 1407 4095 ad
1443 4050 1526 4097 rem

229 4151 348 4245 ipsam
380 4175 454 4220 non
483 4152 687 4245 pertinent,
715 4151 832 4222 omisi.
858 4175 945 4222 cum
974 4151 1009 4222 id
1041 4151 1162 4222 solum
1192 4152 1284 4222 mihi
1312 4151 1527 4246 proposuis-

228 4301 315 4364 sem,
353 4302 399 4348 ne
437 4277 536 4349 ullus
585 4278 771 4372 gravioris
810 4279 991 4348 momenti
1029 4277 1111 4348 fons
1150 4279 1294 4348 deesset
1333 4301 1426 4348 neve
1464 4301 1526 4349 res

228 4403 387 4474 leviores
418 4404 688 4498 reciperentur.
718 4403 897 4474 Delectus
926 4411 1028 4473 certe
1058 4403 1239 4474 materiae
1269 4403 1411 4473 eratin
1440 4411 1527 4475 toto

225 4529 364 4600 edendi
394 4529 522 4601 labore
551 4529 806 4602 difficillimus.
837 4528 1032 4617 Quantum
1062 4529 1101 4599 in
1131 4529 1203 4598 hac
1240 4553 1280 4598 10
1318 4529 1409 4598 mihi
1440 4549 1526 4622 pro·-

230 4656 341 4726 ficere
370 4655 586 4749 contigerit,
615 4679 704 4726 usus
733 4654 891 4726 docebit.
