3192 5214
77 337 253 420 ‘140

163 573 223 618 nes
246 572 364 616 eorum
387 551 619 617 destruantur.
645 551 810 638 Aliquem

163 660 407 727 iustoiudicio
430 659 493 746 filij
519 666 629 751 nostri
653 661 810 728 condem-

164 773 317 853 pnatum,
333 768 390 832 uel
413 791 513 834 causa
537 771 672 834 incoata
696 790 811 834 coram

163 879 246 961 ipso,
263 878 461 962 priusquam
476 880 682 942 terminetur
696 897 811 941 coram

164 984 292 1066 eodem,
331 1005 400 1049 non
441 987 653 1068 recipiemus,
692 1006 754 1048 nec
792 1007 810 1049 e

164 1113 326 1156 conuerso
350 1091 442 1157 fflius
470 1097 594 1157 noster.

211 1201 262 1266 19.
286 1199 491 1286 Iobagiones
523 1195 723 1266 Castrorum
762 1205 810 1264 te·

164 1315 312 1372 neantur
344 1307 530 1373 secundum
563 1307 760 1372 libertatem
790 1329 810 1372 a

165 1422 283 1482 sancto
298 1415 395 1501 Rege
411 1417 618 1480 institutam.
642 1414 812 1480 Similiter

165 1531 200 1588 et
223 1523 376 1606 hospites
399 1525 642 1606 cuiuncumque
658 1523 810 1587 nacionis

165 1630 352 1696 secundum
384 1629 590 1714 libertatem,
624 1627 668 1694 ab
707 1631 811 1694 inicio

165 1741 214 1804 eis
238 1759 439 1820 concessam,
461 1743 653 1801 teneantur.

911 1200 963 1264 26.
987 1199 1180 1266 statuimus
1203 1196 1432 1284 Iobbagiones
1448 1198 1514 1264 Ga-

865 1313 1015 1374 strorum
1047 1306 1235 1372 secundum
1266 1304 1465 1370 libertatem
1493 1327 1514 1370 a

866 1415 898 1481 S.
921 1415 1018 1502 Rege
1051 1435 1261 1497 concessam,
1293 1413 1455 1480 similiter
1478 1419 1515 1476 et

853 1523 1029 1616 ¹Hospites
1072 1518 1303 1606 cujuscunque
1341 1519 1514 1603 Nationis,

865 1629 1054 1696 secundum
1091 1627 1291 1693 libertatem
1328 1627 1373 1694 ab
1411 1629 1516 1692 initio

866 1740 915 1804 eis
938 1757 1132 1802 concessam
1156 1740 1320 1818 perpetuo
1343 1736 1464 1798 teneri.

822 1887 826 1894 ·
912 1845 964 1908 28.
987 1843 1045 1910 Ad
1077 1841 1239 1908 secandas
1270 1841 1456 1928 indagines
1480 1849 1518 1906 et

867 1951 1010 2016 Fossata
1042 1949 1209 2032 facienda,
1242 1947 1288 2012 ad
1313 1948 1447 2032 hortos,
1480 1957 1518 2014 et

867 2081 1110 2146 quaecunquae
1132 2059 1244 2143 Regia
1268 2055 1434 2140 aedificia,
1457 2057 1518 2122 vel

868 2165 1042 2249 Officinas,
1066 2165 1300 2230 servientium
1322 2163 1378 2228 vel
1398 2164 1519 2229 Eccle-

868 2277 996 2340 siarum
1020 2272 1162 2359 populos
1185 2292 1255 2336 non
1278 2291 1447 2356 cogemus.

914 2381 966 2445 29.
988 2381 1130 2446 Praeter
1162 2378 1378 2461 Vicesimum,
1411 2400 1518 2464 quam

868 2487 1078 2572 abantiquo
1109 2485 1224 2571 Reges
1255 2482 1393 2568 habent,
1426 2485 1520 2550 deci-

809 2592 1520 2680 'mmmwmmm

213 2817 264 2881 20.
289 2817 429 2882 Decime
462 2823 605 2902 argento
634 2837 704 2880 non
727 2815 815 2880 redi-

167 2933 315 3009 mantur,
332 2925 391 2990 sed
408 2927 497 2990 sicut
508 2921 608 2989 'terra
632 2923 815 3007 protulerit

168 3036 289 3097 vinum
312 3033 369 3097 vel
393 3033 533 3118 Segetes
566 3031 814 3116 persoluentur.

131 3225 136 3235 x
168 3141 217 3205 Et
255 3144 284 3205 si
324 3141 486 3224 Episcopi
533 3137 815 3222 contradixerint,

168 3269 238 3312 non
261 3247 456 3313 iuuabimus
472 3251 572 3332 ipsos.

214 3354 265 3420 21.
289 3355 452 3439 Episcopi
475 3375 577 3438 super
599 3352 723 3418 Predia
748 3375 815 3418 ser-

168 3465 326 3527 uientum
342 3466 438 3548 equis
451 3465 578 3527 nostris
588 3462 737 3526 decimas
747 3481 817 3525 non

171 3570 254 3635 dent
269 3593 332 3635 nec
348 3570 391 3635 ad
407 3569 525 3654 predia
535 3569 681 3655 Regalia
698 3567 816 3653 populi

170 3678 367 3742 eorumdem
375 3677 534 3742 Decimae
544 3699 622 3742 suas
636 3682 816 3761 apportare

171 3793 361 3852 teneantur.

215 3895 267 3958 22.
291 3893 392 3958 Porci
424 3895 535 3958 nostri
558 3896 595 3957 in
623 3891 737 3974 Siluis,
760 3889 817 3955 uel

171 4001 286 4066 Pratis
302 4004 531 4066 seruicncium
549 4023 618 4066 non
634 4008 818 4085 pascantur

171 4116 290 4174 contra
312 4109 531 4174 uoluntatem
554 4130 680 4174 eorum.

216 4217 267 4280 23.
295 4216 395 4282 Noua
427 4223 565 4282 moneta
603 4223 719 4282 nostra
758 4239 818 4299 per

172 4345 300 4388 annum
319 4322 528 4408 obseruetur,
553 4347 572 4388 a
588 4325 694 4388 Pasca
710 4343 817 4408 usque

172 4431 216 4495 ad
240 4431 356 4496 Pasca.
379 4431 427 4497 Et
451 4427 581 4515 denarij
609 4431 704 4514 tales,
728 4433 818 4496 sieut

173 4539 290 4624 quales
332 4538 472 4604 fuerunt
517 4545 670 4622 tempore
710 4539 818 4624 Regis

174 4645 265 4710 Bele.

868 2702 1013 2786 populus
1036 2708 1211 2788 gravatur.

918 3893 969 3957 30.
993 3893 1095 3956 Porci
1118 3893 1228 3956 nostri
1260 3892 1298 3954 in
1321 3889 1435 3972 silvaS,
1460 3889 1522 3954 vel

871 4001 977 4066 Prata
1001 4001 1227 4064 servientium
1250 4002 1369 4061 contra
1389 3981 1526 4061 ¹uolun-

871 4114 981 4173 tatem
1004 4127 1121 4172 eorum
1145 4125 1214 4169 non
1238 4109 1443 4188 pascantur,
