3192 5214
1333 351 1377 417 99

83 551 232 614 eiusdem
255 551 410 614 civitatis
426 551 462 612 in
478 547 642 613 suburbio
659 548 834 614 stabulum
850 548 965 632 faciat,
981 549 1042 614 ubi
1058 571 1166 636 usque
1182 551 1226 614 ad
1243 549 1376 614 festivi-

83 666 187 722 tatem
203 659 316 721 sancti
332 656 510 720 Michaelis
526 657 724 741 archangeli
740 658 908 742 quidquid
927 679 1086 740 pecorum
1109 658 1291 730 collectum
1315 663 1376 741 est,

3 759 5 848 ᾗ
82 773 245 830 servatur.
269 765 345 830 Due
372 772 483 848 partes
507 763 738 850 fugitivorum
761 765 940 832 hominum
963 765 1040 830 icch
1056 766 1188 830 scilicet
1204 767 1377 831 donentur

3 849 5 906 1
81 876 167 958 regis
193 873 369 958 pristaldo,
394 876 499 937 tercia
524 895 600 956 pars
624 876 743 937 comiti
767 881 801 937 et
818 895 924 958 usque
941 875 984 938 ad
1002 877 1265 958 pronunciatam
1281 874 1376 938 festi-

3 1021 5 1042 1
81 985 225 1045 vitatem
257 984 369 1046 sancti
402 981 590 1064 Michaelis
624 983 761 1067 quando
794 983 1008 1064 dividuntur,
1041 985 1188 1047 nuncius
1227 986 1377 1070 episcopi

81 1091 249 1153 decimam
273 1097 405 1171 partem
428 1092 593 1173 accipiat3
617 1111 637 1153 a
662 1088 854 1154 festivitate
879 1091 990 1155 sancti
1014 1091 1158 1154 Martini
1190 1113 1296 1175 usque
1330 1091 1374 1154 ad

3 1241 5 1286 ,
81 1196 310 1261 festivitatem
332 1198 442 1260 sancti
465 1197 609 1281 Georgii
633 1185 886 1282 congregentur
910 1218 990 1261 oves
1014 1204 1050 1261 et
1076 1197 1188 1280 boves,
1212 1204 1247 1262 et
1271 1199 1377 1262 simili

79 1305 178 1368 modo
204 1305 415 1384 dividantur,
439 1311 473 1367 et
498 1307 527 1368 si
550 1305 677 1368 iterum
701 1327 816 1369 rerum
833 1303 1064 1389 fugitivarum
1080 1306 1250 1388 collector,
1273 1328 1376 1392 quem

79 1413 159 1494 dixi,
194 1413 258 1476 hoc
292 1419 524 1497 transgressus
558 1411 673 1494 fuerit,
706 1415 857 1494 exceptis
890 1412 971 1477 filiis
1006 1420 1040 1478 et
1065 1435 1169 1478 uxore
1193 1417 1274 1497 eius,
1299 1436 1376 1478 cum

78 1522 170 1584 omni
195 1518 392 1583 substancia
417 1519 643 1602 perdatur„si
666 1520 801 1582 comitis
830 1519 993 1584 collector
1026 1520 1257 1606 fugitivorum
1290 1520 1377 1585 liber

3 1629 6 1788 ,
79 1627 194 1694 fuerit.
219 1626 325 1690 simili
348 1626 448 1690 modo
477 1627 711 1709 dispendatur,
744 1629 773 1689 si
806 1649 933 1709 servus,
968 1631 1087 1693 comiti
1119 1628 1306 1694 auferatur.
1339 1629 1376 1694 Si
1428 1635 1431 1653 ¹

78 1738 167 1820 regis
194 1732 424 1819 fugitivorum
439 1733 601 1798 collector
617 1733 660 1797 de
677 1733 730 1796 his
746 1754 812 1818 que
829 1733 977 1818 collegit,
994 1735 1124 1820 aliquid
1143 1735 1376 1820 denegaverit,

76 1843 180 1906 alicui
198 1841 342 1922 dederit,
365 1847 437 1904 tam
461 1841 522 1923 qui
545 1842 676 1922 recipit,
699 1861 803 1924 quam
826 1841 887 1923 qui
910 1841 1053 1924 dederit,
1072 1835 1172 1907 ambo
1190 1843 1377 1924 perdantur

77 1963 107 2014 et
143 1953 175 2017 si
208 1951 286 2034 quis
318 1950 349 2012 ei
381 1947 570 2032 quidquam
602 1948 644 2012 de
669 1946 797 2012 talibus
820 1951 1009 2032 negaverit,
1032 1957 1202 2034 quantum
1225 1952 1375 2036 negavit,

76 2058 261 2121 duodecies
283 2055 414 2120 reddat.

187 2165 239 2226 15.
263 2157 315 2226 De
338 2158 396 2225 bis
420 2158 481 2248 qui
504 2157 685 2228 decretum
714 2158 807 2247 repis
840 2166 1022 2248 spernunt.
1059 2164 1261 2249 Quicunque
1295 2187 1375 2229 vero

75 2275 166 2358 regis
201 2280 236 2335 et
270 2271 464 2354 principum
497 2269 634 2334 decreta
668 2268 821 2355 fregerit,
851 2265 1080 2355 si‘episcopus
1104 2281 1164 2355 est,
1189 2273 1376 2338 secundum

74 2381 295 2444 voluntatem
318 2379 409 2462 regis
433 2378 651 2460 diiudicetur,
676 2379 705 2440 si
728 2399 848 2461 comae,
872 2401 891 2442 a
915 2381 1082 2443 comitatu
1105 2380 1322 2464 degradetur,
1347 2385 1375 2444 si

73 2489 241 2564 centuri0,
266 2485 393 2549 honore
418 2486 582 2568 privetur,
607 2491 642 2547 et
662 2487 801 2568 insuper
816 2488 1069 2572 quinquaginta
1086 2489 1236 2572 quinque
1254 2511 1374 2571 pensas

73 2597 198 2674 solva-t,
223 2593 322 2658 miles
346 2593 572 2658 consimiliter
596 2595 850 2678 quinquaginta
876 2617 995 2678 pensas
1020 2596 1140 2660 solvat.
1219 2595 1223 2603 ’

183 2703 237 2766 21.
277 2698 330 2765 De
369 2697 679 2786 usucapcionibus
719 2702 971 2784 Usucapciones
1009 2707 1190 2786 capiantur
1227 2727 1247 2768 a
1287 2703 1375 2768 festo

72 2835 95 2876 s.
118 2812 268 2894 Georgii
291 2831 398 2893 usque
422 2811 464 2874 ad
489 2808 618 2874 festum
641 2831 665 2873 s.
690 2809 835 2876 ,Ioannis
865 2811 1032 2894 Baptiste,
1067 2819 1101 2875 et
1134 2813 1307 2876 ducantur
1339 2816 1374 2876 in

71 2924 265 3000 civitatem,
297 2925 549 3004 taceanturque
580 2940 687 3004 usqua
719 2918 762 2982 ad
799 2917 927 2984 festum
962 2922 1075 2984 sancti
1109 2920 1296 3002 Michaelis
1336 2943 1374 2986 ac

74 3032 318 3109 presentantur
348 3027 484 3090 assidue
517 3028 553 3096 in
586 3033 747 3106 mercato,
777 3033 816 3090 ut
840 3029 869 3090 si
893 3029 1065 3112 quispiam
1089 3049 1186 3092 suam
1210 3032 1374 3110 repererit

73 3155 263 3218 personam,
296 3135 444 3198 redimat
476 3137 665 3219 nonaginta
697 3135 855 3216 denariis,
880 3157 1005 3218 equum
1039 3135 1228 3218 duodecim,
1252 3134 1374 3200 bovem

3 3307 7 3320 ,
70 3247 235 3327 quinque,
270 3264 312 3305 ex
343 3241 468 3325 quibus
496 3243 563 3306 due
587 3247 701 3324 partes
724 3243 807 3326 regi,
831 3243 935 3304 tertia
959 3243 1077 3306 comiti
1101 3240 1312 3306 tribuantur.
1338 3244 1374 3308 Si

70 3371 154 3415 vero
178 3371 289 3434 usque
314 3347 442 3413 festum
465 3370 488 3412 s.
514 3347 693 3412 Michaelis
726 3350 861 3411 inventi
893 3370 963 3412 non
996 3347 1135 3430 fuerint,
1170 3350 1374 3415 dividantur

72 3459 232 3539 predicto
266 3457 377 3520 modo.
411 3455 540 3519 Tamen
573 3455 669 3519 nullo
703 3466 802 3536 pacto
829 3456 1026 3519 vendantur
1050 3456 1105 3518 vel
1129 3456 1291 3537 celentur,
1315 3459 1373 3521 sed

70 3573 213 3629 tanturn
238 3561 354 3626 labore
378 3583 495 3626 eorum
519 3568 670 3626 utantur.
688 3561 726 3626 Si
741 3561 902 3625 collector
917 3563 1113 3628 vendiderit
1129 3563 1186 3627 vel
1202 3563 1374 3647 celaverit,

69 3672 221 3756 triplum
251 3670 384 3751 reddat,
418 3673 556 3754 ipseque
589 3669 707 3732 decem
740 3690 859 3750 pensas
893 3670 1073 3752 persolvat,
1106 3691 1217 3734 comes
1241 3693 1322 3736 vero
1346 3675 1374 3736 si

69 3780 198 3844 itidem
222 3777 344 3842 fecisse
370 3775 579 3860 probabitur,
603 3778 855 3860 quinquaginta
878 3778 1029 3861 quinque
1055 3800 1173 3859 pensas
1193 3778 1373 3861 persolvat.

3 3891 10 3927 ³
69 3885 188 3950 Simili
214 3885 315 3949 modo
340 3881 506 3964 iubemus,
530 3885 654 3968 utqui
686 3885 929 3965 usucapciones
961 3887 1136 3948 tenuerint
1169 3907 1188 3948 a
1221 3893 1373 3967 tempore

70 3997 166 4078 regis
191 3992 287 4072 Bele,
311 4013 419 4076 usque
442 3992 485 4056 ad
509 3989 638 4054 festum
661 4012 685 4053 s
710 3989 877 4072 Stephani
901 3991 1090 4056 dimittant.

181 4095 380 4164 28011111
397 4095 458 4183 qui
475 4094 575 4161 domi
593 4093 757 4182 fecerunt
769 4113 944 4181 pugnum.
962 4097 1000 4162 Si
1016 4099 1075 4182 qui
1091 4098 1184 4162 domi
1201 4119 1373 4183 pugnave-

68 4209 153 4289 rint,
169 4215 206 4272 et
223 4207 268 4274 ad
284 4207 436 4272 iudicem
458 4227 527 4270 non
550 4207 718 4286 venerint,
743 4203 792 4268 nil
816 4210 937 4288 querat
962 4205 1074 4268 iudex.
1099 4205 1136 4268 Si
1152 4207 1310 4269 venerint
1329 4207 1373 4270 ad

68 4316 233 4398 inscius,
257 4313 320 4380 fiat
344 4312 492 4395 libitum,
516 4315 608 4399 quod
632 4315 662 4378 si
685 4312 883 4376 concordati
907 4311 1040 4397 aliquid
1064 4313 1172 4377 iudici
1204 4315 1284 4378 inde
1317 4315 1373 4380 de-

67 4418 198 4504 derint,
223 4421 369 4486 terciam
392 4419 467 4502 sibi,
491 4420 577 4484 duas
602 4426 718 4503 partes
741 4420 815 4504 regi
838 4425 963 4484 servet.

2 4509 13 4757 ,
462 4589 833 4678 ,m

2 4760 7 4867 1
