<?xml version="1.0" encoding="UTF-8"?>
<!DOCTYPE html PUBLIC "-//W3C//DTD XHTML 1.0 Transitional//EN"
    "http://www.w3.org/TR/xhtml1/DTD/xhtml1-transitional.dtd">
<html xmlns="http://www.w3.org/1999/xhtml" xml:lang="en" lang="en">
 <head>
  <title>
</title>
<meta http-equiv="Content-Type" content="text/html;charset=utf-8" />
  <meta name='ocr-system' content='tesseract 3.04.00' />
  <meta name='ocr-capabilities' content='ocr_page ocr_carea ocr_par ocr_line ocrx_word'/>
</head>
<body>
  <div class='ocr_page' id='page_1' title='image "./enchiridionfont00marcgoog_0269.png"; bbox 0 0 3182 5210; ppageno 0'>
   <div class='ocr_carea' id='block_1_1' title="bbox 1323 324 1387 388">
    <p class='ocr_par' dir='ltr' id='par_1_1' title="bbox 1323 324 1387 388">
     <span class='ocr_line' id='line_1_1' title="bbox 1323 324 1387 388; baseline 0.031 -2"><span class='ocrx_word' id='word_1_1' title='bbox 1323 324 1387 388; x_wconf 70' lang='lat' dir='ltr'><strong>att</strong></span> 
     </span>
    </p>
   </div>
   <div class='ocr_carea' id='block_1_2' title="bbox 1 517 1389 2646">
    <p class='ocr_par' dir='ltr' id='par_1_2' title="bbox 1 517 1389 2646">
     <span class='ocr_line' id='line_1_2' title="bbox 94 517 1388 602; baseline 0 -18"><span class='ocrx_word' id='word_1_2' title='bbox 94 541 161 584; x_wconf 90' lang='lat' dir='ltr'><strong>non</strong></span> <span class='ocrx_word' id='word_1_3' title='bbox 194 521 238 584; x_wconf 85' lang='lat' dir='ltr'><strong>de</strong></span> <span class='ocrx_word' id='word_1_4' title='bbox 277 541 442 584; x_wconf 80' lang='lat' dir='ltr'><strong>consensu</strong></span> <span class='ocrx_word' id='word_1_5' title='bbox 466 525 501 582; x_wconf 89' lang='lat' dir='ltr'><strong>et</strong></span> <span class='ocrx_word' id='word_1_6' title='bbox 524 519 609 582; x_wconf 88' lang='lat' dir='ltr'><strong>bene</strong></span> <span class='ocrx_word' id='word_1_7' title='bbox 644 519 769 602; x_wconf 88' lang='lat' dir='ltr'><strong>placito</strong></span> <span class='ocrx_word' id='word_1_8' title='bbox 803 519 976 601; x_wconf 80' lang='lat' dir='ltr'><strong>praefatae</strong></span> <span class='ocrx_word' id='word_1_9' title='bbox 1010 517 1176 582; x_wconf 88' lang='lat' dir='ltr'><strong>Dominae</strong></span> <span class='ocrx_word' id='word_1_10' title='bbox 1208 519 1388 584; x_wconf 75' lang='lat' dir='ltr'><strong>Elisabeth</strong></span> 
     </span>
     <span class='ocr_line' id='line_1_3' title="bbox 2 625 1388 711; baseline -0.001 -19"><span class='ocrx_word' id='word_1_11' title='bbox 2 637 3 644; x_wconf 76' lang='grc'>’</span> <span class='ocrx_word' id='word_1_12' title='bbox 93 627 260 711; x_wconf 73' lang='lat' dir='ltr'><strong>Reginae,</strong></span> <span class='ocrx_word' id='word_1_13' title='bbox 285 630 453 691; x_wconf 86' lang='lat' dir='ltr'><strong>consortis</strong></span> <span class='ocrx_word' id='word_1_14' title='bbox 468 633 605 690; x_wconf 84' lang='lat' dir='ltr'><strong>nostrae</strong></span> <span class='ocrx_word' id='word_1_15' title='bbox 623 625 858 710; x_wconf 70' lang='lat' dir='ltr'><strong>praedilectae</strong></span> <span class='ocrx_word' id='word_1_16' title='bbox 884 626 1120 708; x_wconf 86' lang='lat' dir='ltr'><strong>praesentibus</strong></span> <span class='ocrx_word' id='word_1_17' title='bbox 1137 625 1247 690; x_wconf 87' lang='lat' dir='ltr'><strong>literis</strong></span> <span class='ocrx_word' id='word_1_18' title='bbox 1263 631 1388 691; x_wconf 84' lang='lat' dir='ltr'><strong>nostris</strong></span> 
     </span>
     <span class='ocr_line' id='line_1_4' title="bbox 2 720 1387 818; baseline -0.001 -18"><span class='ocrx_word' id='word_1_19' title='bbox 2 720 3 772; x_wconf 60' lang='lat'>3</span> <span class='ocrx_word' id='word_1_20' title='bbox 92 740 196 800; x_wconf 85' lang='lat' dir='ltr'><strong>inseri</strong></span> <span class='ocrx_word' id='word_1_21' title='bbox 231 735 385 802; x_wconf 84' lang='lat' dir='ltr'><strong>fecimus.</strong></span> <span class='ocrx_word' id='word_1_22' title='bbox 410 739 501 818; x_wconf 85' lang='lat' dir='ltr'><strong>ipsos</strong></span> <span class='ocrx_word' id='word_1_23' title='bbox 533 734 717 816; x_wconf 70' lang='lat' dir='ltr'><strong>Praelatos</strong></span> <span class='ocrx_word' id='word_1_24' title='bbox 742 733 902 816; x_wconf 54' lang='lat' dir='ltr'><strong>Berones²</strong></span> <span class='ocrx_word' id='word_1_25' title='bbox 940 733 1081 798; x_wconf 79' lang='lat' dir='ltr'>Nobiles</span> <span class='ocrx_word' id='word_1_26' title='bbox 1114 741 1149 798; x_wconf 88' lang='lat' dir='ltr'><strong>et</strong></span> <span class='ocrx_word' id='word_1_27' title='bbox 1181 735 1387 818; x_wconf 81' lang='lat' dir='ltr'><strong>Regnioolas</strong></span> 
     </span>
     <span class='ocr_line' id='line_1_5' title="bbox 91 841 1387 926; baseline -0.001 -19"><span class='ocrx_word' id='word_1_28' title='bbox 91 853 236 924; x_wconf 74' lang='lat' dir='ltr'><strong>nostroe,</strong></span> <span class='ocrx_word' id='word_1_29' title='bbox 285 844 479 926; x_wconf 81' lang='lat' dir='ltr'><strong>praemissis</strong></span> <span class='ocrx_word' id='word_1_30' title='bbox 527 841 747 906; x_wconf 75' lang='lat' dir='ltr'><strong>libertatibus</strong></span> <span class='ocrx_word' id='word_1_31' title='bbox 786 844 823 904; x_wconf 90' lang='lat' dir='ltr'><strong>in</strong></span> <span class='ocrx_word' id='word_1_32' title='bbox 862 841 989 904; x_wconf 86' lang='lat' dir='ltr'><strong>eisdem</strong></span> <span class='ocrx_word' id='word_1_33' title='bbox 1038 841 1193 906; x_wconf 81' lang='lat' dir='ltr'><strong>articulis</strong></span> <span class='ocrx_word' id='word_1_34' title='bbox 1233 845 1387 925; x_wconf 81' lang='lat' dir='ltr'><strong>superius</strong></span> 
     </span>
     <span class='ocr_line' id='line_1_6' title="bbox 91 947 1221 1034; baseline -0.002 -20"><span class='ocrx_word' id='word_1_35' title='bbox 91 971 270 1034; x_wconf 81' lang='lat' dir='ltr'><strong>expressos</strong></span> <span class='ocrx_word' id='word_1_36' title='bbox 295 953 491 1033; x_wconf 84' lang='lat' dir='ltr'><strong>perenniter</strong></span> <span class='ocrx_word' id='word_1_37' title='bbox 515 947 681 1012; x_wconf 88' lang='lat' dir='ltr'><strong>fruituros</strong></span> <span class='ocrx_word' id='word_1_38' title='bbox 705 955 740 1012; x_wconf 80' lang='lat' dir='ltr'><strong>et</strong></span> <span class='ocrx_word' id='word_1_39' title='bbox 763 951 942 1033; x_wconf 83' lang='lat' dir='ltr'><strong>gavisuros</strong></span> <span class='ocrx_word' id='word_1_40' title='bbox 966 949 1221 1013; x_wconf 86' lang='lat' dir='ltr'><strong>committendo.</strong></span> 
     </span>
     <span class='ocr_line' id='line_1_7' title="bbox 199 1055 1387 1140; baseline -0.001 -19"><span class='ocrx_word' id='word_1_41' title='bbox 199 1055 395 1139; x_wconf 84' lang='lat' dir='ltr'><strong>Adjicimus</strong></span> <span class='ocrx_word' id='word_1_42' title='bbox 420 1064 602 1140; x_wconf 79' lang='lat' dir='ltr'><strong>praeterea,</strong></span> <span class='ocrx_word' id='word_1_43' title='bbox 622 1078 660 1119; x_wconf 87' lang='lat' dir='ltr'><strong>ae</strong></span> <span class='ocrx_word' id='word_1_44' title='bbox 676 1063 793 1119; x_wconf 88' lang='lat' dir='ltr'><strong>nostro</strong></span> <span class='ocrx_word' id='word_1_45' title='bbox 809 1065 844 1119; x_wconf 88' lang='lat' dir='ltr'><strong>et</strong></span> <span class='ocrx_word' id='word_1_46' title='bbox 861 1063 1055 1138; x_wconf 84' lang='lat' dir='ltr'><strong>praetactae</strong></span> <span class='ocrx_word' id='word_1_47' title='bbox 1076 1056 1232 1120; x_wconf 86' lang='lat' dir='ltr'><strong>dominae</strong></span> <span class='ocrx_word' id='word_1_48' title='bbox 1250 1059 1387 1140; x_wconf 82' lang='lat' dir='ltr'><strong>reginae</strong></span> 
     </span>
     <span class='ocr_line' id='line_1_8' title="bbox 90 1163 1388 1250; baseline -0.002 -20"><span class='ocrx_word' id='word_1_49' title='bbox 90 1169 261 1232; x_wconf 84' lang='lat' dir='ltr'><strong>consortis</strong></span> <span class='ocrx_word' id='word_1_50' title='bbox 283 1171 419 1228; x_wconf 84' lang='lat' dir='ltr'><strong>nostrae</strong></span> <span class='ocrx_word' id='word_1_51' title='bbox 452 1163 647 1230; x_wconf 88' lang='lat' dir='ltr'><strong>nominibus</strong></span> <span class='ocrx_word' id='word_1_52' title='bbox 671 1163 884 1246; x_wconf 87' lang='lat' dir='ltr'><strong>spondemus.</strong></span> <span class='ocrx_word' id='word_1_53' title='bbox 917 1163 1014 1240; x_wconf 81' lang='lat' dir='ltr'><strong>Quod</strong></span> <span class='ocrx_word' id='word_1_54' title='bbox 1047 1171 1251 1228; x_wconf 88' lang='lat' dir='ltr'><strong>memoratos</strong></span> <span class='ocrx_word' id='word_1_55' title='bbox 1277 1169 1388 1250; x_wconf 83' lang='lat' dir='ltr'><strong>regni-</strong></span> 
     </span>
     <span class='ocr_line' id='line_1_9' title="bbox 89 1270 1388 1357; baseline -0.002 -19"><span class='ocrx_word' id='word_1_56' title='bbox 89 1275 182 1338; x_wconf 82' lang='lat' dir='ltr'><strong>colas</strong></span> <span class='ocrx_word' id='word_1_57' title='bbox 207 1279 342 1336; x_wconf 85' lang='lat' dir='ltr'><strong>nostros</strong></span> <span class='ocrx_word' id='word_1_58' title='bbox 365 1278 400 1335; x_wconf 91' lang='lat' dir='ltr'><strong>et</strong></span> <span class='ocrx_word' id='word_1_59' title='bbox 424 1280 536 1336; x_wconf 86' lang='lat' dir='ltr'><strong>totum</strong></span> <span class='ocrx_word' id='word_1_60' title='bbox 562 1293 706 1356; x_wconf 87' lang='lat' dir='ltr'><strong>regnum</strong></span> <span class='ocrx_word' id='word_1_61' title='bbox 731 1279 887 1336; x_wconf 87' lang='lat' dir='ltr'><strong>nostrum</strong></span> <span class='ocrx_word' id='word_1_62' title='bbox 921 1275 957 1334; x_wconf 91' lang='lat' dir='ltr'><strong>in</strong></span> <span class='ocrx_word' id='word_1_63' title='bbox 991 1270 1250 1357; x_wconf 85' lang='lat' dir='ltr'><strong>quibuscunque</strong></span> <span class='ocrx_word' id='word_1_64' title='bbox 1276 1295 1388 1336; x_wconf 80' lang='lat' dir='ltr'><strong>neces-</strong></span> 
     </span>
     <span class='ocr_line' id='line_1_10' title="bbox 90 1379 1388 1466; baseline -0.002 -20"><span class='ocrx_word' id='word_1_65' title='bbox 90 1382 257 1446; x_wconf 79' lang='lat' dir='ltr'><strong>sitatibus</strong></span> <span class='ocrx_word' id='word_1_66' title='bbox 282 1402 351 1444; x_wconf 89' lang='lat' dir='ltr'><strong>non</strong></span> <span class='ocrx_word' id='word_1_67' title='bbox 374 1381 575 1463; x_wconf 79' lang='lat' dir='ltr'><strong>deseremus,</strong></span> <span class='ocrx_word' id='word_1_68' title='bbox 600 1381 658 1444; x_wconf 88' lang='lat' dir='ltr'><strong>sed</strong></span> <span class='ocrx_word' id='word_1_69' title='bbox 683 1379 833 1444; x_wconf 88' lang='lat' dir='ltr'><strong>fideliter</strong></span> <span class='ocrx_word' id='word_1_70' title='bbox 856 1390 891 1444; x_wconf 86' lang='lat' dir='ltr'><strong>et</strong></span> <span class='ocrx_word' id='word_1_71' title='bbox 926 1387 999 1443; x_wconf 88' lang='lat' dir='ltr'><strong>toto</strong></span> <span class='ocrx_word' id='word_1_72' title='bbox 1024 1401 1119 1466; x_wconf 87' lang='lat' dir='ltr'><strong>posse</strong></span> <span class='ocrx_word' id='word_1_73' title='bbox 1143 1389 1268 1462; x_wconf 82' lang='lat' dir='ltr'><strong>nostru,</strong></span> <span class='ocrx_word' id='word_1_74' title='bbox 1301 1383 1388 1464; x_wconf 87' lang='lat' dir='ltr'><strong>pari-</strong></span> 
     </span>
     <span class='ocr_line' id='line_1_11' title="bbox 1 1487 1388 1572; baseline -0.001 -19"><span class='ocrx_word' id='word_1_75' title='bbox 1 1529 2 1536; x_wconf 45' lang='lat'>1</span> <span class='ocrx_word' id='word_1_76' title='bbox 90 1501 144 1553; x_wconf 83' lang='lat' dir='ltr'><strong>ter</strong></span> <span class='ocrx_word' id='word_1_77' title='bbox 169 1512 248 1552; x_wconf 83' lang='lat' dir='ltr'><strong>cum</strong></span> <span class='ocrx_word' id='word_1_78' title='bbox 273 1489 402 1552; x_wconf 88' lang='lat' dir='ltr'><strong>eisdem</strong></span> <span class='ocrx_word' id='word_1_79' title='bbox 428 1491 540 1571; x_wconf 88' lang='lat' dir='ltr'><strong>ipsum</strong></span> <span class='ocrx_word' id='word_1_80' title='bbox 566 1509 711 1572; x_wconf 81' lang='lat' dir='ltr'><strong>regnum</strong></span> <span class='ocrx_word' id='word_1_81' title='bbox 734 1496 769 1551; x_wconf 92' lang='lat' dir='ltr'><strong>et</strong></span> <span class='ocrx_word' id='word_1_82' title='bbox 795 1497 1020 1571; x_wconf 86' lang='lat' dir='ltr'><strong>praeassertos</strong></span> <span class='ocrx_word' id='word_1_83' title='bbox 1049 1509 1165 1551; x_wconf 88' lang='lat' dir='ltr'><strong>omnes</strong></span> <span class='ocrx_word' id='word_1_84' title='bbox 1197 1487 1388 1572; x_wconf 75' lang='lat' dir='ltr'><strong>regnicolas</strong></span> 
     </span>
     <span class='ocr_line' id='line_1_12' title="bbox 1 1593 1388 1678; baseline -0.001 -18"><span class='ocrx_word' id='word_1_85' title='bbox 1 1593 2 1614; x_wconf 60' lang='lat'>³</span> <span class='ocrx_word' id='word_1_86' title='bbox 91 1605 229 1660; x_wconf 87' lang='lat' dir='ltr'><strong>nostros</strong></span> <span class='ocrx_word' id='word_1_87' title='bbox 262 1597 306 1660; x_wconf 87' lang='lat' dir='ltr'><strong>ab</strong></span> <span class='ocrx_word' id='word_1_88' title='bbox 339 1595 498 1660; x_wconf 89' lang='lat' dir='ltr'><strong>omnibus</strong></span> <span class='ocrx_word' id='word_1_89' title='bbox 530 1595 673 1660; x_wconf 85' lang='lat' dir='ltr'><strong>aemulis</strong></span> <span class='ocrx_word' id='word_1_90' title='bbox 707 1593 971 1676; x_wconf 75' lang='lat' dir='ltr'><strong>defensabimus⁷</strong></span> <span class='ocrx_word' id='word_1_91' title='bbox 1004 1617 1042 1659; x_wconf 79' lang='lat' dir='ltr'><strong>ac</strong></span> <span class='ocrx_word' id='word_1_92' title='bbox 1077 1599 1113 1659; x_wconf 91' lang='lat' dir='ltr'><strong>in</strong></span> <span class='ocrx_word' id='word_1_93' title='bbox 1144 1599 1285 1678; x_wconf 68' lang='lat' dir='ltr'><strong>cunctis</strong></span> <span class='ocrx_word' id='word_1_94' title='bbox 1317 1605 1388 1659; x_wconf 87' lang='lat' dir='ltr'><strong>tam</strong></span> 
     </span>
     <span class='ocr_line' id='line_1_13' title="bbox 91 1702 1388 1788; baseline -0.002 -20"><span class='ocrx_word' id='word_1_95' title='bbox 91 1707 297 1788; x_wconf 73' lang='lat' dir='ltr'><strong>praemissis,</strong></span> <span class='ocrx_word' id='word_1_96' title='bbox 321 1726 424 1787; x_wconf 89' lang='lat' dir='ltr'><strong>quam</strong></span> <span class='ocrx_word' id='word_1_97' title='bbox 448 1707 553 1768; x_wconf 84' lang='lat' dir='ltr'><strong>etiam</strong></span> <span class='ocrx_word' id='word_1_98' title='bbox 577 1707 614 1768; x_wconf 91' lang='lat' dir='ltr'><strong>in</strong></span> <span class='ocrx_word' id='word_1_99' title='bbox 636 1703 714 1767; x_wconf 88' lang='lat' dir='ltr'><strong>aliis</strong></span> <span class='ocrx_word' id='word_1_100' title='bbox 738 1704 884 1788; x_wconf 84' lang='lat' dir='ltr'><strong>singulis</strong></span> <span class='ocrx_word' id='word_1_101' title='bbox 913 1703 1011 1768; x_wconf 88' lang='lat' dir='ltr'><strong>bouis</strong></span> <span class='ocrx_word' id='word_1_102' title='bbox 1035 1711 1070 1768; x_wconf 87' lang='lat' dir='ltr'><strong>et</strong></span> <span class='ocrx_word' id='word_1_103' title='bbox 1094 1702 1326 1768; x_wconf 84' lang='lat' dir='ltr'><strong>laudabilibus</strong></span> <span class='ocrx_word' id='word_1_104' title='bbox 1350 1726 1388 1766; x_wconf 73' lang='lat'><strong>{10</strong></span> 
     </span>
     <span class='ocr_line' id='line_1_14' title="bbox 86 1809 1387 1895; baseline -0.001 -21"><span class='ocrx_word' id='word_1_105' title='bbox 86 1809 194 1892; x_wconf 83' lang='lat' dir='ltr'><strong>justis</strong></span> <span class='ocrx_word' id='word_1_106' title='bbox 219 1814 372 1895; x_wconf 83' lang='lat' dir='ltr'><strong>antiquis</strong></span> <span class='ocrx_word' id='word_1_107' title='bbox 396 1810 701 1874; x_wconf 76' lang='lat' dir='ltr'><strong>consuetudinibus</strong></span> <span class='ocrx_word' id='word_1_108' title='bbox 732 1833 850 1874; x_wconf 91' lang='lat' dir='ltr'><strong>eorum</strong></span> <span class='ocrx_word' id='word_1_109' title='bbox 874 1818 909 1874; x_wconf 89' lang='lat' dir='ltr'><strong>et</strong></span> <span class='ocrx_word' id='word_1_110' title='bbox 933 1813 1031 1895; x_wconf 83' lang='lat' dir='ltr'><strong>regni</strong></span> <span class='ocrx_word' id='word_1_111' title='bbox 1054 1815 1164 1876; x_wconf 87' lang='lat' dir='ltr'><strong>nostri</strong></span> <span class='ocrx_word' id='word_1_112' title='bbox 1188 1811 1387 1895; x_wconf 85' lang='lat' dir='ltr'><strong>Hungariae</strong></span> 
     </span>
     <span class='ocr_line' id='line_1_15' title="bbox 92 1914 1388 2004; baseline 0 -24"><span class='ocrx_word' id='word_1_113' title='bbox 92 1919 271 2002; x_wconf 81' lang='lat' dir='ltr'><strong>praedicti.</strong></span> <span class='ocrx_word' id='word_1_114' title='bbox 295 1914 544 1982; x_wconf 80' lang='lat' dir='ltr'><strong>inviolabiliter</strong></span> <span class='ocrx_word' id='word_1_115' title='bbox 566 1941 699 2002; x_wconf 89' lang='lat' dir='ltr'><strong>semper</strong></span> <span class='ocrx_word' id='word_1_116' title='bbox 723 1927 758 1982; x_wconf 90' lang='lat' dir='ltr'><strong>et</strong></span> <span class='ocrx_word' id='word_1_117' title='bbox 781 1919 910 2004; x_wconf 90' lang='lat' dir='ltr'><strong>ubique</strong></span> <span class='ocrx_word' id='word_1_118' title='bbox 935 1919 1127 1983; x_wconf 81' lang='lat' dir='ltr'><strong>tenebimus</strong></span> <span class='ocrx_word' id='word_1_119' title='bbox 1152 1929 1187 1982; x_wconf 88' lang='lat' dir='ltr'><strong>et</strong></span> <span class='ocrx_word' id='word_1_120' title='bbox 1211 1939 1388 1982; x_wconf 83' lang='lat' dir='ltr'><strong>conserva-</strong></span> 
     </span>
     <span class='ocr_line' id='line_1_16' title="bbox 91 2023 1388 2110; baseline 0.001 -24"><span class='ocrx_word' id='word_1_121' title='bbox 91 2026 206 2088; x_wconf 86' lang='lat' dir='ltr'><strong>bimus</strong></span> <span class='ocrx_word' id='word_1_122' title='bbox 232 2024 399 2088; x_wconf 82' lang='lat' dir='ltr'><strong>effective.</strong></span> <span class='ocrx_word' id='word_1_123' title='bbox 432 2025 634 2110; x_wconf 80' lang='lat' dir='ltr'><strong>Quicunque</strong></span> <span class='ocrx_word' id='word_1_124' title='bbox 657 2031 774 2089; x_wconf 87' lang='lat' dir='ltr'><strong>autem</strong></span> <span class='ocrx_word' id='word_1_125' title='bbox 801 2025 988 2107; x_wconf 86' lang='lat' dir='ltr'><strong>hominum,</strong></span> <span class='ocrx_word' id='word_1_126' title='bbox 1022 2023 1253 2110; x_wconf 87' lang='lat' dir='ltr'><strong>cujuscunque</strong></span> <span class='ocrx_word' id='word_1_127' title='bbox 1277 2031 1388 2088; x_wconf 83' lang='lat' dir='ltr'><strong>status</strong></span> 
     </span>
     <span class='ocr_line' id='line_1_17' title="bbox 89 2133 1388 2217; baseline 0 -21"><span class='ocrx_word' id='word_1_128' title='bbox 89 2145 125 2196; x_wconf 85' lang='lat' dir='ltr'><strong>et</strong></span> <span class='ocrx_word' id='word_1_129' title='bbox 150 2133 360 2196; x_wconf 89' lang='lat' dir='ltr'><strong>conditionis</strong></span> <span class='ocrx_word' id='word_1_130' title='bbox 384 2135 543 2215; x_wconf 86' lang='lat' dir='ltr'><strong>existant,</strong></span> <span class='ocrx_word' id='word_1_131' title='bbox 567 2133 649 2196; x_wconf 83' lang='lat' dir='ltr'><strong>haec</strong></span> <span class='ocrx_word' id='word_1_132' title='bbox 674 2135 756 2216; x_wconf 83' lang='lat' dir='ltr'><strong>ipsa,</strong></span> <span class='ocrx_word' id='word_1_133' title='bbox 785 2155 871 2217; x_wconf 89' lang='lat' dir='ltr'><strong>quae</strong></span> <span class='ocrx_word' id='word_1_134' title='bbox 896 2135 933 2196; x_wconf 90' lang='lat' dir='ltr'><strong>in</strong></span> <span class='ocrx_word' id='word_1_135' title='bbox 956 2133 1189 2216; x_wconf 77' lang='lat' dir='ltr'><strong>superioribus</strong></span> <span class='ocrx_word' id='word_1_136' title='bbox 1213 2135 1388 2196; x_wconf 86' lang='lat' dir='ltr'><strong>continen-</strong></span> 
     </span>
     <span class='ocr_line' id='line_1_18' title="bbox 89 2239 1388 2325; baseline 0 -22"><span class='ocrx_word' id='word_1_137' title='bbox 89 2255 158 2307; x_wconf 87' lang='lat' dir='ltr'><strong>tur.</strong></span> <span class='ocrx_word' id='word_1_138' title='bbox 183 2243 308 2325; x_wconf 68' lang='lat' dir='ltr'><strong>‹luavis</strong></span> <span class='ocrx_word' id='word_1_139' title='bbox 323 2239 455 2303; x_wconf 82' lang='lat' dir='ltr'><strong>scilieet</strong></span> <span class='ocrx_word' id='word_1_140' title='bbox 471 2242 653 2319; x_wconf 74' lang='lat' dir='ltr'><strong>occasione,</strong></span> <span class='ocrx_word' id='word_1_141' title='bbox 670 2242 873 2324; x_wconf 82' lang='lat' dir='ltr'><strong>impugnare</strong></span> <span class='ocrx_word' id='word_1_142' title='bbox 890 2239 1110 2320; x_wconf 78' lang='lat' dir='ltr'><strong>molirentur3</strong></span> <span class='ocrx_word' id='word_1_143' title='bbox 1137 2247 1253 2302; x_wconf 82' lang='lat' dir='ltr'><strong>eontra</strong></span> <span class='ocrx_word' id='word_1_144' title='bbox 1272 2261 1388 2303; x_wconf 85' lang='lat' dir='ltr'><strong>omnes</strong></span> 
     </span>
     <span class='ocr_line' id='line_1_19' title="bbox 89 2347 1389 2433; baseline 0 -23"><span class='ocrx_word' id='word_1_145' title='bbox 89 2357 125 2410; x_wconf 89' lang='lat' dir='ltr'><strong>et</strong></span> <span class='ocrx_word' id='word_1_146' title='bbox 150 2347 325 2433; x_wconf 86' lang='lat' dir='ltr'><strong>quoslibet</strong></span> <span class='ocrx_word' id='word_1_147' title='bbox 339 2348 442 2430; x_wconf 78' lang='lat' dir='ltr'><strong>talea,</strong></span> <span class='ocrx_word' id='word_1_148' title='bbox 458 2349 502 2412; x_wconf 88' lang='lat' dir='ltr'><strong>ad</strong></span> <span class='ocrx_word' id='word_1_149' title='bbox 519 2369 635 2412; x_wconf 89' lang='lat' dir='ltr'><strong>eorum</strong></span> <span class='ocrx_word' id='word_1_150' title='bbox 659 2349 869 2430; x_wconf 79' lang='lat' dir='ltr'><strong>proterviam</strong></span> <span class='ocrx_word' id='word_1_151' title='bbox 892 2348 1098 2412; x_wconf 87' lang='lat' dir='ltr'><strong>domandam</strong></span> <span class='ocrx_word' id='word_1_152' title='bbox 1117 2355 1152 2410; x_wconf 90' lang='lat' dir='ltr'><strong>et</strong></span> <span class='ocrx_word' id='word_1_153' title='bbox 1177 2369 1389 2430; x_wconf 82' lang='lat' dir='ltr'><strong>compescen-</strong></span> 
     </span>
     <span class='ocr_line' id='line_1_20' title="bbox 88 2453 1388 2538; baseline -0.003 -18"><span class='ocrx_word' id='word_1_154' title='bbox 88 2457 172 2520; x_wconf 89' lang='lat' dir='ltr'><strong>dam</strong></span> <span class='ocrx_word' id='word_1_155' title='bbox 196 2458 326 2538; x_wconf 86' lang='lat' dir='ltr'><strong>pariter</strong></span> <span class='ocrx_word' id='word_1_156' title='bbox 349 2477 428 2518; x_wconf 87' lang='lat' dir='ltr'><strong>eum</strong></span> <span class='ocrx_word' id='word_1_157' title='bbox 450 2455 578 2518; x_wconf 86' lang='lat' dir='ltr'><strong>eisdem</strong></span> <span class='ocrx_word' id='word_1_158' title='bbox 611 2453 810 2538; x_wconf 83' lang='lat' dir='ltr'><strong>Regnioolis</strong></span> <span class='ocrx_word' id='word_1_159' title='bbox 832 2457 960 2518; x_wconf 86' lang='lat' dir='ltr'><strong>nostris</strong></span> <span class='ocrx_word' id='word_1_160' title='bbox 990 2461 1091 2538; x_wconf 86' lang='lat' dir='ltr'><strong>prout</strong></span> <span class='ocrx_word' id='word_1_161' title='bbox 1114 2461 1149 2518; x_wconf 90' lang='lat' dir='ltr'><strong>et</strong></span> <span class='ocrx_word' id='word_1_162' title='bbox 1174 2457 1248 2536; x_wconf 72' lang='lat' dir='ltr'><strong>ipsi⁷</strong></span> <span class='ocrx_word' id='word_1_163' title='bbox 1272 2475 1388 2518; x_wconf 85' lang='lat' dir='ltr'><strong>omncs</strong></span> 
     </span>
     <span class='ocr_line' id='line_1_21' title="bbox 1 2559 1388 2646; baseline -0.002 -21"><span class='ocrx_word' id='word_1_164' title='bbox 1 2641 2 2646; x_wconf 8' lang='grc' dir='ltr'>η</span> <span class='ocrx_word' id='word_1_165' title='bbox 90 2561 337 2625; x_wconf 85' lang='lat' dir='ltr'><strong>universaliter</strong></span> <span class='ocrx_word' id='word_1_166' title='bbox 359 2561 624 2644; x_wconf 77' lang='lat' dir='ltr'><strong>spoponderunt,</strong></span> <span class='ocrx_word' id='word_1_167' title='bbox 655 2559 873 2644; x_wconf 87' lang='lat' dir='ltr'><strong>operabimur</strong></span> <span class='ocrx_word' id='word_1_168' title='bbox 904 2567 978 2624; x_wconf 88' lang='lat' dir='ltr'><strong>toto</strong></span> <span class='ocrx_word' id='word_1_169' title='bbox 1013 2583 1116 2646; x_wconf 91' lang='lat' dir='ltr'><strong>posse.</strong></span> <span class='ocrx_word' id='word_1_170' title='bbox 1150 2561 1388 2624; x_wconf 88' lang='lat' dir='ltr'><strong>Praesentium</strong></span> 
     </span>
    </p>
   </div>
   <div class='ocr_carea' id='block_1_3' title="bbox 87 2668 1388 3072">
    <p class='ocr_par' dir='ltr' id='par_1_3' title="bbox 87 2668 1388 2861">
     <span class='ocr_line' id='line_1_22' title="bbox 87 2668 1388 2754; baseline -0.001 -22"><span class='ocrx_word' id='word_1_171' title='bbox 87 2671 273 2734; x_wconf 86' lang='lat' dir='ltr'><strong>literarum</strong></span> <span class='ocrx_word' id='word_1_172' title='bbox 296 2677 500 2750; x_wconf 82' lang='lat' dir='ltr'><strong>nostrarum,</strong></span> <span class='ocrx_word' id='word_1_173' title='bbox 524 2668 649 2754; x_wconf 68' lang='lat' dir='ltr'><strong>quibam</strong></span> <span class='ocrx_word' id='word_1_174' title='bbox 673 2674 842 2732; x_wconf 82' lang='lat' dir='ltr'><strong>secretum</strong></span> <span class='ocrx_word' id='word_1_175' title='bbox 874 2669 1029 2754; x_wconf 86' lang='lat' dir='ltr'><strong>sigillum</strong></span> <span class='ocrx_word' id='word_1_176' title='bbox 1061 2677 1225 2752; x_wconf 82' lang='lat' dir='ltr'><strong>nostrum,</strong></span> <span class='ocrx_word' id='word_1_177' title='bbox 1257 2690 1325 2754; x_wconf 88' lang='lat' dir='ltr'><strong>quo</strong></span> <span class='ocrx_word' id='word_1_178' title='bbox 1349 2675 1388 2732; x_wconf 91' lang='lat' dir='ltr'><strong>ut</strong></span> 
     </span>
     <span class='ocr_line' id='line_1_23' title="bbox 88 2777 1387 2861; baseline -0.002 -21"><span class='ocrx_word' id='word_1_179' title='bbox 88 2801 148 2842; x_wconf 79' lang='lat' dir='ltr'><strong>rex</strong></span> <span class='ocrx_word' id='word_1_180' title='bbox 163 2777 364 2860; x_wconf 83' lang='lat' dir='ltr'><strong>Hungariae</strong></span> <span class='ocrx_word' id='word_1_181' title='bbox 375 2779 711 2860; x_wconf 80' lang='lat' dir='ltr'><strong>utim11r‚appensum</strong></span> <span class='ocrx_word' id='word_1_182' title='bbox 728 2783 788 2857; x_wconf 78' lang='lat' dir='ltr'><strong>est,</strong></span> <span class='ocrx_word' id='word_1_183' title='bbox 804 2779 923 2861; x_wconf 83' lang='lat' dir='ltr'><strong>vigore</strong></span> <span class='ocrx_word' id='word_1_184' title='bbox 939 2783 975 2840; x_wconf 89' lang='lat' dir='ltr'><strong>et</strong></span> <span class='ocrx_word' id='word_1_185' title='bbox 990 2780 1187 2842; x_wconf 87' lang='lat' dir='ltr'><strong>testimonio</strong></span> <span class='ocrx_word' id='word_1_186' title='bbox 1208 2777 1387 2840; x_wconf 78' lang='lat' dir='ltr'><strong>mediante.</strong></span> 
     </span>
    </p>

    <p class='ocr_par' dir='ltr' id='par_1_4' title="bbox 87 2883 1388 3072">
     <span class='ocr_line' id='line_1_24' title="bbox 200 2883 1388 2966; baseline -0.001 -20"><span class='ocrx_word' id='word_1_187' title='bbox 200 2883 330 2946; x_wconf 87' lang='lat' dir='ltr'><strong>Datum</strong></span> <span class='ocrx_word' id='word_1_188' title='bbox 365 2883 481 2948; x_wconf 87' lang='lat' dir='ltr'><strong>Budae</strong></span> <span class='ocrx_word' id='word_1_189' title='bbox 525 2883 611 2947; x_wconf 84' lang='lat' dir='ltr'><strong>feria</strong></span> <span class='ocrx_word' id='word_1_190' title='bbox 644 2889 749 2964; x_wconf 73' lang='lat' dir='ltr'><strong>sexta,</strong></span> <span class='ocrx_word' id='word_1_191' title='bbox 783 2887 937 2966; x_wconf 86' lang='lat' dir='ltr'><strong>proxima</strong></span> <span class='ocrx_word' id='word_1_192' title='bbox 970 2890 1050 2948; x_wconf 84' lang='lat' dir='ltr'><strong>ante</strong></span> <span class='ocrx_word' id='word_1_193' title='bbox 1083 2883 1211 2948; x_wconf 87' lang='lat' dir='ltr'><strong>festum</strong></span> <span class='ocrx_word' id='word_1_194' title='bbox 1244 2883 1388 2947; x_wconf 78' lang='lat' dir='ltr'><strong>Sanctae</strong></span> 
     </span>
     <span class='ocr_line' id='line_1_25' title="bbox 87 2991 686 3072; baseline 0 -18"><span class='ocrx_word' id='word_1_195' title='bbox 87 2991 286 3072; x_wconf 67' lang='lat' dir='ltr'><strong>Trinitatis</strong></span> <span class='ocrx_word' id='word_1_196' title='bbox 309 2991 411 3054; x_wconf 86' lang='lat' dir='ltr'><strong>Anno</strong></span> <span class='ocrx_word' id='word_1_197' title='bbox 435 2991 564 3054; x_wconf 90' lang='lat' dir='ltr'><strong>domini</strong></span> <span class='ocrx_word' id='word_1_198' title='bbox 591 2991 686 3058; x_wconf 80' lang='lat'>1439.</span> 
     </span>
    </p>
   </div>
   <div class='ocr_carea' id='block_1_4' title="bbox 0 0 1596 5210">
    <p class='ocr_par' dir='ltr' id='par_1_5' title="bbox 0 0 1596 5210">
     <span class='ocr_line' id='line_1_26' title="bbox 0 0 1596 5210; baseline 0 2"><span class='ocrx_word' id='word_1_199' title='bbox 0 0 1596 5210; x_wconf 95' lang='lat' dir='ltr'><strong> </strong></span> 
     </span>
    </p>
   </div>
  </div>
 </body>
</html>
