3144 5218
1309 373 1372 440 561

77 571 171 634 servi
195 572 232 634 in
256 590 335 634 casu
351 571 546 654 ingruentis
567 573 793 655 necessitatis,
816 591 883 655 quo
907 569 1038 634 scilicet
1056 569 1186 634 'Furcae
1205 572 1243 634 in
1258 570 1373 656 aliqua

75 675 195 760 Regni
218 683 315 759 parte
331 675 560 741 hostilitatem
575 677 728 762 aliquam
742 684 915 742 attentare
931 677 1187 759 contenderent,
1211 684 1246 740 et
1262 684 1374 742 atten-

75 790 204 866 tarent,
245 781 540 849 consentientibus
572 782 729 848 Dominis
772 787 932 866 ipsorum,
975 786 1044 846 imo
1077 804 1145 846 una
1180 803 1259 848 cum
1291 787 1373 868 ipsis

74 891 237 958 Dominis
260 891 404 972 (relictis
419 895 456 958 in
480 892 617 958 arcibus
631 893 687 960 vel
704 894 855 958 castellis
870 893 1052 979 quibusvis
1067 915 1126 976 pro
1143 893 1203 958 1110
1220 900 1373 975 1011111010

74 999 291 1080 necessariis)
323 999 367 1064 ad
400 1002 660 1084 requisitionem
693 1000 816 1066 saltem
848 1004 955 1066 etiam
977 999 1131 1066 Palatini
1154 1000 1271 1086 Regni
1294 1021 1373 1066 con-

74 1111 265 1190 currerent,
297 1112 334 1169 et
365 1104 613 1192 conjungerent
646 1128 681 1170 se
713 1128 792 1172 cum
816 1105 1044 1172 Confiniariis.
1078 1107 1144 1172 His
1169 1109 1374 1190 praeteritis,

73 1234 165 1296 quae
190 1215 227 1276 in
249 1212 405 1278 ordinem
429 1211 575 1298 facilius,
598 1221 638 1280 ut
657 1235 764 1298 spere,
787 1214 899 1299 redigi
916 1219 1066 1297 possunt,
1090 1210 1255 1296 majorem
1270 1213 1373 1282 video

74 1319 325 1386 difficultatem
349 1323 385 1384 in
409 1319 576 1385 Confiniis
604 1329 658 1386 tot
681 1343 849 1386 annorum
882 1322 1002 1404 spatiis
1034 1324 1095 1384 11111
1128 1341 1197 1386 non
1228 1321 1373 1386 desertis

72 1437 111 1490 et
136 1429 285 1492 ruinatis
308 1435 383 1492 tum
407 1426 572 1510 aedificio,
596 1450 674 1492 cum
697 1431 803 1492 etiam
822 1427 933 1492 milite
950 1427 1068 1492 debito
1084 1428 1185 1492 modo
1203 1437 1238 1492 et
1254 1428 1372 1494 debita

71 1535 247 1599 solutione
270 1535 444 1600 mediante
467 1535 510 1599 ad
534 1556 690 1602 normam
713 1539 893 1620 antiquam
911 1534 1133 1600 laudabiliter
1148 1557 1168 1600 a
1185 1532 1373 1619 majoribus

71 1644 204 1706 nostris
237 1645 436 1708 institutam
468 1642 680 1725 complendis
721 1651 757 1706 et
790 1641 1052 1727 reintegrandis.
1094 1641 1311 1727 Quapropter
1343 1646 1372 1708 si

72 1749 242 1814 molestus
264 1770 335 1814 non
357 1771 424 1832 erc,
447 1751 484 1814 in
500 1769 619 1814 eorum
634 1749 744 1814 solum
759 1752 918 1835 gratiam,
941 1751 1002 1832 qui
1017 1751 1176 1812 nesciunt
1191 1770 1372 1814 numerum

73 1855 323 1942 Confiniorum,
347 1864 422 1920 tum
445 1877 528 1920 vero
561 1855 742 1920 solutionis
774 1877 892 1920 eorum
924 1858 1156 1940 quantitatem
1190 1856 1372 1940 (quantum

72 1967 145 2028 ista
169 1985 230 2046 per
252 1971 306 2028 tot
330 1963 580 2046 distractiones,
613 1967 824 2049 investigare
847 1969 882 2026 et
906 1965 992 2026 scire
1017 1963 1127 2046 potui)
1156 1959 1259 2046 juxta
1282 1965 1371 2026 anti-

71 2091 183 2156 quum
206 2071 346 2136 modum
369 2070 445 2138 fieri
468 2071 617 2154 solitum,
640 2092 710 2135 non
733 2069 892 2136 obstante
916 2091 954 2134 ec
978 2071 1070 2155 quod
1103 2073 1259 2154 superius
1290 2091 1372 2156 quo·

71 2200 142 2262 que
158 2178 201 2242 de
216 2178 281 2242 hoc
297 2179 478 2244 solutionis
491 2179 592 2244 modo
609 2181 832 2262 meminerim,
848 2178 1085 2242 annotandum
1101 2177 1194 2261 duxi,
1213 2180 1371 2261 quamvis

72 2288 129 2362 (ut
155 2285 239 2350 haec
262 2288 299 2350 in
332 2286 529 2369 parenthesi
561 2285 654 2350 dicta
683 2286 766 2365 sint)
798 2288 860 2350 vix
884 2285 997 2350 media
1026 2308 1068 2350 ex
1092 2293 1189 2368 parte
1212 2284 1370 2367 militem,

71 2415 179 2478 quem
203 2393 285 2458 olim
309 2391 467 2457 Oonfinia
490 2392 691 2478 Hungarica
721 2391 905 2474 habebant,
933 2399 968 2456 et
991 2414 1034 2456 ex
1057 2391 1112 2458 his
1144 2390 1276 2456 adduco
1310 2411 1370 2474 pro

71 2500 231 2584 exemplo
255 2502 395 2565 unicum
418 2498 538 2582 solum,
562 2499 665 2584 idque
690 2499 877 2583 principale
893 2499 1110 2564 Praesidium
1125 2499 1244 2564 Novae
1260 2496 1370 2584 Arois,

71 2612 111 2672 in
135 2629 202 2692 quo
226 2607 311 2672 01100
335 2607 521 2672 secundum
552 2615 705 2672 veterem
737 2607 990 2672 ordinationem
1023 2605 1118 2670 mille
1149 2605 1371 2674 Praesidiarii

71 2714 204 2780 milites
227 2715 388 2800 Hungari
410 2736 482 2778 esse
505 2713 679 2797 deberent,
703 2735 824 2784 verum
847 2716 1001 2797 exceptis
1016 2713 1174 2778 ducentis
1190 2712 1260 2778 illis
1277 2712 1370 2796 pedi·

71 2822 178 2904 tibus,
210 2842 295 2906 quos
327 2821 470 2886 (lamera
501 2821 701 2906 Hungarica
734 2843 775 2886 ex
808 2821 987 2886 Proventu
1018 2820 1140 2902 Dicali,
1173 2842 1234 2884 0011
1256 2821 1369 2907 Regio

71 2930 189 3012 solvit,
214 2931 365 3012 patietur
388 2927 564 2993 defectum
596 2927 660 2992 hoc
683 2931 824 2991 unicum
847 2927 1063 2992 Praesidium
1091 2929 1370 3012 octingentorum

72 3040 213 3102 circiter
244 3036 550 3101 Praesidiariorum
591 3035 753 3116 militum,
794 3055 873 3098 cum
905 3037 1041 3120 ingenti
1078 3034 1202 3098 damno
1235 3035 1369 3119 Regni:

72 3145 165 3230 quod
200 3146 229 3208 si
262 3141 419 3208 Oonfinia
453 3142 552 3225 pleno
585 3163 726 3206 numero
760 3149 883 3224 essent,
916 3141 1053 3206 facilius
1085 3147 1191 3224 0101,
1224 3146 1259 3204 01
1284 3163 1368 3222 pene

72 3252 286 3337 quotidianis
301 3252 491 3316 'Furcarum
507 3250 765 3316 excursionibus
786 3250 1063 3334 defenderentur,
1086 3273 1126 3315 ac
1151 3253 1257 3314 etiam
1281 3249 1368 3314 Suae

72 3360 119 3424 M.
144 3358 292 3442 plurimo
315 3359 539 3441 incommode,
562 3365 638 3422 turn
662 3357 775 3442 quoad
799 3357 915 3442 Regni
938 3361 1177 3440 vastationem,
1201 3361 1369 3422 011011111-

72 3488 196 3532 norum
220 3488 280 3549 per
296 3487 461 3553 pagorum
478 3466 598 3530 Turcis
623 3462 852 3548 subjectiones
867 3467 1146 3548 contractionem,
1162 3471 1238 3530 tum
1254 3465 1366 3548 quoad

72 3573 279 3640 solutionem
311 3576 394 3657 ipsis
427 3572 646 3638 Confiniariis
680 3571 928 3655 praestandam,
961 3593 1048 3656 quae
1078 3571 1368 3656 111111101000111110

72 3683 139 3744 0101
163 3684 273 3745 1011110
296 3688 499 3766 praestatur,
523 3699 656 3762 semper
678 3687 796 3744 tamen
821 3701 881 3761 pro
907 3678 1006 3762 pleno
1030 3699 1172 3743 numero
1197 3677 1368 3744 Confinia-

72 3789 203 3852 riorum
226 3793 461 3869 computatur:
493 3785 544 3850 At
571 3808 649 3850 cum
673 3789 710 3850 in
733 3785 900 3850 Confiniis
932 3785 1032 3868 pleno
1064 3807 1205 3849 numero
1239 3785 1368 3850 milites

72 3914 141 3957 non
170 3896 248 3978 sint,
272 3897 329 3958 cui
352 3893 444 3958 cedit
467 3893 609 3976 lucrum,
633 3893 689 3958 vel
713 3893 803 3976 apud
828 3915 912 3977 quos
935 3901 1098 3976 remanet,
1122 3892 1257 3978 solutic,
1280 3916 1367 3978 quae

71 4022 141 4065 non
165 3998 351 4086 erogatur?
380 4023 464 4066 num
487 4001 574 4065 Suae
599 4001 645 4064 M.
669 4001 770 4084 cedit,
794 4001 850 4066 vel
875 3999 978 4065 aliis?
1011 4001 1184 4085 Relinque
1207 4001 1272 4066 hoc
1297 4005 1368 4066 acri

71 4115 106 4170 et
131 4111 279 4191 sapienti
298 4105 430 4192 judicio
454 4107 542 4173 Suae
566 4109 611 4173 M.
628 4109 718 4174 Mihi
741 4130 819 4172 cum
836 4107 1080 4191 Confiniorum,
1104 4109 1228 4174 alleri
1243 4109 1367 4174 Adria-

71 4217 141 4278 tico
165 4237 272 4300 usque
295 4217 339 4280 ad
363 4215 448 4280 fines
481 4223 516 4279 et
550 4220 715 4280 terminos
739 4216 1009 4299 Transylvaniae
1039 4219 1168 4299 pariter
1191 4238 1230 4280 ac
1254 4214 1367 4280 Confi-

70 4325 268 4406 niariorum,
291 4327 352 4409 qui
376 4327 413 4390 in
436 4327 479 4388 iis
502 4323 690 4388 secundum
713 4331 866 4388 veterem
890 4323 1030 4387 modum
1056 4331 1091 4386 et
1114 4323 1367 4389 ordinationem

71 4451 143 4494 esse
167 4429 332 4496 deberent
356 4453 545 4513 numerum,
568 4454 630 4496 nec
654 4454 723 4496 non
747 4432 927 4496 solutionis
951 4435 1056 4496 0110111
1084 4453 1202 4496 eorum
1233 4435 1306 4496 vim
1330 4434 1366 4496 in

71 4545 240 4622 quantum
263 4541 427 4604 nimirum
451 4541 588 4604 circiter
620 4539 738 4604 scilla
771 4539 955 4604 extendere
981 4545 1102 4622 potest,
1126 4559 1215 4606 anno
1232 4545 1305 4604 0101
1330 4541 1366 4606 111

70 4644 220 4730 cumbat,
234 4667 387 4732 pergam:
403 4649 438 4710 in
455 4645 522 4710 fine
539 4646 711 4712 discursus
728 4647 801 4712 loco
817 4646 988 4712 coronidis
1004 4645 1227 4728 annectendo,
1243 4653 1362 4732 quote-

125 4783 255 4828 llsrczali:
271 4785 292 4830 Δ
306 4795 407 4838 magyar
422 4784 533 4829 1111101101
547 4784 638 4829 11111111.
1222 4767 1257 4822 36
