3124 5216
1249 391 1312 455 721

26 609 59 652 ec
82 590 151 651 erit
175 589 407 672 spectandum,
439 597 480 653 ut
512 591 555 652 iis
594 587 825 653 informentur
854 587 996 669 artibus,
1029 609 1115 672 quae
1148 590 1317 670 imprimis

26 698 196 780 pertinent
219 696 263 760 ad
286 696 490 779 praestanda
529 693 644 760 officia
675 694 833 778 hominis,
866 693 998 760 subditi
1031 716 1070 758 ac
1094 694 1192 778 probi
1217 694 1317 759 Chri-

24 806 143 884 stiani3
167 803 291 868 deinde
315 806 367 886 iis,
390 826 477 888 quae
512 803 646 867 faciunt
669 803 713 866 ad
736 805 833 868 varia
855 805 950 869 vitae
972 825 1099 887 genera
1122 803 1316 868 adolescen-

24 909 114 975 tibus
138 907 336 993 hujusmodi
359 913 541 995 proposita,
564 913 625 995 qui
648 909 780 974 scilicet
812 909 931 974 adulta
954 917 1067 975 aetate
1091 909 1203 976 futuri
1227 921 1317 994 sunt,

24 1017 75 1081 vel
98 1017 276 1100 ruricolae,
298 1018 356 1084 vel
379 1017 525 1101 opifices,
542 1017 598 1084 vel
615 1026 728 1102 patres
748 1015 906 1100 familias,
922 1017 979 1081 vel
1003 1019 1151 1104 denique
1174 1021 1317 1104 quaevis

22 1127 84 1190 alia
109 1125 279 1190 humanae
302 1129 477 1191 societatis
501 1125 671 1190 membra:
710 1127 856 1211 denique
890 1133 931 1190 ut
959 1125 1020 1208 illi,
1043 1125 1169 1211 quibus
1192 1133 1317 1190 natura

22 1237 165 1298 maiores
188 1237 320 1320 ingenii
343 1233 527 1298 facultates
550 1233 677 1319 largita
700 1241 761 1317 est,
786 1242 867 1318 apta
883 1233 1141 1300 sublimioribus
1165 1235 1318 1319 discipli·

21 1345 71 1405 nis
96 1348 229 1424 ponant
261 1340 487 1406 fundamenta
521 1343 557 1404 in
589 1341 714 1405 scholis
751 1341 948 1408 Vernaculia
980 1363 1040 1405 seu
1068 1342 1314 1409 Nutioaulibua

21 1449 114 1526 Quae
140 1449 279 1533 quidem
302 1450 368 1512 rita
392 1469 539 1530 expensa
563 1447 750 1531 proclivem
773 1448 958 1513 admodum
981 1448 1136 1514 efficient
1160 1454 1318 1515 scientia-

20 1577 95 1619 rum
123 1555 441 1638 pertractandarum
464 1557 652 1638 delectum,
692 1579 732 1621 ao
755 1579 823 1622 una
846 1558 1029 1622 ostendent
1061 1559 1194 1624 scholas
1226 1563 1317 1642 ipsas

19 1662 221 1726 vernaculas
244 1665 281 1726 in
303 1665 418 1728 varias
441 1663 563 1727 classes
579 1686 651 1728 esse
668 1663 877 1747 tribuendas,
901 1666 1065 1728 nimirum
1089 1667 1126 1728 in
1149 1687 1214 1748 eas,
1231 1688 1317 1750 quae

19 1773 229 1834 constitutae
253 1777 334 1834 sunt
357 1771 394 1850 u)
417 1773 453 1834 in
477 1773 583 1855 pagis,
607 1769 639 1852 11)
662 1773 700 1834 in
723 1771 867 1854 oppidis,
891 1771 924 1852 c)
948 1773 984 1834 in
1007 1769 1160 1852 urbibus⁷
1184 1794 1223 1835 ao
1249 1774 1317 1834 sin-

17 1878 112 1962 gulis
135 1878 259 1942 harum
283 1879 427 1961 propria,
452 1898 558 1961 eaque
591 1885 782 1960 opportuna
815 1879 978 1942 instituta
1002 1885 1037 1942 et
1061 1877 1153 1963 leges
1177 1879 1317 1942 idoneas

17 1985 231 2068 sanciendas,
254 2006 400 2070 quarum
427 2006 490 2068 ope
523 1985 680 2049 ruricolis
718 1993 822 2070 atque
855 1984 990 2050 civibus
1023 1985 1314 2050 succrescentibus

17 2095 226 2157 conveniens
250 2093 408 2156 educatio
447 2089 669 2155 adhibeatur:
708 2091 751 2155 ad
791 2094 951 2156 scientias
984 2113 1065 2157 vero
1098 2091 1314 2157 sublimiores

15 2199 252 2283 aspirantibus
276 2196 475 2281 adjumenta
508 2202 696 2263 necessaria
726 2207 973 2283 comparentur.
1000 2239 1039 2246 —
1065 2199 1110 2263 H.
1135 2199 1316 2264 Constabi-

14 2308 91 2372 litis
117 2307 310 2371 vemaculis
334 2307 425 2371 ludis
448 2308 813 2372 inconsiderationem
829 2310 947 2372 venire
972 2307 1099 2372 debent
1122 2308 1316 2372 adolescen-

15 2426 68 2480 tes
95 2415 159 2496 illi,
182 2418 243 2500 qui
264 2415 319 2480 his
343 2418 488 2479 emensis
521 2415 636 2480 studia
669 2438 730 2479 sua
762 2416 854 2479 ultra
884 2423 1153 2499 prosequuntur,
1177 2438 1216 2479 ac
1241 2422 1317 2498 post

12 2523 174 2606 expletos
198 2543 322 2604 paucos
346 2524 382 2585 in
406 2521 531 2586 scholis
554 2522 672 2586 latinis
696 2545 811 2607 annos,
835 2525 947 2587 missis
971 2523 1082 2587 literis
1106 2523 1149 2586 ad
1173 2523 1240 2586 alia
1266 2526 1316 2586 in-

11 2634 145 2694 stituta
169 2635 358 2711 transeunt,
382 2631 546 2693 nimirum
572 2631 600 2694 1.
632 2630 675 2694 ad
708 2631 937 2694 exercendum
969 2629 1108 2714 aliquod
1131 2628 1316 2714 opificium,

13 2739 72 2803 vel
98 2737 142 2800 ad
169 2735 361 2800 faciendam
385 2745 621 2818 mercaturam,
638 2739 668 2801 2.
684 2739 727 2802 ad
745 2738 961 2802 tractandam
981 2739 1053 2800 ruri
1076 2739 1317 2819 oeconomiam,

10 2854 77 2909 aut
104 2845 148 2908 ad
174 2844 338 2909 Gamerae
362 2843 551 2908 aliorumve
568 2847 782 2927 privatorum
806 2843 966 2928 obsequia
991 2843 1203 2926 capessenda.
1228 2844 1257 2906 3.
1273 2843 1316 2906 ad

10 2952 226 3036 oppidorum
241 2953 418 3014 minorave
435 2949 573 3014 urbium
589 2953 715 3034 munia,
739 2952 769 3014 4.
794 2951 836 3014 ad
861 2950 1046 3014 militarem
1072 2957 1210 3032 statum,
1228 2951 1256 3013 ὃ.
1273 2950 1316 3014 ad

11 3058 238 3124 tractandam
260 3081 333 3122 rem
371 3058 646 3143 metallurgicam
678 3059 734 3123 vel
769 3060 1003 3139 monetariam,
1037 3057 1066 3120 6.
1099 3058 1143 3121 ad
1176 3061 1316 3142 negotia

10 3169 217 3250 domestica,
249 3175 285 3230 et
317 3188 390 3231 rem
423 3165 628 3230 familiarem
663 3168 918 3250 procurandam,
953 3167 981 3231 7.
1004 3167 1048 3230 ad
1078 3166 1257 3230 cathedras
1281 3169 1317 3230 in

7 3275 146 3340 scholis
168 3274 362 3338 vernaculis
378 3273 591 3356 obtinendas,
615 3274 644 3336 8.
669 3275 816 3359 denique
839 3275 883 3338 ad
907 3276 1093 3338 severiores
1118 3273 1316 3356 disciplinas

8 3382 272 3447 condiscendas.
296 3381 465 3463 Expensis
488 3381 581 3444 hisce
612 3381 849 3445 conditionum
880 3402 919 3444 ao
947 3387 1101 3444 statuum
1123 3379 1316 3465 generibus,

8 3493 40 3553 1.
69 3487 204 3552 nullius
227 3488 293 3551 erit
317 3508 438 3570 operae
462 3486 604 3551 definire
637 3489 753 3551 studia
785 3488 867 3552 huic
895 3488 1092 3551 auditorum
1116 3487 1216 3551 classi
1239 3509 1316 3552 con-

6 3597 205 3675 venientia,
229 3600 332 3679 atque
356 3597 392 3658 in
408 3603 582 3678 posterum
599 3603 734 3678 tempus
750 3598 828 3658 usui
844 3594 971 3658 futura.
996 3595 1025 3656 2.
1050 3595 1104 3658 Ex
1120 3594 1184 3659 hoo
1200 3603 1316 3658 autem

4 3706 92 3785 ipso
117 3709 253 3782 tempus
277 3703 382 3764 etiam
406 3701 598 3764 studiorum
622 3700 744 3764 horum
761 3699 929 3764 curriculo
945 3702 1191 3785 assignandum
1215 3701 1316 3765 facile

2 3806 316 3874 determinabitur.
341 3809 370 3871 3.
395 3809 550 3893 Cumque
578 3807 746 3892 juventus
772 3807 878 3872 classe
901 3806 965 3871 hac
993 3809 1234 3892 comprehensa
1257 3809 1316 3872 ad-

2 3916 161 3981 modum
184 3935 372 3996 numerosa,
395 3921 536 3999 totoque
560 3915 629 3978 late
653 3916 775 3999 Regno
799 3913 925 3977 diffusa
949 3917 1003 3998 sit,
1028 3920 1111 3980 satis
1135 3916 1316 4000 adparebit

7 4022 153 4088 cholas
177 4021 288 4085 eidem
313 4019 550 4085 informandae
584 4021 773 4086 destinatas
796 4024 834 4084 in
856 4022 1002 4106 singulis
1034 4024 1149 4108 Regni
1173 4025 1316 4088 Provin-

1 4137 80 4200 ciis
105 4131 296 4214 complures
320 4152 392 4194 esse
416 4139 604 4214 opportere.
640 4170 679 4177 —
714 4131 830 4215 Atque
864 4133 1012 4214 primum
1036 4131 1100 4194 hoc
1123 4130 1315 4195 scholarum

17 4243 207 4305 atinarum
244 4259 352 4323 genus
391 4241 528 4302 nomine
568 4238 768 4303 Scholarum
806 4238 1118 4302 Grammaticarum
1156 4239 1315 4320 deinceps

33 4350 146 4411 eniet.
170 4344 234 4410 III.
271 4345 499 4429 Posteaquam
531 4367 666 4409 emenso
690 4345 882 4408 scholarum
907 4345 1218 4410 Grammatioarum
1242 4366 1315 4408 cur-

0 4493 4 4520 t
27 4453 138 4536 'cula
161 4452 393 4516 adolescentes
416 4471 485 4514 11011
509 4455 608 4534 pauci
632 4452 675 4514 ad
708 4452 824 4515 studia
847 4451 1074 4516 humanitatis
1096 4451 1243 4535 gradum
1267 4449 1317 4514 fe-

14 4566 150 4641 serunt,
166 4581 205 4622 ac
222 4558 340 4622 eadem
359 4557 539 4621 tractando
563 4555 794 4637 absolverunt,
811 4563 899 4619 teste
916 4556 1118 4640 quotidiana
1141 4559 1315 4640 experien-

21 4675 68 4736 ia
92 4665 197 4732 multi
220 4663 330 4729 literis
354 4664 561 4746 valedicunt,
587 4665 713 4746 partim
736 4663 827 4746 quod
856 4659 931 4746 jam
954 4684 1014 4746 per
1042 4671 1191 4728 aetatem
1214 4663 1314 4727 rebus

74 4803 205 4850 Marozali:
221 4804 242 4848 Δ
256 4814 357 4857 msgyar
370 4803 482 4847 *tortenet
496 4801 587 4845 kutfoi.
1171 4785 1206 4837 46
