3192 5214
1251 315 1370 379 -79

181 508 246 573 XI.
270 504 324 572 De
356 505 532 574 solutione
564 504 753 574 mendacii.
787 507 825 574 Si
855 509 933 593 quis
955 515 1072 572 autem
1094 503 1246 574 militum
1270 531 1367 576 suum

79 624 301 698 spontaneum
325 615 453 680 donum
477 617 594 682 dicens
617 617 684 682 sibi
707 619 745 681 vi
767 616 931 698 ablatum,
963 618 1110 681 mendax
1136 619 1302 700 extiterit,
1334 627 1369 682 et

3 793 4 800 ,
78 723 138 788 hoc
160 731 286 806 careat,
310 731 345 788 et
368 725 508 807 insuper
531 725 737 790 tantundem
761 724 882 788 solvat.
911 735 913 740 ’

181 831 266 896 ΧΠ.
290 827 344 895 De
368 828 501 896 iudicio
524 828 648 919 prodit.
684 832 722 897 Si
745 835 822 918 quis
845 831 961 919 gladio
990 832 1172 898 hominem
1196 834 1369 914 occiderit,

77 941 194 1004 eodem
217 938 335 1025 gladio
358 939 544 1025 iuguletur.

182 1045 285 1112 ΧΠΙ.
309 1043 362 1112 De
385 1043 630 1113 debilitatione
653 1045 909 1114 membrorum.
935 1047 1072 1134 Siquis
1103 1055 1220 1113 autem
1252 1047 1368 1134 gladio

3 1183 5 1238 1
74 1157 259 1241 evaginato
290 1155 398 1220 alium
429 1155 618 1241 quemlibet
651 1155 909 1238 debilitaverit,¹
934 1155 991 1220 vel
1023 1158 1061 1220 in
1098 1145 1204 1238 ocul0,
1243 1157 1300 1221 vel
1332 1159 1368 1221 in

3 1243 5 1316 l
75 1265 167 1345 pede,
201 1263 260 1327 vel
291 1264 330 1326 in
359 1283 472 1350 manu,
487 1291 488 1298 ¹
505 1263 681 1328 consimile
714 1265 901 1346 dampnum
924 1265 978 1327 sui
1001 1265 1152 1346 corporis
1176 1266 1370 1346 paciatur&

3 1369 4 1372 ’
181 1369 281 1434 XIV.
305 1366 357 1434 De
380 1366 495 1456 pladii
520 1367 773 1436 vulneratione.
799 1371 836 1435 Si
859 1373 936 1456 quis
959 1391 1040 1435 vero
1063 1370 1180 1456 gladio
1212 1371 1369 1436 vulnera-

3 1485 4 1532 1
73 1480 164 1542 verit
179 1477 340 1563 aliquem,
356 1487 392 1542 et
410 1477 612 1544 vulneratus
631 1480 673 1544 de
697 1479 816 1543 eodem
839 1478 981 1544 vulnere
1005 1499 1106 1542 sanus
1130 1486 1165 1544 et
1188 1479 1369 1542 incolumis

3 1615 5 1674 ;
73 1587 233 1666 evaserit,
256 1583 435 1650 homicidii
458 1587 740 1668 compositionem
762 1586 917 1650 vulneris
940 1585 1057 1650 illator
1080 1593 1270 1667 componat.

3 1677 5 1784 J
181 1692 262 1758 XV.
285 1687 338 1755 De
360 1688 478 1777 plodii
500 1689 748 1779 coopinolione
777 1690 853 1758 sine
888 1689 1041 1758 vulnere.
1076 1693 1113 1757 Si
1144 1695 1222 1778 quis
1255 1691 1368 1758 farore

73 1800 227 1882 repletus
267 1800 504 1884 evaginaverit
542 1799 698 1884 gladium
736 1807 911 1864 ettamen
933 1821 1002 1864 non
1034 1799 1181 1882 laeserit,
1214 1801 1368 1884 prosola

3 1927 5 2014 j
72 1909 318 1993 evaginatione
341 1907 490 1972 mediam
513 1907 692 1972 homicidii
715 1909 997 1990 compositionem
1019 1905 1185 1971 absolvat.

180 2014 281 2078 XVI.
305 2010 358 2078 De
382 2011 583 2080 testimonio
607 2012 828 2079 seniorumM
851 2010 968 2100 reqnli
991 2011 1112 2080 curiae
1146 2009 1200 2078 vel
1233 2009 1370 2078 civitati

70 2119 352 2207 propositorum.
379 2121 415 2186 Si
438 2123 516 2206 quis
539 2125 651 2188 senior
674 2126 765 2188 curti
788 2122 895 2208 regali
920 2122 976 2186 vel
999 2124 1136 2186 civitati
1165 2103 1369 2204 praeficitur,

3 2275 4 2280 κ
70 2232 313 2296 testimonium
336 2231 409 2292 eius
432 2229 525 2293 inter
547 2233 688 2294 comites
713 2231 931 2312 recipiatur·

181 2337 299 2402 XVII.
323 2333 377 2401 De
400 2334 662 2422 conspiratione
686 2333 779 2423 repis
804 2339 836 2402 ei
860 2335 970 2424 reyni.
1005 2337 1042 2401 Si
1074 2339 1152 2422 quis
1184 2339 1222 2400 in
1253 2358 1368 2420 regem

69 2457 127 2509 ant
154 2447 193 2508 in
213 2465 360 2528 regnum
379 2446 634 2528 conspiraverit,
651 2443 826 2530 refugium
842 2443 975 2508 nullum
991 2442 1116 2508 habeat
1132 2445 1176 2508 ad
1192 2443 1368 2508 ecclesiam

3 2579 8 2710 q
69 2563 101 2617 et
126 2555 159 2617 si
184 2553 264 2637 quis
288 2553 378 2616 circa
402 2555 492 2638 regis
516 2552 663 2616 salutem
686 2559 747 2616 aut
771 2553 980 2636 dignitatem
1003 2550 1158 2636 quolibet
1182 2552 1282 2615 modo
1308 2550 1368 2614 ali-

3 2711 5 2742 l

69 2663 152 2746 quid
180 2662 441 2742 conspiraverit,
464 2667 525 2729 aut
549 2663 742 2742 conspirare
766 2659 897 2744 ahquid
923 2661 1121 2741 tentaverit,
1147 2680 1206 2722 seu
1239 2661 1369 2722 tentari

3 2803 8 2842 ,1
69 2773 182 2833 sciens
216 2769 434 2850 consenserit,
463 2765 782 2850 anathematizetur,
807 2775 842 2830 et
865 2769 1018 2832 omnium
1043 2765 1197 2830 fidelium
1221 2788 1369 2830 commu-

70 2879 173 2940 nione
199 2875 366 2956 privetur,
389 2881 424 2938 et
448 2875 577 2958 siquis
601 2873 798 2938 huiusmodi
822 2873 971 2958 aliquem
994 2875 1130 2938 noverit
1163 2880 1197 2936 et
1227 2873 1368 2956 probare

3 2967 5 2970 ⁵
70 2982 191 3046 valens
217 3003 287 3045 non
310 2982 498 3046 edicaverit
523 2977 716 3063 praedictae
741 2980 915 3046 subiaceat
939 2981 1162 3046 damnationi.

3 3081 5 3102 ⁸
180 3089 275 3153 Item
290 3091 320 3152 si
336 3109 454 3152 servus
470 3089 646 3170 seniorem,
656 3089 685 3150 si
701 3087 798 3150 miles
815 3109 915 3152 suum
934 3089 1095 3152 comitem
1118 3083 1370 3150 1111011000111.ω

181 3194 319 3260 XVIH.
343 3191 396 3258 De
420 3191 664 3259 decimalione.
689 3193 726 3258 st
750 3196 805 3258 cui
829 3195 913 3260 deus
936 3179 1054 3258 decem
1077 3195 1211 3258 dederit
1227 3195 1264 3256 in
1279 3214 1368 3256 anno

70 3307 244 3369 decimam
278 3303 341 3366 deo
369 3302 468 3366 det.⁶⁶
499 3309 534 3365 at
567 3303 596 3364 si
628 3303 705 3386 quis
738 3301 906 3366 decimam
930 3323 1026 3364 suam
1049 3300 1229 3364 abscondit
1253 3301 1368 3364 VIIII.

3 3397 5 3400 ¹
71 3415 136 3491 det,
174 3419 210 3475 et
237 3411 366 3494 siquis
391 3410 655 3474 decimationem
678 3402 835 3490 episcopo
860 3417 1051 3492 separatam
1086 3407 1220 3473 furatus
1254 3406 1368 3472 fuerit.

2 3521 11 3605 ',
70 3521 273 3585 diudicetur
306 3525 345 3581 ut
380 3515 444 3599 fur,
477 3537 516 3579 ac
549 3515 747 3580 huiusmodi
779 3519 980 3598 compositio
1012 3523 1086 3580 tota
1122 3518 1292 3598 pertineat
1324 3516 1367 3578 ad

3 3683 4 3714 ,
70 3631 281 3711 episcopum.

180 3733 286 3799 ΧΙΧ,
310 3729 363 3797 De
384 3729 540 3796 versutia
557 3727 740 3796 comitum.
758 3729 795 3794 Si
811 3734 888 3816 quis
904 3735 1066 3796 versutiis
1082 3733 1186 3796 alicui
1204 3733 1368 3794 comitum

68 3845 123 3906 vel
132 3843 243 3906 alteri
257 3862 420 3924 personae
435 3838 529 3904 fideli
545 3841 691 3904 dixerit:
707 3841 827 3903 audivi
844 3863 959 3926 regem
975 3843 1017 3906 ad
1034 3849 1131 3905 tuam
1144 3841 1368 3923 perditionem

69 3950 166 4035 loqui
192 3957 229 4013 et
253 3948 309 4014 hic
333 3950 496 4012 inventus
520 3946 635 4029 fuerit,
661 3951 814 4029 pereat.⁶⁷

3 4165 4 4178 ¹
120 4171 146 4198 ¹⁸
167 4161 197 4213 A
218 4157 324 4213 bibliai
344 4157 424 4212 talio.

122 4259 145 4290 ⁸⁴
166 4251 197 4302 A
217 4246 298 4303 be'cei
317 4245 491 4302 ktziratban
512 4246 667 4303 1111111-

67 4355 130 4393 mes
150 4337 360 4392 kiadtsokban
379 4353 540 4392 servorum.
562 4338 605 4392 De
634 4357 667 4392 az

3 4489 5 4508 ι
68 4429 199 4484 ertelem
211 4427 667 4484 szerintosakseniorumlehet.

3 4521 4 4584 ,
121 4527 145 4556 ⁵⁸
165 4516 193 4570 Ε
224 4516 382 4570 mendatot
409 4517 471 4588 ugy
499 4535 516 4571 a
545 4515 668 4580 11111101,

3 4611 5 4614 ’
67 4609 146 4662 mint
165 4625 202 4661 az
221 4613 320 4660 dsezes
339 4605 481 4660 kiadtsok
509 4625 543 4660 az
571 4605 668 4661 ellibbi

776 4157 884 4227 fejezet
913 4157 1020 4228 vegete
1052 4158 1155 4226 teszik,
1187 4157 1237 4210 hol
1269 4159 1368 4212 annak

777 4249 862 4300 nincs
881 4250 985 4301 semini
1008 4248 1140 4301 ertelme.

832 4347 853 4375 ⁸⁸
873 4338 1078 4391 Pederbrunni
1100 4337 1194 4408 Capit.
1215 4337 1256 4391 17.
1283 4337 1317 4390 V.
1343 4344 1367 4391 ὃ.

778 4426 882 4480 Laszld
901 4427 924 4479 Ι.
944 4429 986 4481 30.
1005 4428 1049 4480 40.
1069 4427 1200 4480 Kalman
1220 4427 1243 4479 Ι.
1262 4429 1306 4480 25.
1326 4429 1368 4480 65.

832 4526 854 4554 ⁶⁶¹
873 4517 914 4569 Ea
933 4535 951 4570 a
978 4518 1032 4571 hat
1055 4523 1133 4588 pont,
1163 4515 1368 4584 XIV-xlx,

777 4607 863 4660 nincs
882 4623 949 4676 meg
978 4624 1010 4658 az
1030 4607 1163 4659 admonti
1186 4604 1368 4658 keziratban.
