3144 5218
196 323 265 388 510

198 543 277 586 cum
300 520 459 586 fidelibus
483 521 515 586 S.
540 521 572 586 S.
592 529 628 586 et
644 521 681 586 Ο.
702 521 740 586 Ο.
763 529 896 586 certum
919 523 1059 586 modum
1083 525 1237 588 invenire
1261 531 1364 609 atque
1388 527 1497 590 etiam

199 628 433 693 demonstrare
465 627 637 713 dignetur,
661 629 760 712 unde,
788 629 966 714 quomodo,
991 628 1159 714 quibusve
1183 631 1305 694 mediis
1328 653 1368 695 ac
1391 634 1499 696 ratio-

199 735 301 801 nibus
318 735 488 820 praesidia
503 738 601 819 regni
617 735 876 819 munitionibus,
892 735 1067 820 aedificiis,
1091 734 1343 822 fortificatione,
1362 740 1496 802 victua-

200 847 290 913 libus
314 846 493 931 militeque
514 848 703 910 necessario
727 849 777 910 ita
801 848 937 930 provisa
961 868 1033 911 esse
1053 853 1198 931 queant;
1217 869 1285 933 quo
1304 847 1367 913 sub
1387 849 1496 914 felici-

202 956 266 1021 bus
290 956 370 1020 su'ae
395 957 509 1039 regiae
533 951 723 1037 majestatis
753 955 915 1037 auspiciis
937 960 1061 1019 cuncta
1084 955 1122 1018 in
1144 961 1222 1019 tuto
1245 977 1284 1020 ac
1307 957 1498 1041 tranquillo

200 1062 366 1127 collocata
390 1067 425 1125 et
448 1059 493 1124 ab
516 1061 768 1125 incursionibus
791 1061 943 1125 hostium
967 1082 1084 1125 secura
1107 1083 1179 1126 esse
1203 1065 1341 1146 possint.

201 1288 383 1356 Articulus
418 1288 525 1356 XXll.
559 1290 824 1372 Faeneratores,
857 1289 919 1378 qui
946 1289 1138 1377 pecuniam
1171 1311 1289 1373 suum,
1322 1289 1371 1358 od
1404 1290 1500 1358 Fisci

201 1396 315 1479 Bono,
348 1417 408 1463 seu
441 1397 610 1481 Miserae,
645 1397 737 1464 lucri
766 1397 887 1486 pratia
921 1396 1049 1466 dedere
1058 1421 1070 1481 ;
1104 1398 1205 1466 illum
1235 1399 1428 1482 amittunl,·
1452 1398 1497 1466 Et

333 1504 478 1594 insuper
502 1505 536 1572 in
561 1505 809 1578 aestimatione
829 1509 1070 1596 proventuum
1095 1506 1364 1575 convincuntur.

309 1694 455 1772 Quinto:
489 1694 577 1760 Cum
609 1719 650 1760 ex
683 1698 836 1782 antiquis
868 1704 903 1760 et
936 1694 1083 1780 publicis
1107 1695 1254 1760 decretis
1277 1699 1376 1782 regni
1399 1697 1498 1760 Hun-

201 1807 319 1887 gariae
344 1801 441 1886 bona,
465 1804 508 1867 ad
533 1825 692 1868 coronam
724 1806 822 1889 regni
855 1806 1056 1888 spectantia,
1089 1804 1175 1868 nulli
1201 1807 1353 1870 omnium
1376 1827 1498 1891 regum

202 1911 411 1997 Hungariae,
438 1911 667 1996 qualicunque
699 1912 840 1976 tandem
871 1914 1074 1976 necessitate
1106 1912 1296 1996 adurgente
1320 1915 1437 1996 (prout
1462 1916 1498 1977 in

202 2018 339 2082 decreto
364 2015 502 2081 Alberti
528 2019 618 2102 regis
641 2026 704 2082 art.
731 2017 780 2082 16.
804 2026 839 2082 et
863 2019 988 2101 passim
1011 2017 1088 2081 aliis
1113 2019 1150 2081 in
1178 2017 1334 2102 plurimis
1357 2017 1498 2084 uberius

206 2127 314 2213 patet)
339 2129 568 2212 impignorare
592 2127 711 2208 liceat;
746 2136 955 2212 constetque,
980 2127 1165 2213 plerosque,
1197 2135 1272 2192 tum
1295 2129 1338 2192 ad
1363 2127 1499 2194 fodinas

203 2233 393 2316 minerales,
417 2235 622 2298 tumetium
655 2236 853 2318 tricesimae,
886 2255 954 2298 non
977 2234 1137 2318 vulgares
1162 2238 1324 2318 pecuniae
1349 2257 1499 2300 summas

203 2349 323 2406 mutuo
347 2341 497 2420 dedisse;
522 2341 599 2405 ideo
614 2363 656 2405 ex
673 2343 724 2424 iis,
747 2348 851 2427 atque
875 2343 981 2406 etiam
1003 2363 1045 2404 ex
1070 2341 1097 2405 7.
1122 2341 1222 2406 Ulad.
1247 2345 1337 2428 regis
1360 2343 1498 2408 decreto

205 2455 268 2513 art.
293 2449 321 2512 2.
345 2455 380 2512 et
413 2448 441 2510 3.
465 2469 527 2511 nec
560 2469 629 2512 non
661 2451 766 2513 etiam
799 2447 946 2532 publicis
979 2448 1284 2514 constitutionibus
1316 2449 1498 2515 manifeste

204 2559 342 2622 elicitur
364 2578 403 2619 ac
432 2555 656 2640 concluditur,
681 2557 766 2622 tales
795 2555 1034 2640 foeneratores
1066 2557 1127 2641 qui
1159 2560 1320 2640 pecunias
1352 2581 1430 2623 suas
1454 2560 1498 2624 ad

205 2667 293 2730 bona
317 2683 458 2726 coronae
483 2665 581 2748 regni
605 2663 805 2748 Hungariae
828 2660 940 2746 hujus
964 2662 1052 2726 lucri
1074 2665 1197 2748 gratia,
1220 2670 1340 2728 mutuo
1365 2665 1499 2744 dedere,

204 2795 274 2837 non
289 2771 399 2836 solum
414 2769 491 2833 illas
507 2772 678 2852 amisisse;
701 2793 823 2835 verum
838 2773 944 2835 etiam
960 2772 996 2834 in
1011 2773 1249 2835 aestimatione
1269 2781 1498 2856 proventuum

204 2879 363 2944 convinci
379 2875 520 2941 debere:
544 2876 669 2940 demtis
692 2885 808 2941 tamen
832 2876 967 2941 arcibus
991 2876 1167 2958 Munktcs,
1191 2875 1334 2963 Zdlyom
1349 2886 1385 2943 et
1401 2879 1499 2945 Dios-

204 2985 300 3073 gyb'r,
324 3007 410 3070 quae
435 2986 597 3068 quoniam
622 3005 682 3068 pro
697 2984 844 3067 publicis
868 2987 1021 3069 regniac
1039 2983 1264 3050 confiniorum
1288 2991 1499 3053 necessitati-

205 3096 269 3160 bus
286 3095 478 3176 inscriptae,
503 3094 732 3176 pecuniaeque
756 3092 836 3156 inde
852 3091 996 3156 collatae
1012 3113 1081 3156 non
1100 3091 1176 3175 alic,
1199 3096 1362 3178 quemad
1378 3117 1500 3160 eorun-

205 3203 284 3266 dem
300 3201 584 3265 restaurationem
599 3198 818 3283 militumque
834 3199 1039 3264 solutionem
1054 3205 1213 3283 erogatae
1232 3200 1498 3285 dignoscantur3

205 3311 282 3373 ideo
315 3308 508 3392 praedictae
544 3328 646 3388 arces,
679 3307 815 3370 nonnisi
848 3307 1002 3389 deposita
1037 3309 1270 3390 inscriptionis
1306 3332 1447 3390 summa,
1480 3333 1497 3373 a

205 3417 378 3482 modernis
403 3413 650 3498 possessoribus
674 3414 805 3496 redimi,
828 3435 867 3477 ac
891 3414 1084 3496 recuperari
1108 3413 1291 3479 debebunt.

208 3671 389 3741 Articulns
415 3670 542 3738 XXIII.
562 3671 667 3739 Arccs
690 3671 832 3754 Murcia,
850 3675 882 3738 et
898 3668 1042 3759 Lipcbe,
1066 3668 1250 3758 Hunpuris
1269 3669 1500 3740 redimendus

727 3778 978 3846 conceduntur.

315 3962 437 4025 Sexto:
477 3961 761 4046 Quandoquidem
794 3964 830 4024 in
863 3958 1115 4026 Viennensibus
1153 3959 1308 4024 articulis
1342 3981 1499 4042 expresse

206 4069 405 4134 conclusum
428 4070 491 4150 sit;
515 4081 555 4132 ut
578 4091 671 4132 arces
695 4077 730 4133 et
753 4068 821 4132 alia
840 4065 920 4150 jura
945 4068 1206 4149 possessionaria
1224 4087 1310 4151 quae
1334 4066 1499 4130 hactenus

207 4180 244 4240 in
268 4175 425 4240 manibus
453 4176 702 4240 Germanorum
735 4176 946 4260 aliorumque
980 4181 1200 4238 externorum
1233 4175 1434 4254 extiterunt,
1457 4173 1499 4238 ab

208 4284 393 4367 HungariS,
418 4285 572 4367 deposita
596 4285 829 4368 inscriptionis
853 4305 994 4365 summa,
1018 4281 1249 4362 redimantur;
1282 4281 1358 4345 ideo
1382 4283 1500 4344 etiam-

208 4412 291 4454 num
314 4392 500 4456 secundum
524 4415 580 4457 eos
603 4391 774 4474 articulos,
808 4391 1005 4456 conclusum
1038 4396 1098 4471 est,
1131 4395 1170 4452 ut
1194 4409 1287 4452 arces
1318 4388 1442 4452 Mnran
1466 4398 1499 4452 et

208 4497 347 4580 Lipche,
368 4499 532 4582 depositis
557 4500 775 4582 deponendis
799 4521 817 4562 e
842 4497 1000 4562 manibus
1024 4497 1274 4561 Germanorum
1296 4501 1332 4560 et
1355 4495 1498 4559 aliorum

208 4611 448 4671 extraneorum
472 4608 693 4672 redimantur.
