3160 5212
219 309 299 404 ’310

231 561 409 604 commune
433 561 493 603 seu
517 539 693 602 decretum
723 537 800 601 tolli
832 543 866 602 et
895 535 1080 602 invalidari
1114 543 1286 600 tenemus:
1319 534 1362 599 In
1394 535 1533 600 casibus

231 648 309 724 illis,
333 648 458 732 quibus
482 669 638 731 expresse
664 644 756 710 saeta
780 643 887 708 fuerit
904 646 940 708 in
955 641 1107 728 generali
1127 642 1373 706 constitutione
1390 645 1532 706 mentia.

339 755 567 840 Privilegium
591 763 715 827 autem,
744 754 799 816 oui
822 772 891 815 non
915 748 1021 814 fuerit
1044 771 1200 833 expresse
1232 751 1435 836 derogatum
1470 773 1533 834 per

231 864 343 948 legem
359 865 566 928 contrariam
582 862 638 926 vel
653 857 812 946 generale
835 859 1020 940 decretum,
1043 879 1112 921 non
1136 857 1357 922 invalidatur.

740 1104 847 1174 Pars
881 1103 1020 1175 tertia.

342 1289 409 1354 Tit.
433 1289 477 1354 Π.
506 1286 631 1355 lllrum
657 1288 803 1377 quilibet
829 1289 986 1378 populus
1021 1289 1076 1356 uel
1107 1289 1298 1358 comitatus
1329 1289 1445 1376 possit
1465 1311 1532 1378 pcr

233 1416 269 1462 se
294 1393 445 1462 condere
468 1399 614 1462 sluiuiu.
648 1399 735 1476 Quia
768 1399 860 1484 leges
884 1400 1015 1464 dudum
1047 1400 1255 1483 approbatae
1287 1423 1327 1465 ao
1351 1411 1532 1465 consuetu-

234 1507 330 1570 dines
355 1527 538 1590 regnorum
562 1505 765 1589 Dalmatiae,
798 1507 965 1588 Oroatiae,
999 1506 1199 1572 Sclaveniae
1223 1515 1258 1571 et
1282 1507 1531 1574 Transilvanie.

234 1617 337 1678 certis
361 1616 397 1677 in
421 1616 579 1678 terminis
608 1623 644 1679 et
676 1615 841 1697 articulis,
873 1637 893 1680 a
925 1621 1061 1679 nostrae
1094 1617 1234 1698 patriae,
1268 1617 1367 1700 regni
1399 1615 1529 1679 scilicet

233 1721 336 1786 huius
360 1721 561 1806 Hungariae
585 1721 719 1807 legibus
743 1729 778 1786 et
802 1721 1107 1786 consuetudinibus
1131 1722 1341 1806 discrepare:
1373 1723 1532 1788 nonnulli

234 1831 339 1892 etiarn
378 1831 563 1893 comitatus
602 1829 796 1893 distinctim
827 1851 866 1892 ac
898 1831 1082 1911 separatim
1114 1827 1159 1892 ab
1190 1829 1267 1893 aliis
1300 1828 1532 1894 eomitatibus,

235 1939 304 2000 1110
338 1937 443 1999 etiam
475 1936 519 2000 ab
554 1938 625 2018 ipsa
658 1938 750 2000 ouria
785 1937 880 2020 regia
912 1943 1023 2000 certas
1055 1936 1327 2016 consuetudines,
1356 1943 1532 2021 uteunque

235 2043 403 2121 inductas,
427 2043 500 2106 1000
525 2042 640 2127 legum
664 2042 844 2108 observare
874 2042 1055 2106 videntur:
1084 2043 1160 2108 ideo
1193 2044 1389 2128 quaeritur:
1413 2049 1532 2106 utrum

235 2150 382 2236 quilibet
403 2150 546 2234 populus
565 2150 622 2214 vel
638 2153 830 2232 comitatus
849 2157 910 2214 aut
933 2149 1108 2236 quaelibet
1131 2153 1255 2215 civitas
1280 2151 1387 2233 possit
1414 2172 1473 2233 per
1498 2172 1532 2213 se

235 2265 270 2321 et
303 2278 454 2321 seorsum
489 2255 600 2320 facere
628 2263 768 2321 statuta.
803 2257 1014 2320 Dicendum:
1047 2258 1138 2342 quod
1171 2257 1286 2321 nullus
1321 2257 1467 2340 populus
1499 2265 1531 2321 et

236 2365 331 2429 nulla
355 2367 563 2430 universitas
588 2371 700 2446 potest
724 2365 868 2427 condere
902 2371 1043 2446 statuta,
1076 2387 1162 2449 quae
1196 2386 1264 2429 non
1296 2364 1401 2428 habet
1435 2367 1535 2428 iuris-

236 2473 422 2537 dictionem
456 2473 635 2555 propriam,
664 2472 721 2535 sed
746 2471 888 2534 alterius
912 2471 1027 2535 subest
1062 2472 1221 2551 dominio,
1254 2473 1321 2535 nisi
1354 2493 1433 2535 cum
1457 2493 1537 2535 con-

237 2602 337 2644 sensu
361 2582 413 2644 sui
438 2581 630 2662 superioris.
664 2579 711 2642 Et
734 2578 798 2642 hoc
822 2600 955 2663 quoque
979 2581 1016 2642 in
1045 2579 1188 2662 casibus
1220 2581 1280 2664 qui
1313 2579 1380 2642 iuri
1414 2578 1537 2642 divino

238 2693 272 2750 et
296 2685 447 2750 humano
472 2685 699 2768 praeiudicari
722 2707 791 2748 non
814 2685 1072 2770 dignoscuntur.
1096 2686 1160 2768 Ita,
1184 2686 1275 2770 quod
1300 2692 1432 2749 statuta
1462 2687 1536 2770 ipsa

237 2795 394 2878 iniquum
417 2793 558 2878 aliquid,
583 2794 753 2878 salutique
777 2796 986 2857 contrarium
1010 2815 1079 2858 non
1103 2797 1310 2874 contineant,
1326 2817 1437 2879 neque
1455 2797 1538 2858 iuri-

237 2901 301 2965 bus
324 2902 470 2965 aliorum
492 2901 604 2984 palam
629 2902 802 2986 derogare,
836 2902 1151 2986 praeiudiciumqne
1184 2899 1311 2965 inferre
1340 2901 1537 2965 videantur.

346 3008 447 3073 Unde
472 3008 552 3072 licet
584 3007 785 3088 Dalmatini,
818 3007 1042 3085 (110111011οε,
1076 3007 1334 3070 Sclavonienses
1367 3013 1402 3070 et
1428 3005 1538 3070 Tran-

239 3116 462 3182 silvanienses
494 3119 531 3180 in
554 3117 804 3200 Homagiorum
837 3121 872 3176 et
905 3113 1141 3198 Birsagiorum
1173 3113 1410 3196 solutionibus
1444 3114 1539 3178 aliis-

238 3246 304 3310 que
328 3226 430 3288 eertis
455 3245 633 3286 causarum
667 3220 879 3304 processibus
912 3229 947 3285 et
979 3223 1204 3285 terminorum
1228 3221 1539 3287 observationibus.

239 3331 306 3395 alia
339 3338 374 3394 et
407 3330 474 3394 alia
514 3329 759 3394 consuetudine
802 3350 821 3392 1
861 3334 977 3391 nostra
1001 3327 1101 3411 longe
1134 3327 1349 3411 discrepante
1382 3335 1540 3408 utantur,

239 3438 428 3522 utendique
461 3445 496 3500 et
530 3435 667 3500 fruendi
709 3435 859 3500 habeant
892 3436 1132 3516 autoritatem
1165 3443 1200 3498 et
1233 3439 1325 3500 inter
1357 3459 1401 3516 se,
1435 3437 1540 3500 modo

239 3567 382 3632 quoque,
416 3545 486 3609 illis
519 3545 629 3608 simile
669 3544 800 3628 aliquid
834 3546 875 3608 de
909 3565 1074 3607 consensu
1117 3545 1280 3627 principis
1315 3551 1469 3609 statuere
1504 3555 1540 3608 et

239 3654 397 3718 ordinare
417 3656 556 3737 possint.
582 3653 710 3718 Contra
735 3660 850 3716 tamen
873 3650 1044 3736 generalia
1070 3657 1202 3715 statuta
1226 3659 1260 3716 et
1284 3652 1421 3716 decreta
1437 3653 1541 3738 regni

239 3759 342 3824 huius
365 3759 566 3845 Hungariae
599 3767 634 3822 et
668 3766 786 3822 001111
819 3759 946 3822 iudicia
974 3757 1238 3842 iudiciariasque
1262 3758 1541 3836 deliberationes

240 3889 341 3950 super
365 3865 457 3930 facto
482 3865 648 3931 bonorum
673 3871 707 3928 et
731 3865 858 3927 iurium
884 3865 1231 3946 possessionariorum,
1251 3865 1287 3927 in
1311 3864 1415 3928 Curia
1432 3867 1542 3950 regia.

241 3997 300 4058 per
333 3975 462 4038 iudices
495 3974 685 4037 ordinarios
717 3973 953 4036 administrari
986 3971 1096 4053 solita,
1129 3971 1361 4056 celebrarique
1393 3979 1428 4036 01
1465 3993 1543 4055 pro-

240 4085 397 4146 nunciari
421 4089 608 4164 consuetas
633 4082 682 4146 nil
710 4081 899 4166 quidquam
922 4082 1130 4144 constituere
1156 4088 1305 4163 possunt,
1338 4080 1542 4166 nullamque

241 4190 418 4254 statuendi
441 4189 571 4254 habent
596 4189 806 4253 facultatem.

349 4299 396 4364 Et
420 4301 456 4362 in
479 4298 582 4362 huius
614 4298 857 4360 dooinnentum
890 4303 992 4379 atque
1026 4297 1171 4378 signum,
1205 4296 1384 4359 universae
1417 4317 1543 4361 causae

241 4426 342 4487 super
380 4405 473 4469 facto
506 4406 634 4468 iurium
673 4402 1012 4486 possessionariorum
1043 4402 1081 4464 in
1113 4402 1224 4466 medio
1266 4423 1384 4466 eorum
1416 4412 1545 4471 motae.

242 4511 349 4576 finitis
381 4511 469 4576 inibi
501 4513 620 4594 causis,
654 4513 690 4574 in
718 4512 848 4572 curiam
881 4509 1020 4592 regiam,
1053 4515 1229 4591 tamquam
1261 4509 1393 4573 scilieet
1425 4509 1546 4576 locum

242 4622 553 4706 interrogatorium,
577 4621 688 4704 gratia
716 4620 858 4682 sanioris
891 4625 926 4680 et
959 4618 1155 4681 maturioris
1189 4619 1379 4700 revisionis,
1411 4621 1547 4682 exami-
