3142 5214
1288 375 1356 439 589

59 579 223 660 conditio,
255 583 290 640 et
323 577 562 660 praerogativa
595 575 680 640 alias
712 574 839 658 debita,
872 595 1005 656 semper
1028 571 1086 642 ille
1117 574 1154 634 in
1178 574 1355 654 provincia

60 705 229 766 praesens
253 683 388 769 legibus
412 683 533 764 patriis
557 688 629 744 tam
652 682 765 766 quoad
789 681 891 746 Sacra
914 702 1018 765 quam
1041 677 1183 762 profana
1211 679 1356 744 solemni

54 791 256 874 juramento
279 789 485 871 obstrictus;
518 811 668 875 congrua
692 792 797 854 etiam
821 788 993 872 stipendia
1016 795 1051 850 et
1075 786 1186 850 111101
1209 789 1357 873 singulis

58 901 101 962 de
129 899 282 964 Consilio
306 900 429 962 intimo
452 919 492 962 00
515 897 649 963 Tabula
672 897 873 980 Judiciaria,
897 919 939 960 ex
962 895 1085 960 mediis
1108 897 1231 958 aerarii
1245 901 1357 960 nostri

58 1009 150 1090 regii
174 1013 209 1069 et
232 1003 415 1087 fiscalibus,
444 1004 591 1090 benigne
624 1005 854 1068 decernemus.
887 1003 1017 1080 Quodsi
1049 1001 1185 1064 utilitas
1218 1001 1356 1084 publica

59 1121 95 1177 ct
121 1114 337 1178 diversarum
361 1111 411 1176 ibi
435 1113 635 1197 degentium
666 1115 845 1176 nationum
876 1108 1109 1194 tranquillitas
1137 1107 1236 1172 illum
1258 1117 1358 1194 quot-

57 1223 162 1284 annis
185 1227 319 1284 mutare
344 1219 511 1301 evaderet,
539 1218 715 1283 liberrima
747 1217 909 1282 Statuum
939 1217 982 1280 ad
1015 1215 1122 1278 alium
1155 1236 1221 1300 quo
1254 1218 1358 1280 0111110

57 1327 259 1412 eligendum
283 1326 358 1390 fieri
381 1333 543 1412 poterunt
567 1326 740 1411 suffragia,
765 1346 825 1408 pro
860 1325 986 1390 Nostra
1020 1323 1177 1387 ulteriori
1209 1323 1354 1388 clemen-

59 1437 196 1499 tissima
218 1436 442 1501 Resolutione
466 1435 757 1499 transmittenda.⁷

172 1716 245 1766 'Aa
278 1716 346 1768 1691
378 1713 473 1784 elejen
505 1713 616 1769 Be'osbe
646 1715 766 1769 kuldott
804 1713 919 1786 erdelyi
955 1713 1084 1767 kbvetek
1121 1712 1357 1766 mindenekeldtt

59 1821 76 1855 a
108 1803 293 1873 gubernium
324 1803 574 1875 intezmenydnek
607 1803 759 1858 eltiirlcse't
789 1803 904 1872 11011011,
933 1821 1013 1874 vagy
1044 1801 1182 1873 legaltbb
1201 1806 1257 1870 azt,
1277 1801 1358 1872 hogy

60 1910 77 1945 a
95 1892 283 1963 gubernator
302 1891 453 1946 tartozzek
471 1893 638 1964 resignalni
657 1911 675 1947 a
693 1893 913 1964 guberniumot,
927 1893 966 1946 ha
985 1910 1019 1946 az
1038 1891 1096 1962 ifju
1114 1889 1226 1961 Apaffy
1246 1889 1319 1944 ele'ri
1339 1909 1357 1944 a

60 1982 210 2036 huszadik
224 1982 299 2036 e'vet.
313 1985 341 2036 A
353 1983 534 2053 gubernium
547 1983 756 2038 hattskbrdvel
776 1984 911 2054 sdggnek
930 1989 1011 2037 tissze
1030 1999 1063 2035 az
1085 1983 1153 2035 1692
1174 1980 1359 2050 szeptember

60 2072 132 2126 3-tn
153 2072 218 2125 11011
237 2071 351 2143 erdelyi
371 2071 605 2126 Memorialenak
623 2071 788 2126 kovetkezb
806 2072 939 2142 pontjai:
959 2071 1071 2141 Magna
1091 2087 1158 2123 cum
1189 2070 1358 2122 animorum

60 2161 262 2215 submissione
281 2167 497 2231 recognoscunt
515 2162 630 2232 inclyti
662 2162 765 2216 Status
792 2162 952 2232 specialem
979 2161 1019 2214 M.
1048 2161 1083 2213 V.
1112 2159 1138 2212 S.
1167 2159 1297 2229 gratiam
1326 2159 1358 2211 in

61 2256 176 2321 puncto
194 2236 603 2321 benignissimi'diplomatis
634 2253 681 2305 sui
714 2253 777 2305 1Οο
808 2267 996 2320 expressam
1028 2249 1259 2319 profundissimo
1291 2265 1359 2301 cum

60 2344 210 2409 respectu,
233 2345 381 2409 quatenus
403 2339 545 2408 Majestas
574 2340 609 2393 V.
638 2340 665 2392 S.
693 2340 791 2393 radios
822 2339 999 2392 clementiae
1029 2355 1101 2391 suae
1129 2338 1360 2407 benignissimos

61 2445 155 2499 super
185 2427 323 2482 methodo
354 2427 500 2480 Gubernii
528 2428 591 2497 jam
623 2429 743 2482 fundati
771 2427 886 2498 largius
915 2429 1051 2496 emicare,
1080 2443 1114 2480 00
1142 2426 1359 2480 authoritatem

62 2517 275 2586 Gubernatori,
294 2517 331 2570 ad
350 2519 451 2571 minus
470 2519 581 2589 viginti
612 2519 780 2574 colonorum
800 2520 851 2572 via
869 2518 1007 2588 legitima
1026 2517 1063 2571 ad
1082 2518 1189 2570 fiscum
1207 2517 1234 2568 S.
1254 2517 1293 2569 M.
1322 2517 1357 2570 V.

63 2607 199 2677 Regium
218 2606 476 2676 devolvendorum,
496 2625 530 2662 co
542 2613 644 2662 autem
656 2609 751 2678 gradu
764 2610 923 2676 minorum,
936 2613 971 2660 ut
983 2607 1162 2675 Armalium,
1176 2605 1360 2676 Primipilia-

63 2699 156 2764 rium,
176 2695 430 2763 Consensualium,
442 2697 640 2768 Tutoriorum,
654 2699 839 2770 aliorumque
852 2699 882 2752 id
895 2713 991 2769 genus
1004 2713 1163 2751 munerum
1177 2695 1360 2762 collationeS,

63 2803 121 2840 1100
135 2802 193 2838 non
204 2784 224 2838 J
227 2785 321 2838 udicis
332 2785 422 2856 Regii
433 2786 615 2844 Gibiniensis
628 2797 658 2842 et
671 2789 952 2859 Superintendentis
965 2788 1123 2840 Pastorum
1137 2785 1359 2839 Saxonicalium

64 2881 94 2929 et
114 2875 262 2928 similium
282 2876 521 2930 confirmationes
540 2878 720 2947 conferendi,
740 2879 955 2948 benignissime
974 2877 1130 2946 largiatur.
1144 2911 1181 2918 -
1203 2874 1360 2928 Tovabbt:

64 2965 182 3035 inclyti
201 2963 323 3017 Status.
338 3004 343 3016 .
358 3001 364 3020 .
383 2964 553 3019 humillime
571 2967 751 3037 supplicant,
769 2971 804 3019 ut
818 2967 1022 3036 expeditiones
1036 2963 1239 3017 Cancellariae
1253 2963 1361 3016 Trans-

65 3054 242 3125 sylvanicae
260 3071 319 3106 non
339 3071 356 3106 a
385 3053 570 3110 Cancellaria
598 3057 774 3127 Hungarica
802 3056 996 3126 dependeant,
1016 3054 1145 3120 necilli,
1165 3053 1297 3106 rationes
1324 3052 1361 3105 ob

65 3143 316 3214 indispensabiles
336 3143 438 3198 Status
459 3145 713 3217 lbanssylvanici,
742 3148 806 3200 sive
835 3163 886 3216 per
914 3144 1189 3198 subordinationem
1217 3142 1282 3195 sive
1310 3157 1362 3211 per

66 3234 321 3288 coordinationem
340 3235 404 3287 sive
424 3233 483 3286 alio
502 3235 602 3306 aliquo
619 3235 705 3289 modo
724 3236 957 3304 immisceamur,
977 3233 1028 3287 sed
1047 3231 1219 3286 immediate
1238 3249 1256 3284 a
1275 3231 1363 3284 Sacro

66 3328 173 3376 sancto
191 3339 240 3376 ors
259 3323 300 3376 M.
320 3323 383 3377 Vae
402 3324 498 3393 Regio
517 3323 756 3378 Clementissime
778 3325 969 3377 moderentur
983 3362 989 3375 .
1004 3362 1030 3374 ..
1051 3319 1160 3390 vc'giil:
1188 3317 1362 3372 Profundis-

66 3413 144 3465 simo
163 3428 231 3466 cum
250 3417 387 3482 respectu
407 3413 1004 3482 0110101οη1ὶο100100001101111101911
1029 3410 1132 3463 Status
1160 3408 1199 3462 M.
1226 3409 1261 3462 V.
1284 3407 1362 3462 Saor.

67 3508 102 3555 ut
123 3503 238 3554 ratione
251 3503 417 3572 sanguinis,
431 3503 618 3555 matrimonii
631 3501 857 3572 indissolubilis,
873 3517 1026 3572 processus
1043 3499 1175 3570 juridici,
1189 3516 1223 3552 ac
1236 3498 1362 3551 admini-

66 3592 225 3646 strationis
258 3593 359 3662 legum
390 3609 447 3646 usu
478 3597 508 3644 01
539 3593 691 3662 aequitate
721 3591 934 3659 roboratorum,
965 3589 1190 3644 consvetudinis
1220 3603 1275 3640 nec
1303 3605 1362 3640 non

67 3681 300 3734 necessitudinis
320 3682 448 3750 vinculo,
469 3682 540 3735 adeo
559 3681 712 3751 conjuncti
731 3683 794 3736 sint
813 3688 842 3734 et
868 3682 947 3734 uniti
968 3681 1089 3734 Domini
1117 3678 1249 3749 partium
1277 3677 1363 3746 regni

68 3770 245 3840 Hungariae
278 3771 530 3842 Transsylvaniae
562 3787 745 3825 annexarum
777 3771 944 3840 indigenae,
975 3771 1102 3823 miserae
1131 3767 1220 3836 hujus
1249 3767 1365 3836 patriae

68 3861 184 3930 incolis,
203 3867 239 3914 ut
258 3863 289 3914 in
309 3879 402 3915 unum
424 3877 529 3931 corpus
549 3862 633 3932 quasi
653 3861 795 3914 coalitum
813 3862 921 3916 merito
935 3864 1135 3929 reputentur,
1154 3859 1256 3927 itaque
1275 3855 1365 3924 juxta

70 3949 319 4019 benignissimum
338 3951 379 4004 M.
398 3951 433 4004 V.
453 3950 479 4003 S.
500 3951 644 4020 placitum
663 3950 729 4003 2-do
747 3951 958 4019 gratiosissimi
977 3950 1025 4002 sui
1056 3948 1226 4018 diplomatis
1255 3951 1365 4017 puncto

69 4041 267 4109 assignatum,
313 4040 455 4109 dignetur
498 4041 614 4093 eosdem
663 4039 759 4109 quoad
804 4039 1024 4108 jurisdictionis
1073 4036 1365 4090 administrationem

70 4129 232 4197 Gubernio,
246 4129 341 4199 quoad
355 4131 524 4199 portionum
538 4129 755 4182 moderationes
769 4144 839 4182 vero
851 4127 1045 4182 moderandas
1058 4127 1200 4195 Supremo
1213 4123 1364 4178 Commen-

69 4217 155 4272 danti
176 4218 428 4288 Transsylvanicn
446 4218 645 4288 subjiciendos
665 4217 897 4271 clementissime
910 4232 1049 4269 annuere.
1064 4249 1100 4258 -
1113 4216 1156 4266 Az
1167 4214 1365 4266 Alvincziana

71 4305 227 4360 Resolutio
246 4322 262 4358 e
280 4305 458 4360 kerdesckre
477 4307 530 4376 igy
549 4305 697 4359 vilaszol:
717 4305 878 4374 Negotium
898 4305 1010 4375 petitae
1029 4320 1047 4356 a
1066 4303 1202 4355 Dominis
1231 4301 1366 4356 Statibus

70 4395 225 4465 amplioris
262 4410 314 4466 pro
346 4395 472 4450 Domino
503 4394 708 4448 Gubernatore
739 4393 903 4462 facultatis,
935 4394 1079 4445 nimirum
1106 4393 1142 4444 20
1170 4390 1286 4444 colonos
1315 4391 1366 4442 via

70 4485 209 4556 legitima
227 4486 265 4540 ad
293 4485 398 4540 fiscum
425 4485 543 4555 regium
571 4483 778 4552 devolvendos,
809 4483 936 4536 armales
965 4489 1127 4552 praeterea,
1156 4479 1366 4550 primipilareS,

71 4575 287 4644 consensualeS,
307 4575 444 4642 1111011110,
463 4574 581 4644 aliaque
600 4589 725 4626 munera
744 4571 925 4638 conferendi,
944 4571 988 4623 ita
1016 4575 1221 4638 comparatum
1248 4573 1302 4636 001,
1331 4574 1366 4620 111

71 4680 145 4718 suae
163 4663 328 4742 Majestati,
348 4663 468 4718 turbido
487 4663 542 4716 hoc
561 4679 662 4716 rerum
689 4663 785 4730 Statu,
814 4661 1024 4714 resolutionem
1053 4675 1139 4712 suam
1166 4657 1366 4729 suspendendi
