<?xml version="1.0" encoding="UTF-8"?>
<!DOCTYPE html PUBLIC "-//W3C//DTD XHTML 1.0 Transitional//EN"
    "http://www.w3.org/TR/xhtml1/DTD/xhtml1-transitional.dtd">
<html xmlns="http://www.w3.org/1999/xhtml" xml:lang="en" lang="en">
 <head>
  <title>
</title>
<meta http-equiv="Content-Type" content="text/html;charset=utf-8" />
  <meta name='ocr-system' content='tesseract 3.04.00' />
  <meta name='ocr-capabilities' content='ocr_page ocr_carea ocr_par ocr_line ocrx_word'/>
</head>
<body>
  <div class='ocr_page' id='page_1' title='image "./enchiridionfont00marcgoog_0393.png"; bbox 0 0 3160 5212; ppageno 0'>
   <div class='ocr_carea' id='block_1_1' title="bbox 1289 367 1354 430">
    <p class='ocr_par' dir='ltr' id='par_1_1' title="bbox 1289 367 1354 430">
     <span class='ocr_line' id='line_1_1' title="bbox 1289 367 1354 430; baseline 0 0"><span class='ocrx_word' id='word_1_1' title='bbox 1289 367 1354 430; x_wconf 76' lang='grc'><strong>371</strong></span> 
     </span>
    </p>
   </div>
   <div class='ocr_carea' id='block_1_2' title="bbox 5 559 1354 3546">
    <p class='ocr_par' dir='ltr' id='par_1_2' title="bbox 53 559 1354 862">
     <span class='ocr_line' id='line_1_2' title="bbox 54 559 1353 649; baseline 0.003 -25"><span class='ocrx_word' id='word_1_2' title='bbox 54 561 275 643; x_wconf 86' lang='lat' dir='ltr'><strong>nationisque</strong></span> <span class='ocrx_word' id='word_1_3' title='bbox 300 565 334 622; x_wconf 92' lang='lat' dir='ltr'><strong>et</strong></span> <span class='ocrx_word' id='word_1_4' title='bbox 358 559 586 642; x_wconf 76' lang='lat' dir='ltr'><strong>discussionis,</strong></span> <span class='ocrx_word' id='word_1_5' title='bbox 613 563 804 624; x_wconf 72' lang='lat' dir='ltr'><strong>transmitti</strong></span> <span class='ocrx_word' id='word_1_6' title='bbox 824 569 1083 626; x_wconf 88' lang='lat' dir='ltr'><strong>consueverunt.</strong></span> <span class='ocrx_word' id='word_1_7' title='bbox 1103 563 1174 628; x_wconf 91' lang='lat' dir='ltr'><strong>Ubi</strong></span> <span class='ocrx_word' id='word_1_8' title='bbox 1189 565 1353 649; x_wconf 89' lang='lat' dir='ltr'><strong>quicquid</strong></span> 
     </span>
     <span class='ocr_line' id='line_1_3' title="bbox 54 667 1354 756; baseline 0.004 -25"><span class='ocrx_word' id='word_1_9' title='bbox 54 667 287 733; x_wconf 89' lang='lat' dir='ltr'><strong>deliberatum</strong></span> <span class='ocrx_word' id='word_1_10' title='bbox 311 676 344 732; x_wconf 88' lang='lat' dir='ltr'><strong>ct</strong></span> <span class='ocrx_word' id='word_1_11' title='bbox 376 669 574 733; x_wconf 90' lang='lat' dir='ltr'><strong>conclusum</strong></span> <span class='ocrx_word' id='word_1_12' title='bbox 605 668 721 752; x_wconf 88' lang='lat' dir='ltr'><strong>fuerit,</strong></span> <span class='ocrx_word' id='word_1_13' title='bbox 754 677 867 734; x_wconf 90' lang='lat' dir='ltr'><strong>ratum</strong></span> <span class='ocrx_word' id='word_1_14' title='bbox 901 693 1034 754; x_wconf 85' lang='lat' dir='ltr'>semper</span> <span class='ocrx_word' id='word_1_15' title='bbox 1065 674 1132 736; x_wconf 91' lang='lat' dir='ltr'><strong>erit</strong></span> <span class='ocrx_word' id='word_1_16' title='bbox 1164 679 1267 756; x_wconf 89' lang='lat' dir='ltr'><strong>atque</strong></span> <span class='ocrx_word' id='word_1_17' title='bbox 1298 671 1354 736; x_wconf 92' lang='lat' dir='ltr'><strong>fir-</strong></span> 
     </span>
     <span class='ocr_line' id='line_1_4' title="bbox 53 775 1176 862; baseline 0.003 -23"><span class='ocrx_word' id='word_1_18' title='bbox 53 797 161 856; x_wconf 78' lang='lat' dir='ltr'><strong>mum,</strong></span> <span class='ocrx_word' id='word_1_19' title='bbox 186 775 309 840; x_wconf 90' lang='lat' dir='ltr'><strong>Banali</strong></span> <span class='ocrx_word' id='word_1_20' title='bbox 332 777 388 840; x_wconf 87' lang='lat' dir='ltr'><strong>vel</strong></span> <span class='ocrx_word' id='word_1_21' title='bbox 413 777 622 862; x_wconf 87' lang='lat' dir='ltr'><strong>Wayvodali</strong></span> <span class='ocrx_word' id='word_1_22' title='bbox 646 776 892 842; x_wconf 76' lang='lat' dir='ltr'><strong>deliberatione</strong></span> <span class='ocrx_word' id='word_1_23' title='bbox 917 778 1176 844; x_wconf 90' lang='lat' dir='ltr'><strong>nonobstante.</strong></span> 
     </span>
    </p>

    <p class='ocr_par' dir='ltr' id='par_1_3' title="bbox 50 882 1354 1509">
     <span class='ocr_line' id='line_1_5' title="bbox 167 882 1353 952; baseline 0.004 -5"><span class='ocrx_word' id='word_1_24' title='bbox 167 882 224 947; x_wconf 83' lang='lat' dir='ltr'><strong>Sic</strong></span> <span class='ocrx_word' id='word_1_25' title='bbox 257 886 363 948; x_wconf 88' lang='lat' dir='ltr'><strong>etiarn</strong></span> <span class='ocrx_word' id='word_1_26' title='bbox 395 887 432 948; x_wconf 90' lang='lat' dir='ltr'><strong>in</strong></span> <span class='ocrx_word' id='word_1_27' title='bbox 464 885 610 950; x_wconf 90' lang='lat' dir='ltr'><strong>diversis</strong></span> <span class='ocrx_word' id='word_1_28' title='bbox 649 884 871 950; x_wconf 89' lang='lat' dir='ltr'><strong>comitatibus</strong></span> <span class='ocrx_word' id='word_1_29' title='bbox 904 887 1057 950; x_wconf 89' lang='lat' dir='ltr'><strong>diversas</strong></span> <span class='ocrx_word' id='word_1_30' title='bbox 1090 890 1353 952; x_wconf 82' lang='lat' dir='ltr'><strong>constitutiones</strong></span> 
     </span>
     <span class='ocr_line' id='line_1_6' title="bbox 53 994 1352 1080; baseline 0.007 -28"><span class='ocrx_word' id='word_1_31' title='bbox 53 1011 160 1074; x_wconf 87' lang='lat' dir='ltr'><strong>super</strong></span> <span class='ocrx_word' id='word_1_32' title='bbox 182 1012 351 1076; x_wconf 83' lang='lat' dir='ltr'><strong>agrorum,</strong></span> <span class='ocrx_word' id='word_1_33' title='bbox 390 999 575 1076; x_wconf 67' lang='lat' dir='ltr'><strong>pratorum,</strong></span> <span class='ocrx_word' id='word_1_34' title='bbox 618 994 784 1058; x_wconf 89' lang='lat' dir='ltr'><strong>silvarum</strong></span> <span class='ocrx_word' id='word_1_35' title='bbox 817 1005 852 1058; x_wconf 89' lang='lat' dir='ltr'><strong>et</strong></span> <span class='ocrx_word' id='word_1_36' title='bbox 884 994 1069 1060; x_wconf 87' lang='lat' dir='ltr'><strong>fluviorum</strong></span> <span class='ocrx_word' id='word_1_37' title='bbox 1101 998 1265 1080; x_wconf 87' lang='lat' dir='ltr'><strong>custodia,</strong></span> <span class='ocrx_word' id='word_1_38' title='bbox 1297 999 1352 1062; x_wconf 89' lang='lat' dir='ltr'><strong>vel</strong></span> 
     </span>
     <span class='ocr_line' id='line_1_7' title="bbox 52 1098 1352 1188; baseline 0.007 -28"><span class='ocrx_word' id='word_1_39' title='bbox 52 1098 329 1164; x_wconf 87' lang='lat' dir='ltr'><strong>molendinorum</strong></span> <span class='ocrx_word' id='word_1_40' title='bbox 354 1107 448 1164; x_wconf 88' lang='lat' dir='ltr'><strong>statu</strong></span> <span class='ocrx_word' id='word_1_41' title='bbox 471 1110 575 1186; x_wconf 90' lang='lat' dir='ltr'><strong>atque</strong></span> <span class='ocrx_word' id='word_1_42' title='bbox 599 1101 823 1186; x_wconf 84' lang='lat' dir='ltr'><strong>proventibus</strong></span> <span class='ocrx_word' id='word_1_43' title='bbox 847 1108 882 1166; x_wconf 90' lang='lat' dir='ltr'><strong>et</strong></span> <span class='ocrx_word' id='word_1_44' title='bbox 897 1102 974 1166; x_wconf 85' lang='lat' dir='ltr'><strong>aliis</strong></span> <span class='ocrx_word' id='word_1_45' title='bbox 997 1106 1109 1167; x_wconf 89' lang='lat' dir='ltr'><strong>eiusce</strong></span> <span class='ocrx_word' id='word_1_46' title='bbox 1132 1103 1226 1168; x_wconf 91' lang='lat' dir='ltr'><strong>modi</strong></span> <span class='ocrx_word' id='word_1_47' title='bbox 1242 1103 1352 1188; x_wconf 86' lang='lat' dir='ltr'><strong>rebus,</strong></span> 
     </span>
     <span class='ocr_line' id='line_1_8' title="bbox 52 1206 1354 1291; baseline 0.005 -23"><span class='ocrx_word' id='word_1_48' title='bbox 52 1208 126 1269; x_wconf 89' lang='lat' dir='ltr'><strong>imo</strong></span> <span class='ocrx_word' id='word_1_49' title='bbox 149 1215 185 1269; x_wconf 90' lang='lat' dir='ltr'><strong>et</strong></span> <span class='ocrx_word' id='word_1_50' title='bbox 209 1210 433 1272; x_wconf 89' lang='lat' dir='ltr'><strong>terminorum</strong></span> <span class='ocrx_word' id='word_1_51' title='bbox 456 1230 495 1272; x_wconf 89' lang='lat' dir='ltr'><strong>ac</strong></span> <span class='ocrx_word' id='word_1_52' title='bbox 520 1229 738 1291; x_wconf 84' lang='lat' dir='ltr'><strong>processuum</strong></span> <span class='ocrx_word' id='word_1_53' title='bbox 765 1206 1063 1273; x_wconf 85' lang='lat' dir='ltr'><strong>observationibus</strong></span> <span class='ocrx_word' id='word_1_54' title='bbox 1089 1249 1128 1256; x_wconf 88' lang='lat'><em>-</em></span> <span class='ocrx_word' id='word_1_55' title='bbox 1154 1232 1235 1274; x_wconf 89' lang='lat' dir='ltr'><strong>sana</strong></span> <span class='ocrx_word' id='word_1_56' title='bbox 1261 1213 1354 1275; x_wconf 88' lang='lat' dir='ltr'><strong>inter</strong></span> 
     </span>
     <span class='ocr_line' id='line_1_9' title="bbox 53 1314 1352 1400; baseline 0.005 -24"><span class='ocrx_word' id='word_1_57' title='bbox 53 1337 128 1378; x_wconf 86' lang='lat' dir='ltr'><strong>sese</strong></span> <span class='ocrx_word' id='word_1_58' title='bbox 153 1314 399 1380; x_wconf 82' lang='lat' dir='ltr'><strong>deliberatione</strong></span> <span class='ocrx_word' id='word_1_59' title='bbox 425 1316 626 1400; x_wconf 90' lang='lat' dir='ltr'><strong>praehabita</strong></span> <span class='ocrx_word' id='word_1_60' title='bbox 650 1315 762 1380; x_wconf 87' lang='lat' dir='ltr'><strong>facere</strong></span> <span class='ocrx_word' id='word_1_61' title='bbox 782 1316 922 1400; x_wconf 88' lang='lat' dir='ltr'><strong>quidem</strong></span> <span class='ocrx_word' id='word_1_62' title='bbox 951 1322 986 1380; x_wconf 89' lang='lat' dir='ltr'><strong>et</strong></span> <span class='ocrx_word' id='word_1_63' title='bbox 1011 1314 1167 1381; x_wconf 88' lang='lat' dir='ltr'><strong>stabilire</strong></span> <span class='ocrx_word' id='word_1_64' title='bbox 1193 1327 1352 1400; x_wconf 84' lang='lat' dir='ltr'><strong>possunt:</strong></span> 
     </span>
     <span class='ocr_line' id='line_1_10' title="bbox 50 1419 1353 1509; baseline 0.005 -25"><span class='ocrx_word' id='word_1_65' title='bbox 50 1419 217 1485; x_wconf 85' lang='lat' dir='ltr'><strong>Generali</strong></span> <span class='ocrx_word' id='word_1_66' title='bbox 241 1430 357 1488; x_wconf 88' lang='lat' dir='ltr'><strong>tamen</strong></span> <span class='ocrx_word' id='word_1_67' title='bbox 380 1423 517 1487; x_wconf 89' lang='lat' dir='ltr'><strong>decreto</strong></span> <span class='ocrx_word' id='word_1_68' title='bbox 550 1425 658 1487; x_wconf 90' lang='lat' dir='ltr'><strong>totius</strong></span> <span class='ocrx_word' id='word_1_69' title='bbox 687 1425 794 1508; x_wconf 78' lang='lat' dir='ltr'><strong>regni,</strong></span> <span class='ocrx_word' id='word_1_70' title='bbox 819 1429 923 1508; x_wconf 89' lang='lat' dir='ltr'><strong>atque</strong></span> <span class='ocrx_word' id='word_1_71' title='bbox 947 1429 1105 1487; x_wconf 85' lang='lat' dir='ltr'><strong>vetustae</strong></span> <span class='ocrx_word' id='word_1_72' title='bbox 1129 1435 1163 1488; x_wconf 89' lang='lat' dir='ltr'><strong>et</strong></span> <span class='ocrx_word' id='word_1_73' title='bbox 1187 1426 1353 1509; x_wconf 90' lang='lat' dir='ltr'><strong>approba-</strong></span> 
     </span>
    </p>

    <p class='ocr_par' dir='ltr' id='par_1_4' title="bbox 5 1529 1352 1622">
     <span class='ocr_line' id='line_1_11' title="bbox 5 1529 1352 1622; baseline 0.005 -31"><span class='ocrx_word' id='word_1_74' title='bbox 5 1569 6 1622; x_wconf 32' lang='lat'><em>}</em></span> <span class='ocrx_word' id='word_1_75' title='bbox 52 1545 111 1592; x_wconf 86' lang='lat' dir='ltr'><strong>tae</strong></span> <span class='ocrx_word' id='word_1_76' title='bbox 137 1531 377 1595; x_wconf 88' lang='lat' dir='ltr'><strong>consuetudini</strong></span> <span class='ocrx_word' id='word_1_77' title='bbox 403 1533 516 1595; x_wconf 91' lang='lat' dir='ltr'><strong>curiae</strong></span> <span class='ocrx_word' id='word_1_78' title='bbox 541 1533 655 1615; x_wconf 84' lang='lat' dir='ltr'><strong>regiae</strong></span> <span class='ocrx_word' id='word_1_79' title='bbox 684 1533 721 1594; x_wconf 92' lang='lat' dir='ltr'><strong>in</strong></span> <span class='ocrx_word' id='word_1_80' title='bbox 753 1529 890 1594; x_wconf 91' lang='lat' dir='ltr'><strong>iudiciis</strong></span> <span class='ocrx_word' id='word_1_81' title='bbox 914 1529 1089 1595; x_wconf 86' lang='lat' dir='ltr'><strong>observari</strong></span> <span class='ocrx_word' id='word_1_82' title='bbox 1113 1531 1234 1597; x_wconf 88' lang='lat' dir='ltr'><strong>solitae</strong></span> <span class='ocrx_word' id='word_1_83' title='bbox 1260 1556 1352 1616; x_wconf 89' lang='lat' dir='ltr'><strong>prae-</strong></span> 
     </span>
    </p>

    <p class='ocr_par' dir='ltr' id='par_1_5' title="bbox 5 1623 826 1722">
     <span class='ocr_line' id='line_1_12' title="bbox 5 1623 826 1722; baseline -0.001 -22"><span class='ocrx_word' id='word_1_84' title='bbox 5 1623 7 1708; x_wconf 69' lang='grc' dir='ltr'>Ϊ</span> <span class='ocrx_word' id='word_1_85' title='bbox 52 1636 207 1700; x_wconf 88' lang='lat' dir='ltr'><strong>iudicare</strong></span> <span class='ocrx_word' id='word_1_86' title='bbox 232 1659 270 1700; x_wconf 90' lang='lat' dir='ltr'><strong>ac</strong></span> <span class='ocrx_word' id='word_1_87' title='bbox 295 1637 459 1721; x_wconf 86' lang='lat' dir='ltr'><strong>derogare</strong></span> <span class='ocrx_word' id='word_1_88' title='bbox 483 1658 652 1722; x_wconf 89' lang='lat' dir='ltr'><strong>nusquam</strong></span> <span class='ocrx_word' id='word_1_89' title='bbox 676 1642 826 1720; x_wconf 84' lang='lat' dir='ltr'><strong>possunt.</strong></span> 
     </span>
    </p>

    <p class='ocr_par' dir='ltr' id='par_1_6' title="bbox 5 1743 1352 1830">
     <span class='ocr_line' id='line_1_13' title="bbox 5 1743 1352 1830; baseline 0.004 -22"><span class='ocrx_word' id='word_1_90' title='bbox 5 1825 6 1830; x_wconf 8' lang='grc' dir='ltr'>ἵ</span> <span class='ocrx_word' id='word_1_91' title='bbox 163 1743 211 1808; x_wconf 82' lang='lat' dir='ltr'><strong>Et</strong></span> <span class='ocrx_word' id='word_1_92' title='bbox 234 1744 431 1809; x_wconf 91' lang='lat' dir='ltr'><strong>huiusmodi</strong></span> <span class='ocrx_word' id='word_1_93' title='bbox 463 1766 581 1810; x_wconf 89' lang='lat' dir='ltr'><strong>eorum</strong></span> <span class='ocrx_word' id='word_1_94' title='bbox 608 1752 749 1827; x_wconf 88' lang='lat' dir='ltr'><strong>statuta,</strong></span> <span class='ocrx_word' id='word_1_95' title='bbox 782 1743 993 1808; x_wconf 90' lang='lat' dir='ltr'><strong>solummodo</strong></span> <span class='ocrx_word' id='word_1_96' title='bbox 1027 1747 1118 1809; x_wconf 90' lang='lat' dir='ltr'><strong>inter</strong></span> <span class='ocrx_word' id='word_1_97' title='bbox 1150 1767 1214 1828; x_wconf 77' lang='lat' dir='ltr'><strong>eoa,</strong></span> <span class='ocrx_word' id='word_1_98' title='bbox 1248 1756 1282 1811; x_wconf 87' lang='lat' dir='ltr'><strong>et</strong></span> <span class='ocrx_word' id='word_1_99' title='bbox 1316 1751 1352 1812; x_wconf 93' lang='lat' dir='ltr'><strong>in</strong></span> 
     </span>
    </p>

    <p class='ocr_par' dir='ltr' id='par_1_7' title="bbox 5 1849 1351 1938">
     <span class='ocr_line' id='line_1_14' title="bbox 5 1849 1351 1938; baseline 0.004 -24"><span class='ocrx_word' id='word_1_100' title='bbox 5 1891 6 1898; x_wconf 78' lang='lat'><strong>.</strong></span> <span class='ocrx_word' id='word_1_101' title='bbox 51 1873 173 1915; x_wconf 84' lang='lat' dir='ltr'><strong>eorum</strong></span> <span class='ocrx_word' id='word_1_102' title='bbox 195 1852 308 1916; x_wconf 90' lang='lat' dir='ltr'><strong>medio</strong></span> <span class='ocrx_word' id='word_1_103' title='bbox 332 1851 458 1934; x_wconf 84' lang='lat' dir='ltr'><strong>valent,</strong></span> <span class='ocrx_word' id='word_1_104' title='bbox 481 1860 585 1938; x_wconf 87' lang='lat' dir='ltr'><strong>atque</strong></span> <span class='ocrx_word' id='word_1_105' title='bbox 608 1858 737 1916; x_wconf 88' lang='lat' dir='ltr'><strong>tenent.</strong></span> <span class='ocrx_word' id='word_1_106' title='bbox 770 1849 827 1915; x_wconf 86' lang='lat' dir='ltr'><strong>Ad</strong></span> <span class='ocrx_word' id='word_1_107' title='bbox 850 1859 985 1914; x_wconf 87' lang='lat' dir='ltr'><strong>exteros</strong></span> <span class='ocrx_word' id='word_1_108' title='bbox 1009 1859 1124 1915; x_wconf 91' lang='lat' dir='ltr'><strong>tamen</strong></span> <span class='ocrx_word' id='word_1_109' title='bbox 1147 1862 1183 1915; x_wconf 89' lang='lat' dir='ltr'><strong>et</strong></span> <span class='ocrx_word' id='word_1_110' title='bbox 1206 1852 1351 1919; x_wconf 90' lang='lat' dir='ltr'><strong>aliorum</strong></span> 
     </span>
    </p>

    <p class='ocr_par' dir='ltr' id='par_1_8' title="bbox 5 1957 1350 2148">
     <span class='ocr_line' id='line_1_15' title="bbox 5 1957 1350 2044; baseline 0.004 -25"><span class='ocrx_word' id='word_1_111' title='bbox 5 1969 6 2018; x_wconf 79' lang='lat'>3</span> <span class='ocrx_word' id='word_1_112' title='bbox 51 1957 292 2023; x_wconf 79' lang='lat' dir='ltr'><strong>Comitatuum</strong></span> <span class='ocrx_word' id='word_1_113' title='bbox 316 1958 456 2040; x_wconf 80' lang='lat' dir='ltr'><strong>nobiles,</strong></span> <span class='ocrx_word' id='word_1_114' title='bbox 489 1963 549 2044; x_wconf 90' lang='lat' dir='ltr'><strong>qui</strong></span> <span class='ocrx_word' id='word_1_115' title='bbox 573 1958 661 2023; x_wconf 91' lang='lat' dir='ltr'><strong>bona</strong></span> <span class='ocrx_word' id='word_1_116' title='bbox 684 1966 719 2023; x_wconf 88' lang='lat' dir='ltr'><strong>et</strong></span> <span class='ocrx_word' id='word_1_117' title='bbox 743 1961 818 2022; x_wconf 89' lang='lat' dir='ltr'><strong>iura</strong></span> <span class='ocrx_word' id='word_1_118' title='bbox 839 1960 1099 2041; x_wconf 87' lang='lat' dir='ltr'><strong>possessionaria</strong></span> <span class='ocrx_word' id='word_1_119' title='bbox 1131 1961 1168 2022; x_wconf 89' lang='lat' dir='ltr'><strong>in</strong></span> <span class='ocrx_word' id='word_1_120' title='bbox 1198 1961 1350 2044; x_wconf 89' lang='lat' dir='ltr'><strong>ipsorum</strong></span> 
     </span>
     <span class='ocr_line' id='line_1_16' title="bbox 52 2064 796 2148; baseline -0.001 -19"><span class='ocrx_word' id='word_1_121' title='bbox 52 2065 167 2129; x_wconf 89' lang='lat' dir='ltr'><strong>medio</strong></span> <span class='ocrx_word' id='word_1_122' title='bbox 192 2086 261 2129; x_wconf 91' lang='lat' dir='ltr'><strong>non</strong></span> <span class='ocrx_word' id='word_1_123' title='bbox 284 2064 421 2148; x_wconf 76' lang='lat' dir='ltr'><strong>habent,</strong></span> <span class='ocrx_word' id='word_1_124' title='bbox 446 2089 480 2132; x_wconf 90' lang='lat' dir='ltr'><strong>se</strong></span> <span class='ocrx_word' id='word_1_125' title='bbox 504 2087 573 2130; x_wconf 91' lang='lat' dir='ltr'><strong>non</strong></span> <span class='ocrx_word' id='word_1_126' title='bbox 596 2066 796 2130; x_wconf 85' lang='lat' dir='ltr'><strong>extendunt.</strong></span> 
     </span>
    </p>

    <p class='ocr_par' dir='ltr' id='par_1_9' title="bbox 52 2172 1350 2902">
     <span class='ocr_line' id='line_1_17' title="bbox 162 2172 1350 2259; baseline 0.003 -22"><span class='ocrx_word' id='word_1_127' title='bbox 162 2173 210 2237; x_wconf 90' lang='lat' dir='ltr'><strong>Et</strong></span> <span class='ocrx_word' id='word_1_128' title='bbox 234 2174 297 2238; x_wconf 93' lang='lat' dir='ltr'><strong>hoc</strong></span> <span class='ocrx_word' id='word_1_129' title='bbox 321 2174 421 2239; x_wconf 91' lang='lat' dir='ltr'><strong>modo</strong></span> <span class='ocrx_word' id='word_1_130' title='bbox 445 2177 606 2238; x_wconf 88' lang='lat' dir='ltr'><strong>civitates</strong></span> <span class='ocrx_word' id='word_1_131' title='bbox 638 2195 772 2259; x_wconf 89' lang='lat' dir='ltr'><strong>quoque</strong></span> <span class='ocrx_word' id='word_1_132' title='bbox 806 2172 942 2256; x_wconf 86' lang='lat' dir='ltr'><strong>liberae,</strong></span> <span class='ocrx_word' id='word_1_133' title='bbox 967 2192 1122 2236; x_wconf 88' lang='lat' dir='ltr'><strong>necnon</strong></span> <span class='ocrx_word' id='word_1_134' title='bbox 1145 2181 1350 2240; x_wconf 83' lang='lat' dir='ltr'><strong>mercatores</strong></span> 
     </span>
     <span class='ocr_line' id='line_1_18' title="bbox 52 2278 1350 2364; baseline 0.003 -22"><span class='ocrx_word' id='word_1_135' title='bbox 52 2302 90 2342; x_wconf 87' lang='lat' dir='ltr'><strong>ac</strong></span> <span class='ocrx_word' id='word_1_136' title='bbox 115 2282 301 2360; x_wconf 79' lang='lat' dir='ltr'><strong>institores,</strong></span> <span class='ocrx_word' id='word_1_137' title='bbox 328 2289 484 2363; x_wconf 84' lang='lat' dir='ltr'><strong>sartores,</strong></span> <span class='ocrx_word' id='word_1_138' title='bbox 508 2279 680 2364; x_wconf 81' lang='lat' dir='ltr'><strong>pellifices,</strong></span> <span class='ocrx_word' id='word_1_139' title='bbox 714 2285 855 2361; x_wconf 86' lang='lat' dir='ltr'><strong>sutores,</strong></span> <span class='ocrx_word' id='word_1_140' title='bbox 886 2278 1048 2343; x_wconf 88' lang='lat' dir='ltr'><strong>cerdones</strong></span> <span class='ocrx_word' id='word_1_141' title='bbox 1071 2288 1106 2343; x_wconf 92' lang='lat' dir='ltr'><strong>et</strong></span> <span class='ocrx_word' id='word_1_142' title='bbox 1129 2280 1190 2343; x_wconf 88' lang='lat' dir='ltr'><strong>alii</strong></span> <span class='ocrx_word' id='word_1_143' title='bbox 1213 2280 1350 2364; x_wconf 86' lang='lat' dir='ltr'><strong>opifices</strong></span> 
     </span>
     <span class='ocr_line' id='line_1_19' title="bbox 52 2386 1350 2472; baseline 0.001 -22"><span class='ocrx_word' id='word_1_144' title='bbox 52 2389 232 2451; x_wconf 81' lang='lat' dir='ltr'><strong>incorum</strong></span> <span class='ocrx_word' id='word_1_145' title='bbox 256 2387 400 2472; x_wconf 86' lang='lat' dir='ltr'><strong>collegio</strong></span> <span class='ocrx_word' id='word_1_146' title='bbox 424 2395 459 2452; x_wconf 91' lang='lat' dir='ltr'><strong>et</strong></span> <span class='ocrx_word' id='word_1_147' title='bbox 483 2390 576 2452; x_wconf 91' lang='lat' dir='ltr'><strong>inter</strong></span> <span class='ocrx_word' id='word_1_148' title='bbox 598 2409 670 2452; x_wconf 87' lang='lat' dir='ltr'><strong>sese</strong></span> <span class='ocrx_word' id='word_1_149' title='bbox 694 2393 825 2451; x_wconf 88' lang='lat' dir='ltr'><strong>statuta</strong></span> <span class='ocrx_word' id='word_1_150' title='bbox 849 2386 994 2451; x_wconf 86' lang='lat' dir='ltr'><strong>condere</strong></span> <span class='ocrx_word' id='word_1_151' title='bbox 1011 2395 1161 2468; x_wconf 84' lang='lat' dir='ltr'><strong>possunt,</strong></span> <span class='ocrx_word' id='word_1_152' title='bbox 1185 2407 1350 2451; x_wconf 88' lang='lat' dir='ltr'><strong>consensu</strong></span> 
     </span>
     <span class='ocr_line' id='line_1_20' title="bbox 54 2493 1349 2577; baseline 0.002 -19"><span class='ocrx_word' id='word_1_153' title='bbox 54 2497 218 2577; x_wconf 85' lang='lat' dir='ltr'><strong>principis</strong></span> <span class='ocrx_word' id='word_1_154' title='bbox 243 2494 442 2558; x_wconf 88' lang='lat' dir='ltr'><strong>accedente:</strong></span> <span class='ocrx_word' id='word_1_155' title='bbox 467 2493 661 2558; x_wconf 88' lang='lat' dir='ltr'><strong>Dummodo</strong></span> <span class='ocrx_word' id='word_1_156' title='bbox 684 2494 882 2559; x_wconf 90' lang='lat' dir='ltr'><strong>huiusmodi</strong></span> <span class='ocrx_word' id='word_1_157' title='bbox 898 2500 1029 2559; x_wconf 88' lang='lat' dir='ltr'><strong>statuta</strong></span> <span class='ocrx_word' id='word_1_158' title='bbox 1049 2499 1140 2560; x_wconf 90' lang='lat' dir='ltr'><strong>iusta</strong></span> <span class='ocrx_word' id='word_1_159' title='bbox 1156 2505 1191 2560; x_wconf 89' lang='lat' dir='ltr'><strong>et</strong></span> <span class='ocrx_word' id='word_1_160' title='bbox 1208 2497 1349 2561; x_wconf 86' lang='lat' dir='ltr'><strong>honesta</strong></span> 
     </span>
     <span class='ocr_line' id='line_1_21' title="bbox 52 2598 1349 2687; baseline 0.003 -23"><span class='ocrx_word' id='word_1_161' title='bbox 52 2600 147 2677; x_wconf 76' lang='lat' dir='ltr'><strong>fiant,</strong></span> <span class='ocrx_word' id='word_1_162' title='bbox 171 2601 314 2686; x_wconf 89' lang='lat' dir='ltr'><strong>aliisque</strong></span> <span class='ocrx_word' id='word_1_163' title='bbox 343 2611 378 2667; x_wconf 87' lang='lat' dir='ltr'><strong>et</strong></span> <span class='ocrx_word' id='word_1_164' title='bbox 412 2601 556 2665; x_wconf 91' lang='lat' dir='ltr'><strong>aliorum</strong></span> <span class='ocrx_word' id='word_1_165' title='bbox 580 2599 801 2664; x_wconf 90' lang='lat' dir='ltr'><strong>libertatibus</strong></span> <span class='ocrx_word' id='word_1_166' title='bbox 825 2598 958 2664; x_wconf 89' lang='lat' dir='ltr'><strong>iuribus</strong></span> <span class='ocrx_word' id='word_1_167' title='bbox 991 2602 1155 2667; x_wconf 89' lang='lat' dir='ltr'><strong>damnum</strong></span> <span class='ocrx_word' id='word_1_168' title='bbox 1188 2612 1223 2668; x_wconf 90' lang='lat' dir='ltr'><strong>et</strong></span> <span class='ocrx_word' id='word_1_169' title='bbox 1257 2627 1349 2687; x_wconf 89' lang='lat' dir='ltr'><strong>prae-</strong></span> 
     </span>
     <span class='ocr_line' id='line_1_22' title="bbox 52 2707 1348 2792; baseline 0.003 -21"><span class='ocrx_word' id='word_1_170' title='bbox 52 2709 220 2772; x_wconf 85' lang='lat' dir='ltr'><strong>iudicium</strong></span> <span class='ocrx_word' id='word_1_171' title='bbox 244 2729 312 2773; x_wconf 91' lang='lat' dir='ltr'><strong>non</strong></span> <span class='ocrx_word' id='word_1_172' title='bbox 345 2707 504 2772; x_wconf 86' lang='lat' dir='ltr'><strong>inferant.</strong></span> <span class='ocrx_word' id='word_1_173' title='bbox 536 2708 630 2785; x_wconf 81' lang='lat' dir='ltr'><strong>Quae</strong></span> <span class='ocrx_word' id='word_1_174' title='bbox 654 2711 758 2772; x_wconf 89' lang='lat' dir='ltr'><strong>sicuti</strong></span> <span class='ocrx_word' id='word_1_175' title='bbox 787 2707 988 2792; x_wconf 87' lang='lat' dir='ltr'><strong>praefertur,</strong></span> <span class='ocrx_word' id='word_1_176' title='bbox 1012 2712 1049 2772; x_wconf 91' lang='lat' dir='ltr'><strong>in</strong></span> <span class='ocrx_word' id='word_1_177' title='bbox 1073 2731 1190 2775; x_wconf 91' lang='lat' dir='ltr'><strong>eorum</strong></span> <span class='ocrx_word' id='word_1_178' title='bbox 1214 2711 1348 2775; x_wconf 89' lang='lat' dir='ltr'><strong>dumta-</strong></span> 
     </span>
     <span class='ocr_line' id='line_1_23' title="bbox 52 2815 678 2902; baseline 0 -22"><span class='ocrx_word' id='word_1_179' title='bbox 52 2824 110 2880; x_wconf 79' lang='lat' dir='ltr'><strong>xat</strong></span> <span class='ocrx_word' id='word_1_180' title='bbox 136 2815 249 2879; x_wconf 89' lang='lat' dir='ltr'><strong>medio</strong></span> <span class='ocrx_word' id='word_1_181' title='bbox 272 2817 392 2880; x_wconf 83' lang='lat' dir='ltr'><strong>valent</strong></span> <span class='ocrx_word' id='word_1_182' title='bbox 414 2824 519 2902; x_wconf 89' lang='lat' dir='ltr'><strong>atque</strong></span> <span class='ocrx_word' id='word_1_183' title='bbox 543 2818 678 2880; x_wconf 89' lang='lat' dir='ltr'><strong>durant.</strong></span> 
     </span>
    </p>

    <p class='ocr_par' dir='ltr' id='par_1_10' title="bbox 51 2921 1350 3439">
     <span class='ocr_line' id='line_1_24' title="bbox 160 2921 1347 2989; baseline 0.003 -4"><span class='ocrx_word' id='word_1_184' title='bbox 160 2921 295 2987; x_wconf 91' lang='lat' dir='ltr'><strong>Debent</strong></span> <span class='ocrx_word' id='word_1_185' title='bbox 328 2929 444 2988; x_wconf 89' lang='lat' dir='ltr'><strong>autem</strong></span> <span class='ocrx_word' id='word_1_186' title='bbox 483 2925 690 2988; x_wconf 90' lang='lat' dir='ltr'><strong>eiuscemodi</strong></span> <span class='ocrx_word' id='word_1_187' title='bbox 723 2931 855 2988; x_wconf 87' lang='lat' dir='ltr'><strong>statuta</strong></span> <span class='ocrx_word' id='word_1_188' title='bbox 893 2933 928 2988; x_wconf 92' lang='lat' dir='ltr'><strong>et</strong></span> <span class='ocrx_word' id='word_1_189' title='bbox 967 2927 1231 2989; x_wconf 85' lang='lat' dir='ltr'><strong>constitutiones</strong></span> <span class='ocrx_word' id='word_1_190' title='bbox 1270 2947 1347 2988; x_wconf 91' lang='lat' dir='ltr'><strong>cum</strong></span> 
     </span>
     <span class='ocr_line' id='line_1_25' title="bbox 51 3031 1350 3117; baseline 0.003 -24"><span class='ocrx_word' id='word_1_191' title='bbox 51 3032 172 3094; x_wconf 87' lang='lat' dir='ltr'><strong>maiori</strong></span> <span class='ocrx_word' id='word_1_192' title='bbox 198 3037 232 3094; x_wconf 88' lang='lat' dir='ltr'><strong>et</strong></span> <span class='ocrx_word' id='word_1_193' title='bbox 256 3033 382 3094; x_wconf 86' lang='lat' dir='ltr'><strong>saniori</strong></span> <span class='ocrx_word' id='word_1_194' title='bbox 414 3039 510 3114; x_wconf 88' lang='lat' dir='ltr'><strong>parte</strong></span> <span class='ocrx_word' id='word_1_195' title='bbox 545 3031 662 3114; x_wconf 90' lang='lat' dir='ltr'><strong>populi</strong></span> <span class='ocrx_word' id='word_1_196' title='bbox 694 3031 769 3095; x_wconf 88' lang='lat' dir='ltr'><strong>fieri</strong></span> <span class='ocrx_word' id='word_1_197' title='bbox 801 3039 905 3117; x_wconf 87' lang='lat' dir='ltr'><strong>atque</strong></span> <span class='ocrx_word' id='word_1_198' title='bbox 938 3031 1096 3097; x_wconf 90' lang='lat' dir='ltr'><strong>stabiliri.</strong></span> <span class='ocrx_word' id='word_1_199' title='bbox 1127 3033 1214 3110; x_wconf 79' lang='lat' dir='ltr'><strong>Quia</strong></span> <span class='ocrx_word' id='word_1_200' title='bbox 1247 3031 1350 3097; x_wconf 90' lang='lat' dir='ltr'><strong>aliter</strong></span> 
     </span>
     <span class='ocr_line' id='line_1_26' title="bbox 51 3137 1348 3223; baseline 0.003 -23"><span class='ocrx_word' id='word_1_201' title='bbox 51 3158 119 3201; x_wconf 93' lang='lat' dir='ltr'><strong>non</strong></span> <span class='ocrx_word' id='word_1_202' title='bbox 162 3137 359 3203; x_wconf 90' lang='lat' dir='ltr'><strong>dicerentur</strong></span> <span class='ocrx_word' id='word_1_203' title='bbox 397 3138 515 3223; x_wconf 91' lang='lat' dir='ltr'><strong>populi</strong></span> <span class='ocrx_word' id='word_1_204' title='bbox 553 3139 609 3203; x_wconf 87' lang='lat' dir='ltr'><strong>vel</strong></span> <span class='ocrx_word' id='word_1_205' title='bbox 647 3141 904 3203; x_wconf 89' lang='lat' dir='ltr'><strong>communitatis</strong></span> <span class='ocrx_word' id='word_1_206' title='bbox 952 3147 1093 3205; x_wconf 88' lang='lat' dir='ltr'><strong>statuta.</strong></span> <span class='ocrx_word' id='word_1_207' title='bbox 1141 3141 1279 3222; x_wconf 84' lang='lat' dir='ltr'><strong>Verum,</strong></span> <span class='ocrx_word' id='word_1_208' title='bbox 1318 3144 1348 3204; x_wconf 91' lang='lat' dir='ltr'><strong>si</strong></span> 
     </span>
     <span class='ocr_line' id='line_1_27' title="bbox 52 3244 1347 3331; baseline 0.003 -24"><span class='ocrx_word' id='word_1_209' title='bbox 52 3244 197 3328; x_wconf 90' lang='lat' dir='ltr'><strong>populus</strong></span> <span class='ocrx_word' id='word_1_210' title='bbox 220 3247 259 3328; x_wconf 89' lang='lat' dir='ltr'><strong>in</strong></span> <span class='ocrx_word' id='word_1_211' title='bbox 281 3246 367 3311; x_wconf 90' lang='lat' dir='ltr'><strong>duas</strong></span> <span class='ocrx_word' id='word_1_212' title='bbox 391 3247 607 3311; x_wconf 90' lang='lat' dir='ltr'><strong>divideretur</strong></span> <span class='ocrx_word' id='word_1_213' title='bbox 631 3254 753 3331; x_wconf 79' lang='lat' dir='ltr'><strong>partes,</strong></span> <span class='ocrx_word' id='word_1_214' title='bbox 786 3255 869 3311; x_wconf 90' lang='lat' dir='ltr'><strong>tuno</strong></span> <span class='ocrx_word' id='word_1_215' title='bbox 902 3249 1104 3312; x_wconf 90' lang='lat' dir='ltr'><strong>constitutio</strong></span> <span class='ocrx_word' id='word_1_216' title='bbox 1137 3249 1281 3311; x_wconf 89' lang='lat' dir='ltr'><strong>sanioris</strong></span> <span class='ocrx_word' id='word_1_217' title='bbox 1313 3256 1347 3311; x_wconf 90' lang='lat' dir='ltr'><strong>et</strong></span> 
     </span>
     <span class='ocr_line' id='line_1_28' title="bbox 51 3355 1347 3439; baseline 0.002 -23"><span class='ocrx_word' id='word_1_218' title='bbox 51 3356 194 3436; x_wconf 88' lang='lat' dir='ltr'><strong>potioris</strong></span> <span class='ocrx_word' id='word_1_219' title='bbox 219 3357 326 3438; x_wconf 87' lang='lat' dir='ltr'><strong>partis</strong></span> <span class='ocrx_word' id='word_1_220' title='bbox 349 3355 452 3420; x_wconf 85' lang='lat' dir='ltr'><strong>valet.</strong></span> <span class='ocrx_word' id='word_1_221' title='bbox 485 3356 607 3420; x_wconf 84' lang='lat' dir='ltr'><strong>Senior</strong></span> <span class='ocrx_word' id='word_1_222' title='bbox 630 3364 746 3420; x_wconf 88' lang='lat' dir='ltr'><strong>autem</strong></span> <span class='ocrx_word' id='word_1_223' title='bbox 770 3363 805 3420; x_wconf 89' lang='lat' dir='ltr'><strong>et</strong></span> <span class='ocrx_word' id='word_1_224' title='bbox 830 3359 941 3439; x_wconf 92' lang='lat' dir='ltr'><strong>potior</strong></span> <span class='ocrx_word' id='word_1_225' title='bbox 965 3377 1042 3438; x_wconf 91' lang='lat' dir='ltr'><strong>pars</strong></span> <span class='ocrx_word' id='word_1_226' title='bbox 1066 3355 1126 3418; x_wconf 94' lang='lat' dir='ltr'><strong>illa</strong></span> <span class='ocrx_word' id='word_1_227' title='bbox 1150 3355 1287 3437; x_wconf 66' lang='lat' dir='ltr'><strong>dicitur,</strong></span> <span class='ocrx_word' id='word_1_228' title='bbox 1311 3357 1347 3418; x_wconf 91' lang='lat' dir='ltr'><strong>in</strong></span> 
     </span>
    </p>

    <p class='ocr_par' dir='ltr' id='par_1_11' title="bbox 5 3459 1346 3546">
     <span class='ocr_line' id='line_1_29' title="bbox 5 3459 1346 3546; baseline -0.001 -22"><span class='ocrx_word' id='word_1_229' title='bbox 5 3519 7 3534; x_wconf 85' lang='lat'><strong><em>‚</em></strong></span> <span class='ocrx_word' id='word_1_230' title='bbox 50 3482 117 3544; x_wconf 91' lang='lat' dir='ltr'><strong>qua</strong></span> <span class='ocrx_word' id='word_1_231' title='bbox 142 3461 313 3545; x_wconf 86' lang='lat' dir='ltr'><strong>dignitate</strong></span> <span class='ocrx_word' id='word_1_232' title='bbox 337 3469 372 3526; x_wconf 90' lang='lat' dir='ltr'><strong>et</strong></span> <span class='ocrx_word' id='word_1_233' title='bbox 396 3465 539 3527; x_wconf 90' lang='lat' dir='ltr'><strong>scientia</strong></span> <span class='ocrx_word' id='word_1_234' title='bbox 561 3461 690 3528; x_wconf 87' lang='lat' dir='ltr'><strong>fuerint</strong></span> <span class='ocrx_word' id='word_1_235' title='bbox 711 3465 974 3546; x_wconf 86' lang='lat' dir='ltr'><strong>praestantiores</strong></span> <span class='ocrx_word' id='word_1_236' title='bbox 995 3471 1098 3546; x_wconf 88' lang='lat' dir='ltr'><strong>atque</strong></span> <span class='ocrx_word' id='word_1_237' title='bbox 1117 3459 1346 3526; x_wconf 86' lang='lat' dir='ltr'><strong>notabiliores.</strong></span> 
     </span>
    </p>
   </div>
   <div class='ocr_carea' id='block_1_3' title="bbox 5 3672 1346 4814">
    <p class='ocr_par' dir='ltr' id='par_1_12' title="bbox 5 3672 1346 4814">
     <span class='ocr_line' id='line_1_30' title="bbox 159 3672 1345 3761; baseline -0.002 -22"><span class='ocrx_word' id='word_1_238' title='bbox 159 3673 211 3740; x_wconf 87' lang='lat' dir='ltr'><strong>Dc</strong></span> <span class='ocrx_word' id='word_1_239' title='bbox 236 3673 355 3741; x_wconf 79' lang='lat' dir='ltr'><strong>liberis</strong></span> <span class='ocrx_word' id='word_1_240' title='bbox 380 3674 583 3742; x_wconf 78' lang='lat' dir='ltr'><strong>civitatibus</strong></span> <span class='ocrx_word' id='word_1_241' title='bbox 616 3680 796 3741; x_wconf 81' lang='lat' dir='ltr'><strong>cicurum</strong></span> <span class='ocrx_word' id='word_1_242' title='bbox 822 3673 1085 3742; x_wconf 82' lang='lat' dir='ltr'><strong>conditionibus</strong></span> <span class='ocrx_word' id='word_1_243' title='bbox 1112 3675 1146 3741; x_wconf 86' lang='lat' dir='ltr'><strong>in</strong></span> <span class='ocrx_word' id='word_1_244' title='bbox 1175 3672 1345 3761; x_wconf 68' lang='lat' dir='ltr'><strong>perierat.</strong></span> 
     </span>
     <span class='ocr_line' id='line_1_31' title="bbox 54 3777 241 3850; baseline 0.016 -5"><span class='ocrx_word' id='word_1_245' title='bbox 54 3777 118 3848; x_wconf 83' lang='lat' dir='ltr'><strong>Tit.</strong></span> <span class='ocrx_word' id='word_1_246' title='bbox 150 3780 241 3850; x_wconf 82' lang='lat' dir='ltr'><em>VIII.</em></span> 
     </span>
     <span class='ocr_line' id='line_1_32' title="bbox 5 3891 1346 3979; baseline -0.001 -22"><span class='ocrx_word' id='word_1_247' title='bbox 5 3965 7 3974; x_wconf 22' lang='lat' dir='ltr'>y</span> <span class='ocrx_word' id='word_1_248' title='bbox 158 3893 246 3970; x_wconf 84' lang='lat' dir='ltr'><strong>Quia</strong></span> <span class='ocrx_word' id='word_1_249' title='bbox 270 3893 311 3956; x_wconf 89' lang='lat' dir='ltr'><strong>de</strong></span> <span class='ocrx_word' id='word_1_250' title='bbox 335 3891 452 3957; x_wconf 91' lang='lat' dir='ltr'><strong>liberis</strong></span> <span class='ocrx_word' id='word_1_251' title='bbox 476 3915 610 3979; x_wconf 90' lang='lat' dir='ltr'><strong>quoque</strong></span> <span class='ocrx_word' id='word_1_252' title='bbox 635 3892 837 3958; x_wconf 87' lang='lat' dir='ltr'><strong>civitatibus</strong></span> <span class='ocrx_word' id='word_1_253' title='bbox 863 3896 980 3976; x_wconf 89' lang='lat' dir='ltr'><strong>paucis</strong></span> <span class='ocrx_word' id='word_1_254' title='bbox 996 3892 1215 3958; x_wconf 84' lang='lat' dir='ltr'><strong>tractandum</strong></span> <span class='ocrx_word' id='word_1_255' title='bbox 1231 3912 1346 3956; x_wconf 91' lang='lat' dir='ltr'><strong>occur-</strong></span> 
     </span>
     <span class='ocr_line' id='line_1_33' title="bbox 50 3999 1345 4085; baseline -0.001 -24.034"><span class='ocrx_word' id='word_1_256' title='bbox 50 4000 104 4064; x_wconf 85' lang='lat' dir='ltr'><strong>rit.</strong></span> <span class='ocrx_word' id='word_1_257' title='bbox 129 4000 256 4064; x_wconf 87' lang='lat' dir='ltr'><strong>idcirco</strong></span> <span class='ocrx_word' id='word_1_258' title='bbox 281 4001 474 4064; x_wconf 88' lang='lat' dir='ltr'><strong>sciendum:</strong></span> <span class='ocrx_word' id='word_1_259' title='bbox 498 4001 589 4085; x_wconf 93' lang='lat' dir='ltr'><strong>quod</strong></span> <span class='ocrx_word' id='word_1_260' title='bbox 615 4003 738 4065; x_wconf 86' lang='lat' dir='ltr'><strong>civitas</strong></span> <span class='ocrx_word' id='word_1_261' title='bbox 768 4001 897 4064; x_wconf 91' lang='lat' dir='ltr'><strong>dicitur</strong></span> <span class='ocrx_word' id='word_1_262' title='bbox 929 4003 1027 4085; x_wconf 89' lang='lat' dir='ltr'><strong>quasi</strong></span> <span class='ocrx_word' id='word_1_263' title='bbox 1060 4001 1189 4062; x_wconf 89' lang='lat' dir='ltr'><strong>civium</strong></span> <span class='ocrx_word' id='word_1_264' title='bbox 1221 3999 1345 4078; x_wconf 76' lang='lat' dir='ltr'><strong>unitas,</strong></span> 
     </span>
     <span class='ocr_line' id='line_1_34' title="bbox 5 4105 1345 4206; baseline -0.001 -37"><span class='ocrx_word' id='word_1_265' title='bbox 5 4105 7 4206; x_wconf 68' lang='lat' dir='ltr'><strong>j</strong></span> <span class='ocrx_word' id='word_1_266' title='bbox 50 4127 87 4168; x_wconf 81' lang='lat' dir='ltr'><strong>eo</strong></span> <span class='ocrx_word' id='word_1_267' title='bbox 116 4107 207 4191; x_wconf 92' lang='lat' dir='ltr'><strong>quod</strong></span> <span class='ocrx_word' id='word_1_268' title='bbox 232 4105 282 4170; x_wconf 93' lang='lat' dir='ltr'><strong>ibi</strong></span> <span class='ocrx_word' id='word_1_269' title='bbox 307 4108 507 4192; x_wconf 90' lang='lat' dir='ltr'><strong>populorum</strong></span> <span class='ocrx_word' id='word_1_270' title='bbox 533 4108 711 4192; x_wconf 87' lang='lat' dir='ltr'><strong>pluralitas</strong></span> <span class='ocrx_word' id='word_1_271' title='bbox 735 4111 781 4171; x_wconf 93' lang='lat' dir='ltr'><strong>sit</strong></span> <span class='ocrx_word' id='word_1_272' title='bbox 805 4114 999 4173; x_wconf 84' lang='lat' dir='ltr'><strong>convocata.</strong></span> <span class='ocrx_word' id='word_1_273' title='bbox 1025 4108 1089 4172; x_wconf 87' lang='lat' dir='ltr'><strong>Est</strong></span> <span class='ocrx_word' id='word_1_274' title='bbox 1122 4113 1238 4169; x_wconf 88' lang='lat' dir='ltr'><strong>autem</strong></span> <span class='ocrx_word' id='word_1_275' title='bbox 1262 4106 1345 4169; x_wconf 90' lang='lat' dir='ltr'><strong>civi-</strong></span> 
     </span>
     <span class='ocr_line' id='line_1_35' title="bbox 5 4207 1344 4297; baseline 0 -21"><span class='ocrx_word' id='word_1_276' title='bbox 5 4207 7 4296; x_wconf 73' lang='lat' dir='ltr'><strong>l</strong></span> <span class='ocrx_word' id='word_1_277' title='bbox 52 4221 110 4293; x_wconf 65' lang='lat' dir='ltr'><strong>tea,</strong></span> <span class='ocrx_word' id='word_1_278' title='bbox 135 4215 314 4278; x_wconf 90' lang='lat' dir='ltr'><strong>domorum</strong></span> <span class='ocrx_word' id='word_1_279' title='bbox 338 4221 373 4278; x_wconf 91' lang='lat' dir='ltr'><strong>et</strong></span> <span class='ocrx_word' id='word_1_280' title='bbox 396 4217 551 4278; x_wconf 92' lang='lat' dir='ltr'><strong>vicorum</strong></span> <span class='ocrx_word' id='word_1_281' title='bbox 576 4213 765 4297; x_wconf 85' lang='lat' dir='ltr'><strong>pluralitas,</strong></span> <span class='ocrx_word' id='word_1_282' title='bbox 789 4215 932 4276; x_wconf 88' lang='lat' dir='ltr'><strong>moeniis</strong></span> <span class='ocrx_word' id='word_1_283' title='bbox 949 4219 983 4276; x_wconf 91' lang='lat' dir='ltr'><strong>et</strong></span> <span class='ocrx_word' id='word_1_284' title='bbox 1000 4212 1178 4295; x_wconf 87' lang='lat' dir='ltr'><strong>praesidiis</strong></span> <span class='ocrx_word' id='word_1_285' title='bbox 1202 4213 1344 4276; x_wconf 88' lang='lat' dir='ltr'><strong>circum-</strong></span> 
     </span>
     <span class='ocr_line' id='line_1_36' title="bbox 49 4318 1280 4406; baseline -0.003 -22"><span class='ocrx_word' id='word_1_286' title='bbox 49 4323 170 4402; x_wconf 73' lang='lat' dir='ltr'><strong>cincta,</strong></span> <span class='ocrx_word' id='word_1_287' title='bbox 194 4325 393 4386; x_wconf 89' lang='lat' dir='ltr'><strong>necessariis</strong></span> <span class='ocrx_word' id='word_1_288' title='bbox 417 4322 460 4386; x_wconf 87' lang='lat' dir='ltr'><strong>ad</strong></span> <span class='ocrx_word' id='word_1_289' title='bbox 485 4321 581 4402; x_wconf 85' lang='lat' dir='ltr'><strong>bene,</strong></span> <span class='ocrx_word' id='word_1_290' title='bbox 605 4322 813 4406; x_wconf 88' lang='lat' dir='ltr'><strong>honesteque</strong></span> <span class='ocrx_word' id='word_1_291' title='bbox 837 4321 1027 4386; x_wconf 86' lang='lat' dir='ltr'><strong>vivendum</strong></span> <span class='ocrx_word' id='word_1_292' title='bbox 1053 4318 1280 4402; x_wconf 85' lang='lat' dir='ltr'><strong>privilegiata..</strong></span> 
     </span>
     <span class='ocr_line' id='line_1_37' title="bbox 157 4427 1343 4514; baseline -0.005 -20"><span class='ocrx_word' id='word_1_293' title='bbox 157 4430 224 4494; x_wconf 85' lang='lat' dir='ltr'><strong>Sed</strong></span> <span class='ocrx_word' id='word_1_294' title='bbox 248 4433 408 4514; x_wconf 89' lang='lat' dir='ltr'><strong>quoniam</strong></span> <span class='ocrx_word' id='word_1_295' title='bbox 432 4429 516 4493; x_wconf 88' lang='lat' dir='ltr'><strong>haec</strong></span> <span class='ocrx_word' id='word_1_296' title='bbox 550 4431 679 4492; x_wconf 91' lang='lat' dir='ltr'><strong>civium</strong></span> <span class='ocrx_word' id='word_1_297' title='bbox 713 4429 893 4511; x_wconf 90' lang='lat' dir='ltr'><strong>pluralitas</strong></span> <span class='ocrx_word' id='word_1_298' title='bbox 925 4449 1028 4491; x_wconf 90' lang='lat' dir='ltr'><strong>unam</strong></span> <span class='ocrx_word' id='word_1_299' title='bbox 1062 4427 1343 4490; x_wconf 89' lang='lat' dir='ltr'><strong>communitatem</strong></span> 
     </span>
     <span class='ocr_line' id='line_1_38' title="bbox 48 4533 1343 4621; baseline -0.003 -23"><span class='ocrx_word' id='word_1_300' title='bbox 48 4543 165 4600; x_wconf 88' lang='lat' dir='ltr'><strong>causat</strong></span> <span class='ocrx_word' id='word_1_301' title='bbox 190 4546 293 4621; x_wconf 88' lang='lat' dir='ltr'><strong>atque</strong></span> <span class='ocrx_word' id='word_1_302' title='bbox 317 4543 568 4620; x_wconf 85' lang='lat' dir='ltr'><strong>repraesentat:</strong></span> <span class='ocrx_word' id='word_1_303' title='bbox 598 4543 632 4599; x_wconf 91' lang='lat' dir='ltr'><strong>et</strong></span> <span class='ocrx_word' id='word_1_304' title='bbox 665 4535 862 4600; x_wconf 91' lang='lat' dir='ltr'><strong>huiusmodi</strong></span> <span class='ocrx_word' id='word_1_305' title='bbox 896 4534 1075 4598; x_wconf 87' lang='lat' dir='ltr'><strong>collectiva</strong></span> <span class='ocrx_word' id='word_1_306' title='bbox 1108 4533 1343 4620; x_wconf 68' lang='lat' dir='ltr'><strong>communitas</strong></span> 
     </span>
     <span class='ocr_line' id='line_1_39' title="bbox 5 4639 1342 4726; baseline -0.002 -21"><span class='ocrx_word' id='word_1_307' title='bbox 5 4689 6 4692; x_wconf 63' lang='lat'>,</span> <span class='ocrx_word' id='word_1_308' title='bbox 47 4644 149 4708; x_wconf 87' lang='lat' dir='ltr'><strong>sicuti</strong></span> <span class='ocrx_word' id='word_1_309' title='bbox 183 4644 335 4708; x_wconf 88' lang='lat' dir='ltr'><strong>locorum</strong></span> <span class='ocrx_word' id='word_1_310' title='bbox 368 4646 446 4726; x_wconf 72' lang='lat' dir='ltr'><strong>situ,</strong></span> <span class='ocrx_word' id='word_1_311' title='bbox 475 4646 524 4708; x_wconf 89' lang='lat' dir='ltr'><strong>ita</strong></span> <span class='ocrx_word' id='word_1_312' title='bbox 558 4645 661 4707; x_wconf 85' lang='lat' dir='ltr'><strong>etiam</strong></span> <span class='ocrx_word' id='word_1_313' title='bbox 694 4643 954 4726; x_wconf 81' lang='lat' dir='ltr'><strong>privilegiorum</strong></span> <span class='ocrx_word' id='word_1_314' title='bbox 987 4649 1021 4705; x_wconf 91' lang='lat' dir='ltr'><strong>et</strong></span> <span class='ocrx_word' id='word_1_315' title='bbox 1056 4639 1342 4704; x_wconf 89' lang='lat' dir='ltr'><strong>consuetudinum</strong></span> 
     </span>
     <span class='ocr_line' id='line_1_40' title="bbox 1180 4761 1235 4814; baseline 0 0"><span class='ocrx_word' id='word_1_316' title='bbox 1180 4761 1235 4814; x_wconf 62' lang='lat'><strong>24*</strong></span> 
     </span>
    </p>
   </div>
   <div class='ocr_carea' id='block_1_4' title="bbox 5 3621 8 3822">
    <p class='ocr_par' dir='ltr' id='par_1_13' title="bbox 5 3621 8 3822">
     <span class='ocr_line' id='line_1_41' title="bbox 5 3621 7 3652; baseline 0 0"><span class='ocrx_word' id='word_1_317' title='bbox 5 3621 7 3652; x_wconf 71' lang='lat' dir='ltr'><strong>r</strong></span> 
     </span>
     <span class='ocr_line' id='line_1_42' title="bbox 5 3653 7 3690; baseline 0 0"><span class='ocrx_word' id='word_1_318' title='bbox 5 3653 7 3690; x_wconf 86' lang='lat' dir='ltr'><strong>l</strong></span> 
     </span>
     <span class='ocr_line' id='line_1_43' title="bbox 5 3709 8 3754; baseline 0 0"><span class='ocrx_word' id='word_1_319' title='bbox 5 3709 8 3754; x_wconf 82' lang='lat' dir='ltr'><strong>l</strong></span> 
     </span>
     <span class='ocr_line' id='line_1_44' title="bbox 5 3779 7 3822; baseline 0 0"><span class='ocrx_word' id='word_1_320' title='bbox 5 3779 7 3822; x_wconf 86' lang='lat' dir='ltr'><strong>i</strong></span> 
     </span>
    </p>
   </div>
   <div class='ocr_carea' id='block_1_5' title="bbox 0 0 1584 5212">
    <p class='ocr_par' dir='ltr' id='par_1_14' title="bbox 0 0 1584 5212">
     <span class='ocr_line' id='line_1_45' title="bbox 0 0 1584 5212; baseline 0 2"><span class='ocrx_word' id='word_1_321' title='bbox 0 0 1584 5212; x_wconf 95' lang='lat' dir='ltr'><strong> </strong></span> 
     </span>
    </p>
   </div>
  </div>
 </body>
</html>
