3124 5216
1258 383 1323 447 773

26 579 87 642 sed
114 581 245 663 etipsa
278 581 454 663 principia,
483 575 585 662 juxta
608 600 693 663 quae
728 577 938 644 Consistoria
961 578 1044 643 haec
1077 601 1137 643 suo
1170 585 1322 664 tempore

27 685 160 751 Causas
192 687 464 752 Matrimoniales
497 684 736 770 dijudicandas
768 685 953 771 habebunt,
986 686 1053 752 fine
1095 688 1322 772 Inspectionis

28 803 63 858 et
98 794 377 860 confirmationis
410 793 477 858 sibi
509 793 746 859 exhibeantur.
779 795 915 860 Interea
947 801 1063 859 autem
1096 794 1226 860 Causae
1258 797 1322 860 hae

27 902 304 968 Matrimoniales
323 899 574 985 judicabuntur
597 902 784 966 secundum
807 905 975 986 principia
1000 903 1244 986 posterioribus
1268 904 1322 968 his

27 1010 333 1092 11111113113611116,6
358 1009 529 1093 perFora
562 1008 765 1092 Saecularis,
797 1011 924 1094 quippe
957 1012 995 1074 in
1026 1010 1254 1095 comitatibus
1287 1021 1322 1076 et

27 1114 256 1180 Districtibus
279 1115 369 1180 Foro
393 1118 527 1200 proprio
548 1113 732 1200 judiciario
748 1119 902 1200 provisis,
928 1139 987 1200 per
1011 1116 1114 1182 Sedes
1138 1119 1322 1184 eorundem

25 1223 51 1288 J
52 1223 247 1304 udiciarias,
271 1225 308 1287 in
330 1222 466 1287 Liberis
489 1229 605 1288 autem
627 1245 667 1287 ac
690 1224 810 1309 Regiis
839 1232 873 1288 et
902 1224 1077 1290 Montanis
1110 1225 1322 1291 Civitatibus

25 1351 144 1395 coram
167 1329 383 1414 Magistratu,
407 1329 502 1394 salva
531 1330 574 1394 ad
595 1328 763 1394 Tabulam
779 1330 934 1414 Regiam,
950 1353 989 1395 ac
1007 1354 1066 1416 pro
1083 1343 1200 1399 renata
1217 1337 1322 1398 etiam

26 1440 71 1503 ad
98 1438 236 1522 Septem
260 1439 414 1504 Viralem
436 1439 638 1524 Appellata3
661 1461 700 1504 eo
724 1447 840 1504 tamen
864 1463 924 1524 per
948 1461 1145 1524 expressum
1161 1440 1321 1523 subnex0,

24 1547 120 1632 quod
145 1545 298 1610 Divortii
331 1544 529 1611 Sententiae
561 1549 698 1611 nonnisi
731 1548 842 1632 quoad
876 1548 1019 1612 effectus
1043 1548 1162 1612 civiles
1194 1547 1320 1632 ubique

28 1675 90 1737 pro
113 1653 240 1717 validis
268 1652 469 1736 habeantur,
502 1654 688 1738 Episcopos
721 1662 837 1740 autern
869 1655 913 1718 ad
946 1655 1196 1740 agnoscendam
1227 1655 1322 1720 talis-

27 1761 124 1825 mcdi
157 1759 288 1824 vinculi
321 1761 526 1844 nullitatem,
569 1762 731 1846 illamque
764 1763 808 1826 ad
842 1761 1038 1826 Catholicos
1070 1761 1320 1826 extendendam

25 1867 182 1952 obligare
205 1877 385 1953 nequeant.
409 1868 584 1946 Quantum
607 1869 649 1933 ad
674 1868 953 1952 Dispensationes
982 1871 1018 1932 in
1040 1868 1205 1953 gradibus
1228 1868 1320 1952 Lege

26 1976 147 2040 Patria
172 1975 363 2059 prohibitis,
388 1975 576 2040 secundum
608 1977 783 2060 Principia
811 1998 892 2040 vero
926 1976 1215 2060 Evangelicorum
1248 1999 1320 2060 per-

27 2083 151 2164 missis,
176 2082 312 2146 ecsdem
335 2081 563 2166 Evangelicos
586 2082 654 2147 Sua
678 2080 840 2166 Majestas
860 2082 1096 2148 Sacratissima
1120 2085 1320 2147 necessitate

25 2187 226 2273 hujusmodi
264 2189 567 2273 Dispensationum
604 2193 729 2275 quippe
768 2191 805 2254 in
828 2193 930 2256 tertio
968 2190 1025 2255 vel
1056 2197 1179 2274 quarto
1201 2190 1321 2275 gradu,

24 2296 317 2381 quemadmodum
336 2293 409 2380 jam
432 2303 532 2361 antea
557 2320 617 2381 per
640 2299 715 2380 piae
739 2300 919 2363 memoriae
953 2297 1151 2382 Augustum
1172 2280 1321 2381 Impera-

24 2413 139 2469 torem
163 2411 198 2468 et
220 2403 353 2488 Regem
384 2402 574 2485 Josephum
605 2403 651 2468 H.
685 2402 828 2468 fratrem
860 2427 959 2470 suum
992 2405 1319 2469 desideratissimum

23 2515 257 2576 constitutum
281 2517 362 2594 erat,
386 2512 490 2576 semel
514 2534 574 2595 pro
598 2534 730 2596 semper
753 2515 882 2577 eximit.

139 2620 189 2683 12.
221 2618 441 2702 Evangelicis
465 2620 644 2704 utriusque
669 2618 901 2684 Confessionis
934 2642 1035 2705 penes
1068 2622 1224 2686 conditae
1257 2621 1320 2686 hac

25 2727 170 2808 ratione,
195 2747 234 2790 ao
259 2731 422 2808 perpetuo
446 2725 630 2790 duraturae
655 2727 759 2811 Legis
782 2729 1019 2810 provisionem,
1043 2729 1132 2792 circa
1156 2727 1319 2794 Liberum

24 2831 223 2916 Religionis
260 2853 340 2896 suae
379 2834 590 2916 exercitium,
630 2836 924 2898 conservationem
960 2836 1045 2899 item
1092 2835 1319 2920 Templorum,

25 2939 239 3022 Scholarum,
264 2947 299 3002 et
323 2937 567 3004 Paroohiarum
591 2961 729 3004 suarum
760 2962 913 3005 necnon
938 2941 1196 3008 Fundationum
1227 2947 1319 3008 omni

23 3049 160 3112 ratione
184 3049 311 3111 securis
344 3046 497 3130 redditis,
522 3069 581 3131 pro
614 3047 762 3132 amplius
785 3048 1016 3114 confirmanda
1050 3052 1140 3115 inter
1172 3051 1249 3114 illos
1280 3075 1319 3115 ac

24 3155 184 3222 Romano
218 3153 432 3218 catholicam
464 3155 682 3239 Religionem
715 3155 913 3239 profitentes
941 3155 1147 3240 Regnicolas
1172 3181 1251 3242 pace
1285 3169 1319 3223 et

23 3261 218 3344 concordia,
243 3263 426 3326 statuitur:
450 3269 490 3326 111
505 3261 617 3346 quoad
642 3264 886 3346 proprietatem
905 3262 1076 3328 dictorum
1091 3265 1318 3350 Templcrum,

23 3369 238 3452 Scholarum,
272 3369 524 3452 Parochiarum,
557 3378 592 3434 et
616 3370 891 3435 Fundationum:
919 3371 1028 3452 (salva
1060 3379 1175 3436 tamen
1207 3374 1317 3457 quoad

24 3476 263 3541 Fundationes
280 3473 534 3560 Szirmaianam,
551 3483 586 3540 et
609 3476 948 3562 Hrabovszlryanam,
965 3481 1018 3543 uti
1041 3487 1076 3544 et
1091 3479 1318 3564 Apaliianam,

24 3589 257 3670 inquantum
289 3585 385 3649 illam
410 3585 524 3669 probis
557 3585 680 3651 fulcire
704 3595 848 3671 possent,
881 3609 941 3671 prc
973 3585 1192 3670 Evangelicis
1226 3609 1318 3670 prae-

23 3693 195 3773 tensione)
219 3691 337 3757 Status
364 3695 583 3775 possessionis
616 3695 769 3776 actualis,
793 3696 954 3780 utrinque
988 3715 1048 3777 pro
1081 3714 1247 3777 cynosura
1280 3715 1318 3758 ea

24 3801 161 3864 ratione
184 3800 393 3882 adsumatur,
417 3809 456 3864 ut
487 3801 723 3866 Fundationes
748 3802 1005 3867 Catholicorum
1038 3823 1097 3886 pro
1122 3800 1317 3884 Catholicis,

24 3906 315 3990 Evangeliccrum
354 3915 470 3975 autem
509 3929 568 3991 pro
608 3909 828 3993 Evangelicis
867 3911 1027 3994 deinceps
1065 3917 1318 3992 convertantur,

23 4013 178 4096 adeoque
202 4032 272 4078 non
295 4013 395 4076 modo
419 4013 462 4077 ab
486 4014 642 4078 ulteriori
666 4015 788 4080 harum
811 4019 1014 4100 repetitione
1049 4037 1108 4100 pro
1133 4013 1250 4080 futuro
1274 4015 1317 4079 ab

24 4120 189 4203 utrinque
223 4119 498 4202 praescindatur,
531 4143 652 4185 verum
684 4125 789 4186 etiam
821 4123 935 4187 nullae
977 4145 1127 4208 unquam
1160 4123 1318 4206 deinceps

22 4247 228 4312 quocunque
253 4225 316 4290 sub
341 4233 521 4310 praetextu
544 4227 684 4292 admitti
702 4231 840 4312 possint,
864 4230 1091 4314 Templorum,
1109 4227 1317 4312 Scholarum,

22 4357 65 4398 ac
82 4335 326 4400 Parochiarum
342 4337 597 4418 occupationes3
622 4336 699 4400 illos
723 4344 846 4421 autem,
866 4341 925 4422 qui
942 4339 1064 4403 talium
1088 4339 1317 4402 violentarum

136 4579 260 4633 ·Ε111)61
288 4580 488 4648 16161161611,
517 4581 597 4652 hogy
626 4600 643 4636 a
671 4584 879 4653 protestansok
898 4583 1053 4655 hazasshgi
1072 4583 1221 4654 tlgyeiben
1240 4603 1258 4638 a
1276 4585 1316 4638 11.

23 4665 132 4722 szsef
147 4667 221 4722 hltal
242 4669 383 4723 1786111111
403 4669 521 4724 kiadctt
541 4678 646 4740 patens
666 4673 782 4725 maradt
802 4671 980 4744 e'rvdnyben.
