3142 5214
1284 343 1348 406 607

41 539 152 622 pleno
180 537 295 622 Regni
318 544 491 600 conventu
515 536 640 601 tributi
662 539 876 602 exactionem
898 538 1110 618 admisisset;
1138 544 1235 602 tanta
1259 537 1348 622 hinc,

38 653 77 711 et
104 644 154 708 ad
183 665 292 708 seram
315 666 422 728 usque
447 648 684 728 posteritatem
707 644 915 728 deploranda
939 649 1078 710 emersit
1101 646 1217 732 Regni
1240 650 1348 728 ruina,

38 760 81 816 ut
115 761 200 836 post
231 750 512 816 florentissimum
544 755 696 836 rarisque
730 752 866 817 divitiis
898 751 1099 818 affluentem
1131 753 1348 818 dulcissimae

39 864 187 944 patriae
211 865 349 941 statum,
377 879 447 923 non
470 862 537 922 nisi
561 863 748 942 speciosam
779 862 945 942 pristinae
979 857 1158 924 felicitatis
1191 859 1348 925 umbram

38 970 184 1031 intueri
208 969 395 1049 supersita*
428 966 529 1051 Piget
554 966 668 1051 eloqui
692 966 827 1049 plebem
849 969 1009 1030 miseram
1034 970 1167 1031 cunctis
1192 967 1348 1032 solvendi

37 1072 280 1138 facultatibus
296 1071 507 1154 exhaustam,
535 1075 641 1136 variis
657 1080 813 1137 exactam
829 1095 901 1137 esse
917 1073 1231 1156 desperationibus;
1255 1082 1346 1138 certe

36 1181 134 1246 alios
163 1182 284 1266 laqueo
308 1184 418 1245 vitam
437 1179 574 1262 finiisse,
597 1180 682 1244 alios
705 1184 873 1245 servitute
897 1181 1041 1244 Tureica
1057 1188 1185 1246 sortem
1208 1181 1347 1263 levasse,

36 1291 134 1354 alios
161 1287 324 1374 conjuges
344 1309 421 1352 suas
437 1287 581 1352 militari
597 1290 800 1370 executioni,
822 1286 1013 1371 liberosque
1030 1287 1151 1352 'Parcis
1171 1290 1207 1352 in
1224 1292 1348 1374 pignus

37 1396 190 1477 locasse,
214 1395 370 1461 inaudito
394 1393 549 1476 exemplo
572 1397 687 1457 visum
709 1400 771 1461 est
795 1393 823 1457 Ο
848 1394 959 1457 diram
982 1397 1195 1478 servitutem,
1220 1393 1346 1459 liberae

37 1505 151 1588 genti
175 1500 268 1564 haud
292 1498 486 1564 ferendam!
518 1500 696 1564 Meliorem
719 1522 754 1564 se
778 1503 916 1564 omnino
940 1500 1004 1565 sub
1028 1501 1146 1566 Lunae
1170 1506 1347 1587 regnantis

38 1611 206 1674 dominio
222 1606 366 1671 subiisse
376 1613 512 1690 sortem,
523 1606 619 1690 plebs
628 1610 727 1692 regni
736 1610 926 1670 etiamnum
942 1608 1169 1691 depraedicat,
1184 1631 1347 1674 annuam-

37 1741 112 1803 que
149 1717 412 1780 Austriacorum
444 1718 674 1780 extorsionem
707 1717 884 1798 pensiones
908 1714 1127 1780 Otthomanis
1150 1716 1260 1782 lustra
1287 1741 1351 1802 per

39 1828 171 1890 decem
195 1825 376 1908 praestitas
398 1822 500 1908 longe
523 1845 737 1907 exaequasse,
770 1822 907 1906 publico
940 1826 1067 1907 scripto
1100 1827 1253 1890 evictum
1285 1835 1346 1890 est.

39 1935 120 1998 Nec
147 1929 323 1996 deferbuit
347 1932 506 1994 immanis
529 1929 612 1994 haec
635 1927 896 1994 Austriacorum
912 1929 1030 2013 libid0,
1054 1932 1161 1996 donec
1177 1935 1214 1996 in
1230 1953 1346 1996 omnes

40 2041 169 2126 Regni
201 2039 320 2104 Status
354 2042 427 2122 pari
461 2061 562 2122 passu
594 2042 752 2104 saeviret.
794 2039 982 2122 Praelatus,
1015 2041 1168 2126 Magnas,
1201 2040 1345 2122 Nobilis,

41 2147 248 2232 liberaeque
272 2145 442 2210 Civitates
465 2145 609 2210 tributis
632 2145 933 2231 mancipabantur;
963 2154 998 2212 et
1021 2151 1179 2233 quamvis
1202 2147 1346 2212 affidato

41 2256 175 2341 Regno
208 2256 437 2320 decretorium
469 2262 659 2338 postremae
693 2257 864 2338 pensionis
890 2252 1035 2339 jamjam
1066 2257 1188 2320 adesse
1218 2278 1346 2320 annum

44 2364 200 2447 publicis
239 2361 505 2426 resolutionibus
547 2367 681 2446 saepius
713 2362 925 2427 declaratum
957 2367 1123 2446 extiterit,
1166 2371 1346 2448 postquam

44 2481 170 2536 tamen
194 2477 266 2534 tam
288 2491 394 2556 grave
418 2477 453 2532 et
477 2469 693 2534 intolerabile
716 2470 843 2535 tributi
870 2492 955 2535 onus
987 2471 1184 2535 nullatenus
1207 2493 1345 2552 cessare,

43 2581 207 2662 quinimo
231 2578 343 2641 indies
366 2582 484 2640 contra
509 2580 692 2660 praemissa
716 2585 954 2660 praetextuose
977 2582 1105 2663 augeri,
1130 2600 1259 2643 novum
1282 2578 1346 2642 sol-

45 2685 159 2749 vendi
171 2706 280 2770 genus
295 2681 436 2748 Accisas
453 2681 602 2767 formari,
616 2684 783 2748 militares
799 2688 1017 2749 executiones
1032 2708 1184 2771 regnare,
1195 2707 1345 2750 carceres

48 2801 83 2856 et
109 2792 256 2856 verbera
280 2790 446 2873 adhiberi,
470 2794 644 2875 tacitaque
677 2814 737 2874 per
767 2791 928 2876 Regnum
952 2794 1098 2876 suspiria
1122 2793 1346 2876 multiplicari

48 2901 230 2964 evidentia
252 2901 303 2964 rei
327 2899 453 2981 docuit,
477 2905 655 2964 aeternum
678 2898 797 2963 liberis
812 2899 1004 2964 cervicibus
1020 2903 1150 2984 imponi
1165 2903 1345 2965 servitutis

47 3004 183 3092 jugum,
197 3005 310 3070 facilis
326 3013 400 3070 erat
416 3009 718 3090 consequentiae.1⁸
733 3005 824 3083 Quid
841 3003 1022 3088 pluribus?
1042 3006 1214 3070 ordinaria
1230 3007 1345 3091 Regni

47 3115 200 3195 Judicia,
224 3135 309 3198 quae
333 3115 371 3176 vi
394 3112 601 3195 Diplomatis
617 3113 721 3198 Regii
737 3113 937 3198 Legumque
954 3116 1143 3196 patriarum
1159 3117 1343 3198 quotannis

48 3222 217 3287 celebrari
241 3228 432 3303 sueverant,
457 3228 531 3284 tum
554 3219 699 3303 sublata,
722 3229 799 3284 tum
828 3223 929 3284 statis
959 3219 1179 3304 temporibus,
1213 3243 1252 3284 ac
1285 3243 1345 3304 per

49 3328 234 3394 dimidium
266 3329 401 3413 quoque
434 3327 561 3391 saeculi
595 3329 722 3410 (prouti
755 3327 937 3406 octavalia)
964 3349 1033 3392 non
1055 3328 1213 3410 admissa,
1237 3329 1344 3392 exitio

49 3435 167 3521 Regni
190 3441 287 3499 erant
311 3437 540 3498 certissime.¹4
565 3433 670 3497 Plena
694 3433 774 3497 hinc
798 3433 1037 3499 confusionum
1053 3457 1150 3520 seges
1166 3442 1267 3500 enata
1283 3441 1344 3497 est.

50 3660 103 3698 seu
123 3644 257 3715 perjurii,
285 3645 500 3714 amissioneque
530 3643 657 3710 honoris,
689 3649 720 3696 et
739 3643 947 3712 humanitatis,
976 3643 1121 3711 convicta,
1150 3648 1182 3696 et
1210 3643 1345 3696 condem-

50 3740 141 3803 nata;
170 3739 201 3788 et
228 3751 246 3786 a
274 3735 421 3788 consortio
448 3739 631 3786 caeterorum
655 3733 809 3787 Nobilium
838 3733 938 3804 Regni
967 3733 1101 3803 relegata
1128 3737 1160 3785 et
1187 3739 1345 3803 segregata

51 3822 198 3877 habeatur
217 3839 251 3876 00
270 3823 356 3876 facto.
376 3823 420 3893 (a.
440 3823 563 3876 anae
581 3824 641 3876 ere.
662 3823 693 3892 1.)
921 3807 922 3812 '

162 3921 181 3950 ¹¹
200 3913 227 3965 A
258 3912 403 3983 kormtny
436 3913 512 3966 1698.
538 3912 758 3966 novembere'tol
792 3913 868 3966 1699.
900 3909 1111 3982 novembereig
1141 3909 1221 3982 negy
1247 3910 1344 3964 millio

51 4001 198 4072 l‘orintnyi
217 4001 287 4055 adot
306 4007 404 4055 vetett
422 4001 454 4054 ki
474 4018 507 4054 az
526 4001 664 4072 orsas-gra
683 4001 764 4054 azzal
784 4019 801 4054 a
820 4000 1032 4070 kiJ'elentessel,
1052 4001 1132 4071 hogy
1152 4017 1220 4054 nem
1239 4000 1343 4070 akarja

51 4089 262 4144 tllanddsltani
281 4109 315 4144 az
335 4091 412 4159 addt,
431 4091 468 4144 de
487 4091 674 4145 bizalommal
698 4091 782 4160 vtrja
810 4107 844 4143 az
871 4090 1027 4160 orszagtol,
1057 4089 1138 4160 hogy
1165 4105 1235 4142 nem
1262 4089 1343 4160 fogja

52 4179 111 4232 tole
130 4180 322 4250 megtagadni
342 4198 360 4232 a
378 4179 559 4250 szflksegest,
585 4180 624 4233 ha
643 4198 661 4233 a
679 4180 779 4251 kirtly
799 4180 938 4233 kdveteli.
958 4178 1141 4233 Nemsokara
1165 4178 1232 4248 ujra
1260 4179 1343 4234 kive-

52 4272 128 4321 tette
147 4285 164 4320 a
183 4268 282 4322 XVII.
301 4269 405 4322 scaaad
425 4269 569 4323 hetvenes
588 4268 713 4322 eveiben
732 4270 861 4340 annyira
879 4267 1067 4339 meggyllldlt
1085 4267 1205 4321 accistt.

58 4401 61 4408 .
160 4367 181 4395 ¹⁸
199 4361 227 4412 A
240 4358 467 4412 Kollonics-l'ele
486 4357 786 4429 Einrichtungswcrlr
807 4361 832 4412 is
852 4359 991 4426 elismeri,
1002 4357 1083 4428 hogy
1095 4375 1113 4410 a
1127 4356 1226 4410 XVII.
1239 4357 1342 4411 szazad

54 4445 249 4518 nyolczvanas
268 4447 392 4501 dveiben
412 4466 430 4500 a
449 4448 613 4518 katonastg
632 4449 695 4518 ugy
714 4448 788 4501 bant
809 4465 843 4501 az
870 4445 1034 4518 orsztggal,
1064 4445 1182 4500 mintha
1211 4444 1343 4516 ellenseg

53 4536 142 4606 toldje
162 4537 258 4591 volna,

161 4635 181 4664 ²⁴
201 4627 247 4680 Aa
264 4625 564 4696 Einrichtungswcrk
588 4624 700 4694 ajbulja
714 4643 730 4678 a
744 4624 919 4695 nyolczados
933 4623 1168 4695 torvanyszelrek
1181 4621 1343 4691 eltbrleset,
