3124 5216
1287 366 1352 429 747

56 563 206 628 Nostrae
230 565 369 649 Regiae,
386 573 489 648 atque
512 563 787 646 Benevolentiae,
803 585 870 647 qua
887 583 967 648 erga
993 561 1191 644 percharum
1206 561 1353 626 Gentem

56 671 223 735 Nostram
238 671 441 756 Hungarem
465 669 616 752 ferimur,
634 679 835 754 perpetuum
846 672 889 734 sit
907 671 1178 752 Monumentum,
1194 669 1353 753 Diploma

56 778 124 842 hoc
158 779 323 843 Nostrum
354 779 506 863 Regium
529 780 565 841 in
597 778 761 862 Dupplici
792 778 993 862 Exemplari
1016 778 1177 861 expedire
1201 776 1353 860 fecimuS,

56 908 206 971 quorum
238 907 345 949 unum
377 887 414 948 in
436 885 590 950 Archivo
622 885 745 968 Regni,
783 885 931 949 alterum
969 890 1084 948 autern
1126 885 1162 948 in
1200 883 1353 949 Archivo

57 992 177 1056 Fundi
200 992 402 1057 Studiorum
426 990 556 1076 publici
579 999 772 1075 reponatur,
800 991 1032 1056 Anthentioae
1055 1013 1138 1056 vero
1161 989 1287 1074 Copiae
1317 991 1354 1053 in

55 1099 223 1164 Archivis
256 1102 361 1164 etiam
393 1103 544 1184 quinque
576 1099 842 1164 Academiarum
869 1101 1068 1185 Regiarum,
1092 1107 1131 1163 ut
1157 1107 1235 1183 pote
1268 1098 1354 1182 Tyr-

57 1209 225 1290 naviensi,
257 1207 478 1289 Jauriniensi,
503 1206 726 1290 Oassoviensi,
758 1208 1103 1293 Magno-Varadiensi
1126 1219 1161 1270 et
1192 1204 1355 1290 Zagrabi-

56 1316 141 1396 ensi,
166 1315 378 1399 totidemque
406 1313 638 1378 Districtuum
667 1337 726 1398 pro
758 1314 909 1379 Aetema
941 1315 994 1379 Re
1025 1315 1190 1379 Memoria
1223 1335 1354 1378 conser-

56 1429 194 1484 ventur.
218 1421 260 1484 In
283 1443 427 1506 quorum
446 1418 557 1504 majus
580 1420 709 1504 Robur,
737 1430 1003 1507 perpetuamque
1026 1424 1247 1486 Firmitatem
1262 1419 1354 1483 idem

57 1527 219 1610 Diploma
236 1527 299 1592 hoc
315 1527 480 1592 Nostrum
502 1528 653 1613 Regium
677 1535 712 1592 et
736 1531 925 1612 respective
943 1529 1078 1593 Literas
1101 1526 1354 1607 DonationaleS,

58 1644 93 1697 et
127 1635 397 1700 Fundationales
430 1636 553 1700 Manus
593 1643 729 1702 nostrae
763 1635 1054 1722 Caesareo-Regia
1076 1634 1353 1718 subscriptione,

58 1743 256 1826 Secretique
280 1739 422 1825 Majoris
445 1741 561 1827 sigilli
584 1743 704 1806 Nostri
727 1743 841 1827 Regii,
857 1765 924 1827 quo
941 1751 980 1807 ut
1000 1743 1136 1828 Regina
1153 1742 1353 1826 Hungariae

54 1849 259 1932 Apostolica
291 1852 423 1914 utimur
446 1851 637 1914 Munimine
669 1848 854 1934 roboratae,
877 1851 1115 1932 extrudendaS,
1148 1857 1182 1913 et
1210 1849 1354 1912 clemen-

55 1965 113 2020 ter
151 1957 382 2021 concedendas
420 1979 491 2020 esse
524 1957 693 2022 duximus.
732 1957 861 2022 Datum
886 1979 946 2040 per
968 1957 1091 2022 Manus
1115 1962 1178 2020 ete.
1201 1955 1354 2018 Viennae

55 2065 230 2146 Austriae,
270 2064 324 2128 die
364 2065 539 2150 Vigesima
578 2065 706 2143 Quinta
740 2065 868 2129 Mensis
907 2065 1036 2146 Martii,
1073 2063 1176 2130 Anno
1209 2062 1354 2126 Momini

55 2171 252 2250 MillesimO,
285 2171 605 2255 septingentesimo
629 2171 879 2258 Octvagesimo,
917 2173 1116 2257 Regnorum
1149 2169 1353 2234 Nostrorum

53 2287 121 2342 ete.
145 2279 452 2342 Reverendissimis
478 2287 541 2343 etc.
