3144 5218
242 325 310 390 528

350 521 446 588 vm.
470 522 626 586 Eandem
658 533 774 587 autem
806 523 1000 608 generalem
1034 525 1130 608 regni
1155 523 1305 588 diaetam
1329 531 1368 586 nt
1392 545 1455 587 sua
1483 525 1535 589 ὃς.

242 628 278 694 Ο.
303 638 337 693 et
361 631 402 694 R.
427 627 587 711 majestas
610 631 703 694 intra
727 633 877 714 spatium
901 633 1083 714 trimestre,
1106 653 1126 694 a
1150 631 1205 694 die
1230 629 1322 696 finiti
1346 635 1535 714 praesentis

241 744 410 801 tractatus
433 748 468 802 et
492 737 811 802 commutandorum
835 738 1072 822 diplomatum,
1089 738 1216 804 sedatis
1233 736 1442 802 tumultibus
1461 761 1534 802 eum

243 846 394 926 principe
428 844 697 927 Transylvaniae
722 843 908 908 clementer
942 845 1166 930 promulgare,
1199 853 1234 908 et
1266 847 1339 908 sine
1379 845 1534 910 ulteriori

241 953 416 1034 dilatione,
429 976 489 1018 seu
506 951 688 1036 rejectione
706 957 754 1018 ita
771 955 936 1020 celebrari
954 955 1065 1020 facere
1084 955 1295 1040 dignabitur,
1311 962 1351 1020 ut
1366 955 1534 1034 omnibus

241 1061 283 1124 ad
313 1061 462 1124 diaetam
486 1063 593 1146 regni,
617 1063 715 1126 iuxta
747 1070 810 1126 art.
835 1063 861 1126 Ι.
895 1065 976 1126 anni
1011 1063 1106 1126 1608.
1140 1069 1215 1144 post
1248 1083 1359 1126 coron.
1392 1061 1534 1130 editum.

240 1169 356 1232 vocari
389 1166 509 1250 solitis,
542 1173 617 1230 tute
647 1167 775 1232 ibidem
800 1170 1020 1252 comparendi
1042 1177 1078 1233 et
1105 1169 1230 1254 agendi
1264 1175 1423 1252 potestas,
1460 1190 1534 1232 cum

241 1275 341 1338 solita
377 1273 421 1338 ab
459 1277 601 1358 antiqua
640 1274 801 1340 libertate
841 1277 974 1340 diaetae
1014 1275 1083 1340 fiat.
1117 1277 1159 1340 In
1191 1298 1258 1360 qua
1290 1278 1395 1338 etiam
1427 1279 1533 1339 ceteri

240 1379 387 1465 articuli,
412 1380 539 1446 bonum
563 1385 660 1467 regni
684 1391 935 1466 concernentes,
961 1383 1126 1448 hactenus
1150 1405 1217 1448 non
1234 1382 1419 1464 effectuati,
1437 1387 1532 1447 iuxta

240 1497 303 1552 art.
328 1489 379 1552 72.
402 1491 483 1552 anni
508 1488 603 1552 1638.
626 1489 766 1553 realiter
789 1490 1019 1554 effectuentur
1041 1497 1074 1554 et
1100 1489 1349 1556 observentur.8

347 1596 410 1660 IX.
435 1595 656 1681 Amnystiam
684 1598 879 1682 generalem
913 1598 1072 1663 omnibus
1105 1605 1140 1662 et
1173 1597 1318 1682 singulis
1351 1600 1534 1683 regnicolis

240 1724 298 1766 sna
316 1703 361 1767 M.
372 1703 429 1767 SS.
446 1707 542 1768 iuxta
560 1704 706 1770 formam
722 1709 913 1789 amnystiae
933 1708 1053 1788 prioris
1071 1705 1317 1789 pacificationis
1328 1706 1533 1770 Viennensis

239 1811 422 1874 concedere
446 1809 665 1894 dignabitur3
690 1813 739 1874 ita
762 1818 802 1873 ut
827 1815 931 1876 etiam
957 1811 1044 1876 bona
1068 1815 1227 1875 universa
1252 1821 1286 1874 et
1312 1815 1384 1875 iura
1406 1833 1532 1894 posses

239 1920 395 1999 sionaria,
428 1916 492 1980 sub
525 1917 579 1981 his
611 1917 860 1982 disturbiorum
894 1917 1114 2002 temporibus,
1139 1941 1198 2000 per
1221 1939 1317 1982 suam
1341 1919 1387 1981 M.
1412 1920 1472 1982 vel
1497 1921 1532 1984 D.

240 2023 429 2106 palatinum
459 2027 556 2109 regni
580 2025 635 2087 vel
660 2024 753 2108 elice,
786 2025 1056 2109 quibuscumque
1090 2025 1225 2104 donata,
1258 2024 1381 2088 collata
1414 2035 1450 2089 et
1489 2031 1534 2091 in-

239 2134 375 2213 scripta,
414 2133 470 2196 vel
509 2153 739 2217 <proscumque
778 2133 896 2196 fideles
935 2155 1014 2196 suae
1053 2130 1243 2215 majestatis
1276 2136 1398 2218 quovis
1432 2135 1534 2198 modo

238 2247 402 2320 occupata
418 2249 453 2304 et
469 2241 615 2322 ademta,
635 2241 806 2324 prioribus
831 2241 1077 2323 possessoribus
1100 2241 1155 2304 vel
1180 2263 1298 2305 eornm
1317 2241 1534 2309 haeredibus

238 2349 357 2409 statim
381 2355 415 2410 et
439 2347 576 2412 defucto
600 2350 823 2412 remittantur
847 2355 881 2410 et
906 2351 1151 2412 restituantur:
1175 2348 1335 2414 similiter
1359 2351 1469 2414 etiam
1495 2373 1533 2413 es

240 2462 334 2534 parte
359 2455 610 2538 regnicolarum
633 2455 901 2538 supplicantium
926 2455 1122 2538 reddantur,
1147 2465 1181 2520 et
1207 2478 1309 2540 super
1333 2453 1534 2538 hujusmodi

237 2564 408 2643 amnystia
434 2562 602 2643 peculiare
626 2562 793 2643 Diploma,
818 2561 849 2626 S.
874 2563 919 2626 M.
943 2561 1178 2626 Sacratissima
1202 2563 1386 2627 concedere
1410 2563 1535 2650 digna-

239 2664 340 2730 bitur.
368 2669 457 2731 »Nos
477 2671 592 2753 itaque
613 2673 837 2754 praescriptas
861 2673 1038 2734 universas
1061 2679 1096 2733 et
1121 2670 1273 2755 singulas
1298 2674 1535 2736 concessiones

237 2783 270 2834 et
304 2775 467 2839 articulos
490 2799 529 2840 ac
553 2780 665 2841 omnia
691 2786 724 2840 et
753 2778 888 2862 singula
922 2780 958 2840 in
992 2781 1039 2840 eis
1073 2785 1242 2858 contenta,
1277 2781 1390 2861 prouti
1425 2779 1533 2842 iidem

236 3000 389 3068 quioribus
415 3006 597 3074 temporibus
616 3007 744 3077 quilibet
762 3007 908 3060 nobilium
928 3008 963 3060 ad
983 3007 1153 3074 generalem
1173 3007 1259 3076 regni
1278 3004 1409 3058 diaetam
1429 3007 1534 3058 vocari

235 3089 349 3158 solitus,
378 3094 518 3146 restricta
546 3094 619 3147 haec
644 3095 707 3164 jam
736 3111 841 3148 vocum
868 3095 1026 3164 pluralitas
1054 3093 1264 3163 suffragiorum
1292 3092 1466 3146 libertatem
1491 3094 1533 3144 ita

235 3177 340 3231 tollere
354 3196 435 3249 posse
455 3199 513 3234 non
533 3183 680 3250 videatur,
700 3189 734 3235 ut
754 3188 906 3234 tantorum
926 3181 1070 3234 nobilium
1090 3181 1243 3252 suffragiis
1262 3197 1385 3250 persona
1405 3185 1533 3250 quaevis

237 3269 354 3335 privata
373 3272 593 3341 aequiparanda
612 3278 791 3326 censeretur.
811 3271 847 3323 ln
867 3272 1076 3324 convocatione
1095 3275 1196 3322 autem
1225 3275 1255 3322 et
1284 3269 1403 3322 vatibus
1433 3287 1533 3339 perso

235 3373 341 3409 narum
361 3359 630 3413 ecclesiasticarum
649 3378 703 3414 sua
722 3360 862 3429 majestas
882 3361 1110 3412 constitutiones
1138 3359 1224 3428 regni
1249 3358 1412 3411 clementer
1431 3359 1532 3413 obser-

235 3463 305 3498 vare
324 3447 507 3516 dignabitur.
527 3485 562 3492 —
581 3451 608 3502 A
627 3451 718 3502 nudor
737 3467 771 3502 az
793 3449 918 3503 luas-ili
937 3446 1186 3518 orsnaggytlle'sen
1206 3444 1372 3516 kamenyeu
1390 3445 1532 3500 kerholta

235 3534 265 3586 es
285 3536 457 3607 t'enyegette
476 3557 510 3590 az
530 3539 702 3594 ellenzeket.

344 3627 542 3680 ⁸l⁴¹erdinand
569 3629 638 3682 csak
669 3630 746 3681 utut.
775 3636 939 3696 augusztus
967 3628 1100 3681 eo-ikara
1129 3626 1214 3679 hirta
1242 3632 1322 3678 bssze
1350 3641 1384 3677 az
1412 3627 1532 3695 orszrig-

233 3715 363 3785 gyr'lle'st.
385 3717 506 3772 'rovum
526 3720 551 3770 is
570 3718 745 3788 elhalasztja
765 3735 798 3769 az
818 3717 1009 3785 bsszehiveist,
1039 3716 1077 3769 ha
1106 3734 1123 3768 a
1151 3714 1279 3785 kulugyi
1309 3713 1530 3784 bonyodalmak

233 3806 323 3857 miatt
343 3822 411 3859 uem
431 3808 538 3860 kellett
557 3807 645 3860 uolua
665 3809 797 3860 tar-tanin
817 3807 840 3858 I.
860 3806 999 3876 Rakdczy
1019 3805 1193 3876 Gyergytol.
1214 3807 1257 3856 Aa
1279 3804 1357 3856 1638.
1378 3804 1419 3856 7⁵2.
1441 3803 1529 3856 cziklr

236 3892 286 3964 lgy
309 3893 457 3964 hangzik:
746 3955 747 3958 Ἴ

342 3985 486 4055 Denique,
515 4004 607 4055 quum
638 3986 831 4038 manifestum
860 3986 909 4052 sit,
930 3984 1039 4036 multos
1068 3985 1211 4037 articulos
1239 3989 1269 4036 et
1298 3981 1529 4037 constitutiones

233 4075 327 4144 regni,
341 4075 378 4128 ab
392 4093 469 4128 atino
490 4078 566 4128 ltus.
580 4077 611 4128 in
631 4076 707 4128 serie
727 4075 888 4128 eorundem
907 4073 1103 4126 articulorum
1122 4079 1152 4126 et
1172 4072 1421 4126 constitutionum
1441 4071 1528 4138 regni

232 4164 407 4216 ‹liaetulium
428 4182 587 4234 cupressea,
607 4165 644 4218 ad
663 4163 824 4234 hocusque
839 4171 955 4233 tempus
970 4162 1177 4216 inetl'ectuatos
1190 4161 1334 4214 mansisse
1349 4175 1528 4229 manereque

233 4255 324 4306 etiam
352 4254 388 4306 de
418 4255 575 4324 praesenti,
602 4271 659 4306 non
679 4255 743 4306 sine
763 4253 889 4306 notabili
909 4252 1127 4322 regnicolarum
1147 4251 1318 4322 publicique
1338 4250 1408 4304 boni
1436 4247 1527 4300 detri-

234 4355 333 4397 mento
361 4353 451 4414 atque
473 4343 670 4413 praejmlici03
701 4343 765 4394 ideo
785 4348 935 4395 statutum
955 4350 1008 4402 est,
1031 4347 1063 4393 ut
1084 4341 1159 4394 tales
1179 4339 1367 4394 ineffectuati
1396 4333 1526 4389 articuli.

231 4449 332 4485 onmes
352 4439 382 4485 et
404 4433 517 4500 singuli
538 4433 622 4484 iuxta
651 4447 785 4483 normam
815 4431 1058 4500 exigentiamque
1088 4431 1227 4500 ipsorum,
1257 4445 1308 4498 per
1337 4426 1525 4496 majestatem

232 4539 315 4572 sitam
336 4524 382 4572 Sb'.
396 4523 460 4574 sine
480 4521 616 4572 ulteriori
636 4520 780 4572 dilatione
804 4537 855 4589 per
870 4536 925 4586 eos,
940 4537 1063 4588 quorum
1079 4520 1212 4586 interest,
1226 4517 1347 4572 effectui
1361 4511 1526 4582 mancipari

232 4619 260 4663 et
281 4611 440 4678 observari,
461 4611 622 4662 clementer
642 4609 866 4662 demumlentur.
