3182 5210
1284 385 1349 447 243

59 583 204 646 Ramnes
239 589 273 646 et
300 579 449 660 Nobiles,
475 601 659 664 eorumque
696 582 976 664 praedecessores.
1011 581 1220 664 temporibus
1254 583 1349 646 ‹livo-

58 713 129 752 rum
161 712 286 774 regum
326 691 526 770 praesertim
559 689 729 771 quondam
772 691 980 752 serenissimi
1015 692 1177 771 principis
1209 689 1350 753 Domini

58 797 221 861 Lodovici
245 799 346 880 regis,
371 794 480 858 felicis
505 795 659 858 recordii.
693 797 958 878 praedecessoris
992 799 1109 874 nostri,
1139 794 1220 858 freti
1254 795 1349 859 fuere

55 920 87 968 et·
108 907 233 986 gavisi.
258 906 416 987 inquam
441 901 597 984 plurimis
621 906 691 966 suis
714 903 870 968 articulis
895 904 1083 968 diminutas
1109 925 1179 966 esse
1204 906 1350 966 recitan-

5 1051 6 1054 =
55 1025 111 1090 tes.
145 1027 180 1075 et
216 1021 370 1075 nostram
403 1013 533 1094 regiam
557 1009 794 1092 Serenitatem,
820 1033 921 1093 super
953 1009 1195 1074 reformatione
1230 1011 1348 1074 Status

54 1122 137 1184 dicti
162 1121 264 1203 regni
288 1121 406 1198 nostri,
431 1117 587 1199 precibus
616 1139 654 1180 ac
689 1121 853 1182 instantia
888 1117 1141 1200 propulsantem
1177 1117 1349 1181 infrascri-

55 1236 126 1309 ptos
151 1225 328 1302 articulos
353 1232 387 1288 et
412 1228 447 1288 in
472 1227 520 1288 eis
545 1234 715 1290 contenta.
739 1229 865 1289 nostris
882 1226 992 1290 literis
1010 1228 1114 1288 inseri
1130 1233 1164 1288 et
1181 1225 1350 1290 conscribi

54 1333 173 1408 facere.
198 1332 397 1416 approbare.
422 1340 455 1396 et
489 1336 525 1395 in
557 1334 686 1396 eisdem
719 1334 761 1396 Se
796 1356 855 1416 per
887 1355 947 1396 nos
981 1332 1114 1396 illibata
1147 1336 1349 1415 conservari,

54 1441 248 1506 humillime
273 1440 518 1523 supplicarunt.
652 1429 657 1439 Χ

158 1549 301 1633 Nosque
327 1551 551 1632 promisimus.
576 1551 644 1611 imo
671 1551 900 1630 promittirnos
925 1548 1012 1611 bona
1044 1545 1120 1622 fide.
1144 1548 1236 1631 quod
1268 1552 1349 1612 arti-

51 1657 144 1720 culos
171 1655 264 1720 infra
291 1659 436 1737 scriptos
459 1664 575 1718 tenere
601 1666 633 1717 et
661 1655 800 1738 implere
825 1656 983 1718 volumus
1012 1663 1046 1718 et
1071 1655 1241 1718 debemus

158 1763 342 1826 Articulus
375 1762 400 1825 Ι.
434 1763 559 1838 Primo.
592 1763 683 1847 quod
716 1766 876 1847 antiquas
910 1763 1001 1846 leges
1027 1769 1062 1825 et
1087 1763 1349 1826 consuetrulines

52 1870 152 1952 hujus
178 1874 280 1955 regni
305 1879 339 1933 et
363 1869 540 1932 libertates
573 1870 824 1954 regnicolarum
847 1871 1154 1934 ecclesiasticorum
1178 1877 1213 1932 et
1236 1893 1350 1934 saecu-

54 1979 185 2042 larium.
218 1977 401 2041 cuiuslibet
436 1985 554 2042 status.
584 1978 625 2040 ad
662 1979 808 2060 priorem
840 1999 939 2042 suum
972 1979 1112 2041 modum
1144 1983 1179 2039 et
1212 1985 1349 2058 statum,

52 2099 222 2170 quantum
247 2082 387 2164 dejure
412 2093 446 2146 et
481 2095 558 2147 cur'n
591 2085 727 2168 honore,
761 2086 1012 2169 eorundemcpre
1045 2085 1283 2148 Praelatorum
1315 2097 1349 2149 et

51 2195 230 2257 Beronum
255 2215 294 2255 ac
318 2191 433 2273 Regni
457 2192 635 2256 Nobilium
660 2193 801 2256 consilio
827 2201 861 2256 et
887 2193 1016 2256 auxilio
1041 2214 1227 2274 possumus,
1251 2193 1350 2256 redu·

51 2324 175 2374 cenius,
201 2295 526 2382 redintegrabimus.
551 2299 821 2382 reformabimus,
845 2309 880 2363 et
914 2301 955 2362 de
985 2309 1118 2364 caetero
1152 2303 1188 2364 in
1221 2301 1350 2364 eisdem

52 2405 356 2472 manutenebimus
380 2419 415 2468 et
440 2408 726 2472 conservabimus.

158 2517 239 2578 Art.
254 2513 299 2577 II.
316 2515 565 2600 Iusupe1·quod
583 2519 676 2600 regia
693 2519 853 2598 maiestas
871 2515 1068 2580 Palatinum
1086 2519 1192 2598 regni⁷
1207 2517 1350 2597 antiqua

53 2623 303 2686 consuetudine
328 2625 434 2704 ipsius
460 2625 558 2706 regni
581 2625 784 2706 requirente,
808 2645 856 2703 eo,
880 2623 970 2706 quod
997 2623 1088 2685 idern
1113 2621 1292 2686 Palatinus
1308 2645 1349 2686 ex

55 2744 147 2811 parte
172 2728 428 2814 regnicolarum
461 2732 574 2812 regiae
608 2730 802 2810 Serenitati,
836 2741 870 2792 et
899 2753 940 2792 ex
967 2739 1062 2812 parte
1094 2731 1202 2811 ipsius
1235 2733 1349 2813 regiae

53 2839 260 2900 serenitatis
301 2835 492 2919 regnicolis.
535 2836 700 2898 iudicium
734 2844 768 2898 et
802 2839 972 2899 iustitiam
1011 2835 1122 2898 facere
1162 2844 1274 2918 potest
1315 2848 1349 2900 et

55 2953 200 3016 tenetur.
226 2965 268 3006 ex
292 2943 433 3006 consilio
458 2943 693 3008 Praelatorum
718 2967 756 3006 ac
781 2943 955 3007 Baronum
981 2951 1015 3005 et
1039 2946 1138 3027 regni
1162 2941 1350 3026 Nobilium,

55 3055 124 3133 pari
149 3051 335 3115 voluntate
358 3049 472 3133 eligat.

161 3159 239 3222 Art.
268 3157 332 3220 ΙΠ.
356 3157 454 3233 Quod
487 3161 579 3242 regia
603 3157 765 3242 Dignitas
792 3181 850 3240 pro
884 3161 1030 3222 tuitione
1061 3161 1160 3242 regni
1187 3166 1221 3222 et
1247 3159 1349 3222 confi-

4 3343 5 3346 *
53 3269 190 3329 ntorum
215 3267 323 3346 ipsius
347 3268 612 3345 conservatione,
645 3265 841 3329 hominibus
873 3269 942 3329 suis
972 3265 1274 3348 emmitnantihm,
1308 3267 1350 3329 de

54 3373 229 3456 stipendio
268 3371 401 3456 Regali.
435 3373 675 3456 dispositiones
709 3373 822 3456 faciat,
856 3378 913 3458 sic,
937 3375 1028 3458 quod
1063 3374 1252 3458 regnicolas
1285 3378 1351 3458 ipsi

55 3481 261 3564 stipendiati
284 3501 353 3543 non
380 3482 594 3563 praedentur.
628 3481 810 3549 Exercitus
844 3505 925 3546 vero
958 3481 1128 3566 generalis
1151 3483 1350 3564 Regnicolis

56 3590 198 3665 tamdiu,
233 3588 339 3652 donec
380 3586 579 3672 hujusmodi
618 3592 821 3673 stipendiati
854 3594 1106 3654 exercituantes
1145 3591 1350 3654 adversariis

56 3699 214 3760 resistere
233 3704 403 3777 poterunt,
423 3719 491 3760 non
515 3697 751 3780 proclametur.
779 3699 849 3763 Ubi
873 3705 989 3762 autem
1009 3701 1075 3781 ipsi
1099 3700 1350 3761 exercituantes

54 3804 247 3886 regnicolas
272 3805 427 3886 praedati
451 3805 599 3887 i'uerint;
628 3813 710 3869 tunc
745 3807 829 3870 tales
864 3810 1133 3889 prommcientur
1165 3807 1208 3870 ad
1242 3809 1351 3869 instar

54 3910 201 3975 aliorum
236 3919 449 3995 [latratorum
488 3923 627 3977 actuum
660 3919 951 3997 potentiariorum.
990 3915 1083 3978 Dum
1115 3937 1205 3996 verop
1238 3937 1351 3977 neces-
1415 3920 1418 3926 '

53 4021 156 4082 silete
182 4029 328 4104 urgente
361 4024 550 4084 exercitum
576 4023 771 4104 generalem
795 4023 1003 4104 proclamare
1036 4025 1238 4106 contigerit3
1269 4029 1349 4085 tunc

55 4126 187 4190 nobiles
213 4131 312 4211 regni
335 4129 425 4192 ultra
451 4137 559 4193 metas
587 4137 622 4193 et
651 4129 797 4194 confinia
821 4134 928 4214 regni.
952 4134 1066 4211 inviti,
1099 4154 1191 4196 more
1225 4133 1350 4192 exerci-

55 4243 80 4294 u
108 4236 232 4297 ,ntium
255 4255 325 4297 non
348 4235 526 4300 ducantur.
550 4239 693 4320 antiqua
717 4258 835 4299 eorum
858 4236 1018 4301 libertate
1047 4241 1251 4321 requirente.

161 4340 239 4404 Aa..
279 4340 338 4404 IV.
377 4341 559 4406 Novitates
588 4351 622 4406 et
655 4346 796 4407 nocivae
830 4345 1092 4408 consuetudines
1132 4345 1349 4408 introductae

55 4447 80 4508 al
108 4447 259 4511 >leantur
282 4455 317 4512 et
341 4449 572 4512 destruantur.
1056 4525 1058 4530 Ι

161 4554 238 4618 Art.
274 4555 313 4618 V.
346 4554 445 4638 Item,
478 4558 569 4640 quod
608 4557 811 4640 alienigenis
844 4569 879 4621 et
913 4557 1106 4621 forensibus
1144 4557 1349 4638 hominibus.

55 4682 80 4722 cr
116 4683 289 4748 ¹rscunque
313 4665 462 4727 nationis
487 4671 522 4726 et
546 4663 716 4749 linguagii
747 4668 907 4746 existant.
931 4663 1043 4729 officia
1080 4668 1116 4728 in
1149 4667 1221 4746 ipso
1246 4686 1351 4746 regno

1191 4784 1244 4839 16*
