3138 5212
214 339 283 402 454

215 539 394 622 utriusque
420 539 527 620 partis
552 537 690 602 castella
707 533 913 620 interjacent
936 545 972 601 et
995 539 1104 621 magis
1123 535 1328 602 solutionem
1343 535 1509 601 hactenus

216 648 391 710 consecuti
414 653 495 710 sunt
519 669 622 732 quam
645 646 761 730 aliqua
785 643 925 729 pacifica
949 647 1165 728 possessione.

322 752 373 816 De
395 751 522 836 quibus
547 757 788 818 controversiis
812 776 890 818 cum
914 752 958 818 ab
990 762 1136 838 utraque
1161 759 1256 836 parte
1277 747 1356 834 jura
1379 759 1415 816 et
1442 753 1510 835 pri-

215 860 344 946 vilegia
368 867 647 944 proponerentur,
663 869 778 927 orator
793 869 911 926 noster
935 861 1137 946 praedictus,
1161 882 1204 923 ne
1228 860 1304 945 quis
1328 859 1508 942 scrupulus

213 969 466 1054 relinqueretur
484 971 521 1032 in
546 976 727 1053 posterum,
751 992 793 1034 ex
817 991 884 1054 quo
909 967 998 1032 bella
1022 975 1056 1032 et
1080 967 1250 1032 tumultus
1267 968 1411 1031 excitari
1436 987 1510 1050 pos-

214 1078 294 1157 sint,
327 1077 458 1140 virtute
497 1076 651 1140 mandati
684 1077 802 1157 nostri,
840 1083 876 1138 et
916 1072 1093 1138 facultatis
1116 1095 1219 1158 quam
1251 1071 1304 1137 illi
1343 1073 1510 1154 dedimus,

214 1185 382 1248 redimere
415 1184 569 1248 decrevit
597 1184 759 1269 quicquid
790 1181 879 1267 juris
902 1191 938 1247 et
960 1181 1183 1247 authoritatis
1216 1202 1318 1264 super
1348 1202 1388 1244 ea
1420 1179 1510 1245 bona

215 1298 250 1355 et
275 1292 436 1373 dominia,
460 1313 546 1376 quae
571 1293 607 1354 in
630 1292 834 1374 supradiclis
867 1292 1072 1356 differentiis
1096 1289 1404 1374 complecterentur
1428 1312 1511 1377 quo-

216 1398 372 1461 vismodo
397 1397 576 1482 praetendi
601 1404 721 1480 posset,
745 1405 849 1482 atque
874 1419 934 1480 pro
949 1398 1164 1480 redemptiva
1188 1399 1348 1481 pensione
1371 1400 1510 1463 nomine

215 1508 489 1590 supradictorum
523 1505 699 1586 bonorum,
723 1527 809 1590 quae
833 1508 870 1569 in
893 1527 999 1590 regno
1018 1505 1192 1590 Ungariae
1211 1513 1291 1570 sunt
1315 1509 1391 1589 sita,
1407 1505 1510 1571 hone-

215 1623 307 1679 stum
330 1615 469 1700 aliquod
492 1623 529 1678 et
559 1613 778 1677 honorarium
795 1635 918 1677 munus
946 1612 1075 1678 obtulit
1090 1615 1273 1698 quotannis
1297 1615 1450 1678 dandum
1473 1617 1509 1677 in

215 1745 329 1787 mense
354 1724 482 1786 martis.

305 1829 412 1894 „Item
451 1829 540 1914 quod
581 1826 663 1890 haec
689 1848 753 1910 pax
792 1827 835 1892 ad
860 1829 1035 1913 integrum
1067 1830 1349 1913 quinquennium,
1388 1828 1431 1892 ab
1470 1850 1510 1892 eo

216 1939 272 2002 die
296 1957 362 2022 quo
396 1935 553 2000 conclusa
592 1943 644 1998 est
677 1936 916 2018 computando,
954 1934 1052 1999 firma
1076 1945 1111 2000 et
1148 1935 1237 2001 bona
1270 1939 1361 2000 inter
1392 1959 1511 2001 omnes

215 2044 300 2108 fines
323 2052 395 2107 tam
420 2041 568 2126 praefati
592 2040 661 2104 Ser.
686 2041 908 2124 Imperatoris
932 2042 1121 2106 'Parcarum
1144 2065 1247 2128 quam
1270 2051 1413 2125 nostros,
1438 2051 1510 2106 tem

215 2153 310 2232 mari,
334 2173 437 2235 quam
459 2157 560 2230 terra,
599 2154 634 2211 et
658 2149 749 2232 quod
781 2147 999 2233 intelligatur
1031 2171 1109 2213 cum
1141 2151 1320 2234 utriusque
1353 2157 1511 2213 nostrum

215 2256 334 2320 liberis
358 2254 562 2320 haeredibus
586 2256 702 2340 Regni
725 2263 760 2320 et
784 2259 970 2340 provinciis
994 2280 1053 2322 seu
1086 2259 1247 2322 dominiis
1270 2256 1511 2322 haereditariis

215 2387 317 2449 quam
340 2363 408 2428 alio
432 2366 568 2428 nomine
592 2364 756 2429 subiectis
779 2373 936 2448 suscepta
960 2373 995 2430 et
1027 2365 1248 2430 observanda.

322 2471 412 2536 Item
435 2479 475 2536 ut
498 2471 647 2540 latrones
670 2479 729 2561 qui
753 2479 915 2562 utrinque
931 2499 1031 2562 agros
1054 2477 1200 2541 aliorum
1216 2476 1359 2542 infestos
1376 2475 1512 2540 faciunt

214 2579 403 2644 latrociniis
427 2583 517 2646 siout
550 2589 631 2648 sunt
663 2583 859 2668 Haydones,
890 2583 1122 2666 Martholosci,
1145 2583 1273 2649 Usoolri
1297 2582 1340 2647 ab
1363 2590 1512 2669 utraque

216 2694 311 2771 parte
336 2689 548 2773 castigentur
570 2697 607 2754 et
630 2693 825 2774 puniantur.

526 2903 556 2968 2.
579 2899 641 2970 Aa
665 2899 842 2971 lasani
863 2899 1201 2973 bekeszerzodes.

323 3081 355 3152 E
374 3083 683 3184 bekeszeraddest
706 3087 896 3158 1562-ben
915 3087 1344 3183 Konstantinapolyban
1372 3087 1400 3159 Ι.
1420 3085 1511 3158 Fer·

215 3205 358 3279 dinand
388 3208 536 3296 kdvete,
555 3209 732 3281 Busbeck
762 3211 914 3282 kototte
933 3235 1021 3306 meg
1050 3237 1066 3284 s
1094 3212 1213 3284 kiildn
1242 3211 1357 3283 torol<
1377 3210 1512 3282 kdvet·

216 3329 282 3425 seg
309 3332 407 3404 vitto
435 3333 588 3420 Becsbe,
616 3333 681 3405 hol
701 3341 763 3406 uzt
791 3335 1009 3407 Ferdina'nd
1030 3336 1062 3407 is
1089 3335 1384 3432 megerdsitette.
1413 3334 1512 3406 Koz-

211 3456 294 3550 jogi
317 3457 551 3553 jelentdsdge
580 3461 705 3531 abban
735 3460 794 3549 tll,
822 3463 924 3556 hogy
953 3461 1095 3554 Erdely
1123 3461 1380 3535 kiildndllaisdt
1410 3485 1513 3532 suen-

216 3581 395 3654 t-ssitette.
423 3582 526 3656 Most
555 3585 697 3658 eldszdr
724 3587 907 3676 tortenik,
935 3587 1037 3682 hogy
1066 3613 1088 3658 a
1117 3588 1264 3662 szultdn
1293 3613 1335 3659 az
1365 3585 1511 3678 erdelyi

215 3706 410 3800 fejedelem
439 3711 606 3783 nevdben
635 3713 666 3784 is
695 3713 779 3784 koti
817 3738 839 3784 a
867 3713 992 3803 beke't,
1030 3712 1118 3808 meg
1145 3713 1260 3810 pedig
1288 3709 1513 3804 olylorrnan,

215 3829 317 3926 hogy
346 3857 368 3904 a
397 3835 713 3931 tulajdonke'peni
741 3837 883 3931 Erde‘ly
911 3838 1048 3911 kerde's
1082 3839 1143 3910 ala
1171 3863 1248 3911 sem
1273 3839 1392 3932 johet,
1421 3859 1512 3906 arra

215 3955 434 4031 Fordindnd
463 3962 593 4032 sommi
628 3962 761 4056 igenyt
789 3987 876 4034 nem
904 3964 1145 4036 tamaszthat.
1182 3963 1372 4056 Erdelyen
1400 3958 1511 4031 kiviil

215 4107 237 4153 a
266 4107 440 4154 szorosan
468 4093 552 4157 vett
581 4086 930 4183 Magyarorszdgon
959 4090 1185 4161 tamasztott
1212 4090 1413 4161 kdlcsdnds
1436 4086 1512 4157 bir-

214 4207 493 4301 tokigdnyekre
532 4236 553 4282 a
592 4213 739 4284 szultan
777 4213 1039 4286 Perdindndot
1076 4215 1114 4286 ds
1153 4213 1273 4286 Janos
1301 4211 1508 4308 Zsigmond

215 4331 358 4424 erdelyi
387 4333 602 4426 fejedelmet
630 4337 750 4408 kiildn
780 4338 1031 4412 alkudozzlsra
1059 4339 1274 4412 utasltotta.

324 4457 358 4529 A
389 4459 653 4554 bdkeokmdny
691 4464 834 4535 eredeti
869 4464 1059 4558 pdlddnya
1096 4464 1267 4537 Becsben
1296 4489 1317 4536 a
1346 4463 1510 4536 csdszari

214 4578 253 4650 es
292 4582 433 4676 kinilyi
470 4584 709 4657 leveltdrban
746 4610 829 4658 van.
869 4590 906 4660 A
943 4588 1162 4661 Ferdindnd
1196 4588 1290 4661 altal
1318 4588 1511 4662 kidllitott
