3182 5208
198 345 243 410 42

198 539 255 604 καί
277 533 347 604 α”πό
371 537 428 622 μὲν
462 545 521 604 τοῦ
557 536 755 627 Δανάπρεως
788 545 940 621 ποταμοῦ
963 534 1057 626 μέχρι
1087 539 1286 627 Χερσώνοςι
1310 536 1374 605 εἰσι
1397 538 1494 624 μίλια

201 645 241 711 τ’.
265 639 299 711 ἐν
324 636 369 730 τῷ
392 643 482 733 μέσῳ
508 645 543 713 δὲ
566 644 680 730 λίμναι
711 649 769 713 καί
802 643 927 732 λιμένες
959 643 1052 730 εἰσίν,
1077 644 1112 712 ἐν
1135 639 1191 722 αἶς
1216 647 1426 735 Χερσωνῖται
1452 644 1493 715 τό

198 752 282 830 άλας
305 751 516 839 ἐργάζονται.
540 752 608 820 άπὸ
633 753 668 821 δὲ
688 754 881 844 Χερσῶντος
904 752 994 844 μέχρι
1011 754 1189 843 Βοσπόρου
1212 747 1275 820 εἶσί
1297 750 1338 819 τά
1362 753 1494 842 κάστρα

200 867 264 928 τῶν
286 859 521 946 κλιμάτων,τὸ
548 862 582 929 δὲ
605 861 774 944 διάστημα
796 861 892 947 μίλια
918 861 958 929 τ’.
982 863 1039 930 καί
1062 859 1131 929 άπδ
1154 861 1352 950 Βοσπόρου*
1377 858 1416 928 τό
1435 871 1495 944 τῆς

200 967 393 1046 ,Μαιώτιδος
416 968 529 1052 λίμνης
551 971 692 1056 στόμιόν
717 967 817 1055 ἐστιν,
839 969 910 1051 ἥτις
932 971 990 1037 καί
1013 973 1180 1037 θάλασσα
1204 967 1262 1036 διά
1288 966 1326 1037 τὸ
1349 967 1493 1055 μέγεθος

198 1077 287 1165 παρὰ
310 1081 445 1144 πάντων
478 1074 674 1162 όνομάζετα.
709 1075 752 1156 είς
785 1079 820 1144 δὲ
855 1077 914 1160 τὴν
946 1077 1056 1158 αὐτόν
1089 1079 1272 1146 Μαιώτιδα
1305 1079 1494 1145 θάλασσαν

197 1185 356 1275 ελσρέονσι
395 1187 542 1272 ποταμοί
579 1187 698 1254 πολλοί
734 1189 791 1254 καί
824 1189 974 1270 μεγάλοι.
1009 1183 1091 1278 πρός
1130 1185 1169 1252 τό
1202 1186 1353 1276 άρκτῶον
1387 1183 1494 1266 αὐτῆς

197 1293 292 1384 μέρος
315 1289 333 1364 ὁ
359 1296 532 1384 Δάναπρις
564 1293 781 1379 ποταμός,ε’ξ
814 1286 855 1360 ὅν
887 1298 944 1362 καί
977 1293 1009 1362 σί
1029 1293 1110 1371 Ῥώς
1133 1293 1329 1382 διέρχονται
1354 1291 1432 1383 πρὸς
1458 1291 1493 1358 τί

200 1398 260 1481 τὴν
282 1399 411 1491 μαόρην
444 1399 662 1490 Βονλγαρίαν
695 1402 751 1468 καί
778 1399 958 1492 Χαζοιρίαν
990 1403 1049 1468 καί
1082 1400 1241 1492 Σηρίαν,8
1273 1398 1295 1469 δ’
1326 1399 1362 1467 δὲ
1385 1397 1494 1477 αὐτός

198 1507 318 1585 κόλπος
343 1515 400 1590 τῆς
424 1507 617 1584 Μαιώτιδος
640 1502 768 1596 ἔρχεται
790 1506 930 1598 άντικρύ
956 1515 1020 1575 τῶν
1054 1506 1270 1598 Νεκροπόλων
1300 1513 1365 1573 τῶν
1389 1503 1495 1574 όντων

199 1613 339 1694 πλησίον
363 1607 422 1683 τοῦ
441 1619 639 1704 Δανάπρεως
663 1624 815 1701 ποταμοῦ
840 1613 882 1694 ὡς
904 1613 972 1684 άπό
990 1617 1104 1702 μιλίων
1127 1616 1170 1681 δ’.
1196 1616 1253 1682 καί
1275 1611 1440 1699 μίσγεται,
1461 1613 1494 1680 ἐν

200 1715 306 1813 ᾧκαί
337 1720 463 1792 σοάδαν
495 1723 526 1790 σί
558 1725 695 1790 παλαιοί
728 1729 940 1810 ποιησάμενοι
973 1723 1173 1811 διεβίβασαν
1207 1721 1266 1804 τόν
1295 1721 1494 1807 θάλασσαν,

197 1829 296 1916 μέσον
319 1829 574 1908 ἀποκλείσαντες
605 1837 717 1898 πᾶσαν
750 1840 811 1914 τῆν
842 1833 1016 1922 Χερσώνος
1047 1839 1110 1916 γῆν
1142 1831 1201 1897 καί
1234 1837 1300 1896 τῶν
1326 1829 1495 1914 κλιμάτων

198 1943 254 2008 καί
280 1940 339 2022 τίην
364 1940 544 2032 Βοσπόρου
568 1949 630 2026 γῆν
653 1949 845 2028 κρατοῦσαν
867 1941 964 2032 μέχρι
988 1939 1020 2006 α’
1044 1939 1185 2027 μιλίων4
1209 1931 1227 2022 ἢ
1251 1941 1309 2006 καί
1332 1937 1512 2028 πλειόνων,

201 2055 309 2116 τινών·
341 2047 375 2114 ἐκ
411 2049 445 2116 δὲ
480 2041 543 2115 τῶν
576 2052 704 2116 πολλῶν
735 2047 819 2115 ἐτῶν
851 2049 1054 2130 κατεχώσθη
1080 2042 1098 2128 ίη
1122 2046 1211 2129 αότίη
1239 2047 1348 2114 σοόδα
1370 2047 1426 2113 καί
1450 2045 1495 2123 είς

199 2159 301 2234 δάσος
323 2151 451 2241 ἐγένετο
475 2156 569 2222 πολό.
602 2158 659 2224 καί
683 2155 742 2224 οὐκ
762 2157 846 2224 είσίν
873 2153 907 2223 ἓν
939 2155 1036 2246 αὐτῷ
1068 2153 1151 2238 πλίην
1183 2155 1242 2222 δύο
1275 2151 1358 2240 ὁδοί,
1383 2153 1417 2222 ἐν
1440 2146 1496 2230 αἶς

198 2264 230 2332 σί
260 2265 515 2345 Πατζινακῑται
547 2263 736 2354 διέρχονται
768 2264 848 2355 πρός
882 2289 916 2331 τε
941 2267 1105 2354 Χερσώνα
1136 2265 1194 2331 καί
1226 2262 1405 2351 Βόσπορον
1435 2263 1496 2328 καί

201 2370 242 2438 τά
267 2372 424 2457 κλίματα.
448 2369 493 2448 εἷς
515 2372 550 2438 δὲ
575 2376 613 2438 τό
636 2371 924 2460 άνατολικώτερον
946 2371 1041 2461 μέρος
1074 2379 1132 2454 τῆς
1158 2373 1356 2447 Μαιώτιδος
1379 2368 1495 2456 λίμνης

199 2479 409 2566 εἰσέρχονται
434 2478 553 2545 πολλοί
576 2503 662 2555 τινες
685 2479 843 2566 ποταμοί,
876 2479 896 2546 ό
920 2505 953 2546 τε
982 2481 1109 2556 Τάναϊς
1133 2483 1292 2564 ποταμός,
1318 2476 1336 2545 ὁ
1359 2473 1427 2544 α’πδ
1455 2475 1494 2544 τί

199 2586 344 2675 κάστρον
369 2586 498 2676 Σάρκελ
521 2584 701 2674 ἐρχόμενος,
723 2587 782 2654 καί
806 2585 845 2654 τό
872 2585 1083 2675 Χωροίιιοολ,ὕ
1116 2585 1150 2653 ἐν
1175 2577 1201 2675 ᾧ
1222 2585 1280 2653 καί
1309 2582 1347 2650 τό
1371 2581 1493 2672 βερζὴ-

201 2701 316 2762 τικονθ
339 2693 518 2777 άλιεόεται,
543 2694 606 2760 είσί
631 2693 664 2760 δὲ
686 2695 743 2761 καί
766 2693 871 2784 ἕτεροι
895 2695 1052 2780 ποταμοί,
1068 2693 1086 2761 ὁ
1104 2692 1194 2779 Βάλ,
1207 2696 1265 2762 καί
1288 2693 1307 2761 ὁ
1334 2691 1495 2781 Βονρλίκ,

200 2802 218 2870 ὸ
244 2801 363 2890 Χαδηρ
386 2802 445 2868 καί
467 2797 565 2867 όίλλοι
589 2803 739 2868 πλεῖστοι
763 2801 920 2886 ποταμοί.

687 2997 918 3069 Κεφάλαιον
946 2998 1000 3053 κοτ’.

541 3131 573 3190 A
606 3125 816 3192 οεόεπότί
850 3123 1155 3210 diszhaj6r6l.

310 3329 350 3338 -
379 3282 430 3350 Τά
456 3283 490 3351 δὲ
512 3281 746 3368 αόχουστιακά
770 3281 921 3372 άχραρία
942 3281 1061 3360 καθώς
1093 3283 1297 3374 προείρηται,
1325 3282 1494 3373 ἐπεκράτει

200 3392 218 3461 ὃ
245 3401 303 3473 τῆς
328 3391 487 3482 τραπέζης
512 3399 569 3472 τῆς
593 3389 805 3477 Ἀυχούστης,
828 3389 911 3477 μετά
938 3391 1096 3458 τοῦτοδὲ
1121 3393 1325 3480 προεβάλετο
1350 3392 1498 3478 ὸβασι-·

200 3499 272 3577 λεύς
299 3503 359 3569 τόν
384 3525 419 3566 τε
444 3498 636 3586 Ποδάρωνα
667 3499 725 3564 καί
759 3497 819 3566 τόν
855 3499 990 3565 Λέοντα
1024 3497 1084 3566 τόν
1106 3498 1262 3588 Ἁρμένην
1303 3524 1492 3590 τοποτηρη-

204 3607 261 3684 τάς
295 3616 355 3675 τοῦ
396 3607 576 3693 βασιλικοῦ
615 3609 773 3690 πλωίμοο·
813 3609 1095 3696 πρωτοκαροίβονς
1137 3607 1173 3676 δὲ
1216 3617 1275 3676 τοῦ
1312 3607 1495 3698 δρομωνίου

200 3715 309 3784 αὐτοῦ
342 3715 545 3804 προεβάλετο
580 3713 638 3782 τόν
672 3713 811 3796 Μιχαὴλ
843 3713 966 3781 ἐκεῖνον
999 3711 1060 3781 τόν
1093 3715 1244 3804 γέροντα,
1281 3715 1495 3806 πρωτελάτην

311 3939 318 3966 ¹
338 3934 365 3985 A
384 3930 445 3984 mai
464 3929 663 4001 Sebasztopol,
683 3949 701 3984 a
720 3929 786 4001 rbgi
804 3935 899 4001 g6r6g
917 3931 1095 4001 gyarmatok
1114 3931 1240 3999 fflholye.

310 4020 442 4076 ’Κετοα

309 4109 478 4165 ⁸Nehezen
498 4109 610 4180 helyas.
630 4108 726 4164 Talhn
741 4108 855 4164 Zichia.

308 4209 319 4237 ⁴
338 4201 365 4254 A
383 4199 525 4271 perekopi
543 4215 650 4254 szoros.

309 4291 364 4344 Ἀ
383 4290 490 4343 Donon
510 4288 556 4342 t1'11
574 4289 642 4343 18νὸ
660 4289 779 4360 τὀλμόλιι
799 4307 817 4343 a
836 4289 894 4358 Sal,
915 4308 933 4343 a
953 4289 1076 4357 Manios,
1095 4307 1113 4344 a
1133 4289 1201 4344 Jeia
1221 4290 1252 4344 ἑε
1271 4307 1289 4344 ο
1308 4289 1428 4344 Kuban.

309 4380 406 4450 ‘Egy
425 4379 529 4450 halfaj,
550 4379 661 4450 melyet
680 4377 854 4433 besbzottan
882 4379 982 4434 vittek
1011 4379 1338 4452 Konstantinfipolyba.
1368 4378 1494 4434 Latinul

201 4468 396 4524 Oxianusnak
427 4469 580 4538 neveztkk,
608 4474 686 4524 mort
714 4487 750 4524 ατ
778 4469 920 4524 Oxusban
939 4468 964 4524 is
983 4467 1120 4523 talaltfik.
1147 4469 1359 4524 Βενλείιτλλείιτ
1386 4487 1405 4523 ε.
1433 4469 1495 4523 σελ-

201 4558 280 4612 εκίιτὶ
310 4558 406 4612 udvar
434 4556 557 4626 τόεκὸτο,
589 4558 667 4612 τοῖον
695 4557 802 4612 Konst.
832 4557 869 4612 de
897 4559 996 4614 nerim.
1025 4558 1122 4612 aulae.
1144 4557 1440 4632 464.lap0nem11ti,
1461 4576 1496 4612 az

200 4647 355 4702 asztalnok
375 4653 485 4704 moster
505 4646 707 4703 (domesticusN
728 4647 901 4702 εεκλεὸτὸλτε.

507 4703 512 4715 Χ
698 4706 703 4718 r
