3138 5212
1281 363 1346 428 413

67 583 142 642 pene
165 581 281 624 omnes
300 561 336 622 in
360 581 395 623 se
419 562 611 643 accipiunt,
635 560 802 644 MarysuS,
821 560 988 644 Aranyas,
1013 559 1154 645 Ompay,
1174 559 1348 633 Sabesum,

64 667 276 732 Ohiehulium
300 665 472 750 majorem,
495 670 670 748 minorem,
694 665 803 750 major
826 667 951 732 Alutae
974 670 1117 752 nigram,
1148 675 1188 732 ut
1211 668 1347 748 dicitur,

64 778 212 858 aquam,⁸
237 775 449 858 Vargiscum,
465 774 722 856 Hemerodium,
745 775 913 856 Burtiam,
929 777 988 860 qui
1006 775 1223 840 Brassoviam
1238 775 1348 856 alluit,

63 905 98 946 ac
120 882 304 963 Oibinium,
328 904 348 944 a
371 903 438 966 quo
463 879 541 944 urbi
564 882 716 945 inditum
739 901 872 962 nomen,
896 887 931 944 ot
955 880 1156 966 Sargetiam,
1179 881 1348 957 thesaure,

64 989 219 1054 Decebali
243 989 413 1054 Dacorum
436 991 527 1073 regis
551 998 586 1053 et
619 989 894 1072 Zarmisegetusa
917 987 1001 1052 olim
1024 986 1097 1071 ejus
1124 992 1226 1074 regia,
1258 1011 1349 1052 nunc

65 1096 195 1177 l'arhel,
214 1097 250 1160 id
267 1104 328 1176 est,
345 1098 432 1160 arcis
449 1096 542 1159 locus
559 1103 765 1178 nuncupata,
782 1097 1033 1160 notissimum.⁹
1050 1096 1203 1180 Uterque
1220 1103 1350 1159 torren-

64 1216 109 1266 tes
133 1207 338 1284 innumeros,
358 1225 442 1288 quos
466 1225 526 1268 sua
551 1226 719 1288 quemque
744 1202 844 1266 vallis
869 1205 1008 1266 emittit.
1031 1203 1190 1286 Aranyas
1213 1223 1349 1266 cursum

63 1310 290 1395 navigabilem
313 1310 357 1374 ab
381 1312 506 1394 oppido
530 1311 676 1392 Thorda,
701 1313 760 1373 vix
784 1319 932 1394 quatuor
955 1309 1155 1374 milliarium
1188 1309 1349 1394 hungari·

62 1440 173 1482 corum
197 1417 309 1488 habet.
333 1419 376 1482 ad
401 1418 595 1502 Marysum;
620 1417 782 1482 Zamosus
806 1417 916 1480 multo
944 1417 1134 1501 longiorem
1157 1416 1200 1480 ab
1224 1417 1350 1500 oppido

63 1525 144 1588 Dees
168 1525 211 1588 ad
236 1525 411 1590 Tibiscum
435 1547 551 1610 usque,
575 1533 758 1610 utrumque
783 1524 901 1588 salinis
934 1525 1073 1604 clarum,
1097 1547 1139 1588 erc
1163 1524 1288 1610 illoque
1313 1528 1349 1588 in

63 1632 234 1716 Marysum
256 1633 414 1716 Aranyas
438 1631 553 1714 fluviO,
577 1635 612 1696 in
637 1631 813 1695 Tibiscum
836 1631 977 1694 Zamoso
994 1632 1230 1714 pervehuntur
1254 1633 1349 1714 sulca,

63 1741 152 1822 isque
178 1739 378 1805 Bistricium
402 1743 540 1822 excipit.
565 1741 694 1804 Piscosi
718 1740 858 1824 quidem
891 1761 1015 1818 omnes,
1039 1749 1073 1804 et
1103 1744 1214 1804 arenis
1238 1743 1349 1803 aureis

63 1845 216 1910 celebres

165 1953 269 2016 Natio
293 1955 384 2016 enim
408 1953 534 2036 triplex
560 1954 697 2018 incolit:
722 1952 838 2031 Siculi,
862 1953 1031 2036 Hungari,
1048 1955 1206 2034 Saxones,
1230 1950 1350 2034 adjun-

62 2081 135 2140 gam
160 2069 277 2122 tamen
300 2068 334 2122 et
359 2060 536 2142 Valaehos,
552 2063 611 2145 qui
635 2059 825 2146 quamlibet
848 2060 970 2124 harum
995 2058 1094 2124 facile
1111 2061 1349 2142 magnitudine

62 2176 214 2252 aequant,
247 2190 366 2232 verum
390 2169 484 2233 nulla
508 2170 577 2233 illis
609 2170 759 2250 libertae,
791 2171 885 2234 nulla
918 2169 1087 2250 nobilitas,
1110 2167 1243 2232 nullum
1276 2190 1350 2250 pro-

64 2279 173 2356 prium
192 2272 259 2358 jus,
294 2285 530 2361 praeterquam
559 2281 674 2361 paucis
699 2279 896 2342 districtum
920 2277 1080 2342 Hazak¹⁰
1112 2273 1349 2350 incolentibus

64 2405 126 2464 quo
138 2385 233 2466 regia
244 2382 406 2448 Decebali
417 2385 569 2449 creditur
584 2389 749 2466 extitisse,
760 2389 819 2470 qui
836 2395 987 2468 tempore
1004 2385 1027 2450 J
1029 2387 1147 2448 oannis
1163 2383 1349 2466 Huuyady,

62 2491 137 2554 inde
162 2491 309 2555 oriundi.
343 2490 569 2572 nobilitatem,
593 2494 682 2578 quod
717 2515 850 2575 semper
874 2501 991 2555 contra
1020 2491 1148 2554 Turcas
1182 2494 1349 2574 pugnanti

61 2612 194 2663 strenue
219 2598 401 2680 affuerunt,
426 2600 541 2682 adepti
566 2609 655 2664 sunt.
672 2602 807 2666 Caeteri
830 2599 940 2682 plebei
964 2621 1089 2678 ornnes,
1106 2599 1350 2682 Huugarorum

62 2706 177 2779 coloni,
202 2716 237 2771 et
262 2711 334 2772 sine
369 2711 513 2791 propriis
538 2709 684 2789 sedibus,
710 2711 768 2774 sed
793 2712 900 2792 sparsi
934 2709 1013 2772 hinc
1038 2709 1117 2772 inde
1147 2729 1206 2790 per
1238 2715 1350 2770 totum

61 2835 210 2898 regnum,
235 2818 303 2878 rari
328 2817 514 2897 inopertis
539 2817 621 2880 locis
645 2817 784 2898 incolae,
801 2815 975 2880 montibus
999 2839 1036 2878 ac
1062 2815 1179 2897 sylvis,
1205 2813 1350 2896 plerum-

62 2943 122 3003 que
147 2941 226 2986 cum
249 2944 310 2986 suo
335 2944 453 3005 pecore
478 2927 607 3006 pariter
629 2923 749 2994 abditi,
774 2923 910 2987 sordide
934 2925 1042 2986 vitam
1067 2923 1205 2986 ducunt.

167 3029 300 3094 Siculos
324 3039 440 3094 autem
467 3031 672 3095 Hunnorum
697 3053 804 3112 genus
838 3053 909 3092 esse
934 3051 1032 3093 nemo
1056 3028 1211 3112 ambigit.
1246 3029 1350 3112 Origo

62 3137 209 3218 ipsorum
244 3136 322 3200 talis
347 3147 416 3201 est:
449 3137 596 3202 habetur
620 3141 656 3200 iu
688 3138 933 3221 Hungarorum
966 3136 1143 3214 chronioiS,
1167 3137 1257 3219 quod
1291 3158 1349 3198 rex

62 3243 179 3322 Attila,
204 3265 311 3328 quum
334 3247 403 3308 iam
426 3247 523 3308 annis
550 3246 614 3308 125
638 3246 894 3326 supervixisset,
919 3243 1099 3328 plusquam
1123 3243 1191 3306 LX
1224 3241 1349 3305 liberos

62 3350 244 3434 reliquerat
286 3354 378 3414 inter
409 3372 502 3434 quos,
535 3352 619 3414 dum
651 3373 804 3434 proceres
838 3351 931 3427 duce,
964 3348 1118 3412 Chabam
1151 3349 1282 3412 scilicet
1315 3360 1349 3412 et

61 3455 269 3540 Aladarium,
302 3466 485 3542 utrumque
510 3465 585 3522 turn
609 3461 731 3522 aetatis
756 3460 966 3538 maturiores,
990 3465 1065 3520 tum
1090 3459 1220 3520 virtute
1244 3459 1350 3519 animi

61 3567 310 3650 severitateque
358 3568 492 3648 parenti
516 3587 583 3628 uon
608 3566 799 3644 dissimiles,
824 3569 965 3629 caeteris
990 3567 1253 3648 praestantiores
1279 3586 1349 3625 esse

63 3668 276 3749 iudicassent,
300 3664 569 3755 statuissentque
592 3671 739 3735 alterum
756 3675 887 3752 meritc,
911 3675 970 3756 qui
996 3673 1085 3754 patri
1110 3673 1145 3733 in
1170 3671 1350 3756 imperium

62 3779 265 3859 succederet,
297 3786 415 3842 exorta
449 3787 500 3842 est
523 3781 614 3842 inter
638 3801 693 3843 eos.
733 3780 916 3844 vehemens
949 3781 1082 3860 sediti0,
1106 3777 1196 3862 quod
1230 3785 1351 3839 neuter

61 3883 217 3948 alterutri
241 3883 379 3948 volebat
404 3885 530 3948 cedere.
555 3885 652 3966 Nam,
677 3884 804 3966 Ohaba,
832 3885 985 3948 Honorio
1015 3887 1222 3950 Graecorum
1246 3887 1350 3965 impe-

63 4001 180 4072 ratore,
214 3987 311 4072 cujus
344 3997 417 4053 erat
441 4014 482 4054 ex
507 4013 619 4055 sorore
645 4013 756 4074 nepos
796 4000 830 4054 et
864 3990 990 4074 majore
1015 3994 1221 4056 Hunnorum
1255 4003 1349 4074 parte

63 4097 235 4162 nitebatur
273 4098 315 4161 ad
341 4098 549 4178 dominium;
581 4099 765 4162 Aladarius
804 4121 871 4162 non
900 4099 1018 4162 multis
1051 4100 1197 4180 Hunnis,
1230 4122 1350 4162 verum

62 4205 148 4286 quod
173 4203 363 4268 Alemanna
381 4214 488 4269 matre
508 4215 596 4269 esset
622 4209 829 4288 progenitus,
846 4229 969 4288 magno
994 4229 1133 4270 numero
1158 4209 1350 4288 principum

167 4377 330 4432 arelaten
367 4397 381 4431 ·.

167 4469 223 4520 ’A
243 4397 370 4538 Sztriggpi,
399 4485 468 4520 nem
496 4469 574 4522 mint
594 4469 770 4522 Verancsics
796 4469 965 4523 tevedesbdl
986 4470 1051 4539 lrja,
1070 4488 1104 4523 az
1124 4469 1221 4536 Oltba,
1242 4469 1350 4522 hanem

63 4572 78 4606 a
97 4555 233 4611 Marosba
252 4557 369 4611 szakad.

169 4657 189 4684 ¹⁰
208 4646 349 4716 Hatsreg.
