3192 5214
209 343 252 408 76

207 539 316 626 regali
339 539 484 606 oonoilio
507 539 684 604 decretum
707 545 767 622 est,
799 545 839 604 ut
863 541 892 604 si
915 541 993 625 quis
1016 537 1104 604 liber
1135 537 1345 610 connubium
1377 537 1505 603 ancille

207 647 358 730 alterius,
390 649 519 712 sciente
551 647 690 712 domino
722 645 855 731 ancille,
886 645 1038 732 elegerit,
1071 645 1205 730 perdite
1237 643 1409 710 libertatis
1440 665 1503 712 sue

207 755 379 820 industria
397 763 580 838 perpetuus
603 752 777 820 efficiatur
798 775 925 820 servus.

315 862 437 928 XXX.
461 858 514 928 De
537 858 595 927 lu‘s
618 859 680 948 qui
702 863 807 926 extra
831 879 983 948 regnum
1006 879 1092 926 suus
1112 855 1260 948 fugiunt
1285 877 1425 926 uxores.
1450 860 1502 926 Ut

205 992 315 1056 genus
334 972 517 1055 'utriusque
541 991 643 1034 sexus
666 977 759 1035 certa
787 969 863 1056 lege
894 977 930 1034 et
961 970 1090 1056 absque
1127 971 1264 1034 iniuriis
1295 975 1431 1033 moneat
1464 977 1503 1032 et

206 1082 334 1165 vigeat,
358 1081 394 1144 in
416 1079 481 1144 hoo
504 1069 613 1165 regali
636 1080 774 1144 decreto
797 1085 969 1143 statutum
992 1086 1053 1162 est,
1076 1085 1116 1143 ut
1132 1079 1162 1142 si
1178 1077 1255 1162 quis
1274 1078 1501 1159 protervitate

207 1188 362 1271 preditus
393 1195 533 1272 propter
551 1186 878 1254 *abhominationem
904 1187 1021 1252 uxoris
1049 1188 1195 1269 patriam
1218 1183 1390 1271 effugerit,
1413 1205 1503 1249 uxor

205 1302 331 1360 cunata
353 1315 420 1380 que
443 1297 481 1360 in
504 1301 673 1378 potestate
696 1297 814 1360 mariti
836 1293 1060 1377 habebantur,
1085 1294 1266 1378 possideat,
1298 1293 1382 1386 dum
1413 1292 1501 1356 velit

205 1409 386 1486 expectare
408 1405 532 1486 virum,
555 1409 591 1468 et
614 1423 713 1468 nemo
737 1405 775 1467 in
805 1402 901 1466 aliud
932 1403 1132 1488 coniugium
1164 1421 1284 1486 eogere
1318 1406 1501 1483 presumat,

206 1516 242 1573 et
265 1511 295 1574 si
317 1517 438 1593 sponte
462 1509 590 1576 nubere
614 1509 710 1592 velit,
733 1509 836 1574 liceat
854 1511 1001 1592 sumptis
1017 1508 1085 1574 sibi
1107 1510 1268 1595 eongruis
1282 1509 1501 1574 vestimentis

205 1623 242 1680 et
265 1617 415 1682 dimissis
438 1619 561 1682 ceteris
586 1615 683 1682 bonis
706 1617 749 1681 ad
774 1615 983 1681 oonnubium
1007 1618 1065 1698 ire,
1088 1622 1124 1680 et
1148 1617 1179 1680 si
1201 1617 1257 1680 vir
1284 1614 1348 1680 hoe
1379 1615 1501 1680 audito

206 1722 357 1806 redierit,
381 1745 424 1788 ne
447 1722 550 1788 liceat
573 1721 641 1788 sibi
663 1723 767 1788 aliam
782 1723 906 1788 ducere
923 1729 1037 1806 preter
1052 1743 1158 1805 suam,
1180 1723 1251 1792 nisi
1264 1739 1344 1786 oum
1359 1720 1500 1788 lieentia

206 1830 395 1913 episeopi⁸⁶.

314 1937 453 2002 XXXI.
478 1933 530 2002 De
549 1932 650 2022 surio
674 1935 877 2003 mulierum.
902 1938 991 2004 Cum
1014 1940 1125 2024 igitur
1143 1941 1276 2003 eunetis
1290 1937 1499 2002 horrendum

205 2053 242 2109 et
265 2043 424 2110 omnibus
455 2029 710 2112 abhominabile
743 2048 798 2129 sit,
836 2044 973 2112 virilem
1005 2068 1126 2114 sexum
1158 2054 1333 2136 repertum
1364 2043 1500 2110 furtum

206 2150 336 2236 fecisse,
359 2159 395 2216 et
418 2155 529 2238 magis
552 2155 729 2238 magisque
753 2175 872 2218 sexum
900 2151 1097 2238 femineum,
1128 2155 1317 2219 seeundum
1348 2153 1500 2240 regalem

205 2267 364 2325 senatum
387 2260 564 2325 decretum
587 2268 648 2344 est,
671 2268 711 2325 ut
735 2263 765 2326 si
787 2260 902 2346 aliqua
925 2260 1050 2326 mulier
1072 2262 1234 2326 maritata
1258 2258 1392 2326 furtum
1409 2282 1500 2326 oom-

205 2369 348 2451 miserit,
371 2369 568 2432 amarito⁸l
585 2369 782 2452 redimetur,
805 2375 841 2434 et
865 2371 895 2433 si
918 2369 1066 2434 seeundo
1089 2369 1233 2434 eandem
1256 2367 1392 2451 eulpam
1414 2371 1499 2434 inei-

205 2475 305 2557 derit,
328 2475 490 2539 similiter
512 2475 709 2558 redimetur,
733 2479 762 2540 si
785 2497 867 2542 vero
890 2479 1007 2560 tercio,
1030 2477 1258 2542 venundetur.

317 2583 475 2650 XXXII.
499 2579 552 2648 De
576 2581 747 2649 incendiis
771 2581 1014 2649 mansionum.
1040 2584 1176 2670 Siquis
1205 2605 1265 2666 per
1296 2584 1499 2649 inimicicias

205 2689 347 2755 alterius
370 2690 505 2756 edificia
528 2693 609 2777 igne
632 2695 844 2776 oremaverit,
868 2693 1091 2775 decrevimus,
1114 2699 1154 2756 ut
1178 2698 1213 2756 et
1236 2690 1371 2756 edificia
1384 2683 1386 2690 ’
1401 2694 1499 2756 resti-

205 2804 291 2882 tuat,
330 2805 365 2862 et
403 2799 567 2884 quioquid
602 2797 825 2881 supellectilis
863 2821 978 2864 arsum
1013 2797 1129 2881 fuerit,
1161 2805 1197 2862 et
1229 2790 1369 2880 insuper
1400 2798 1498 2863 XVI.

204 2906 376 2989 iuvencos,
400 2907 459 2991 qui
484 2905 602 2970 valent
626 2905 702 2971 XL.
726 2906 859 2972 solidos.

314 3011 490 3078 XXXIH.
513 3009 567 3078 De
590 3010 721 3100 strigis.
747 3013 784 3078 Si
806 3036 876 3099 qua
897 3015 1006 3098 striga
1022 3015 1164 3079 inventa
1180 3011 1295 3095 fuerit,
1311 3013 1500 3078 secundum

204 3120 402 3186 iudicialem
417 3121 529 3208 legem
545 3123 691 3186 dueatur
714 3123 756 3187 ad
780 3122 967 3204 eeclesiam,
990 3129 1026 3186 et
1049 3121 1307 3186 commendetur
1329 3121 1500 3186 secerdoti

204 3228 248 3291 ad
272 3227 504 3311 ieiunandum,
527 3225 697 3314 fidemque
722 3228 918 3311 docendam,
943 3235 1018 3312 post
1042 3229 1209 3293 ieiunium
1234 3221 1340 3314 lvere
1359 3227 1499 3293 domum

205 3334 331 3416 redeat,
355 3335 385 3397 si
416 3335 565 3398 seeundo
597 3337 635 3399 in
666 3337 786 3400 eodem
818 3336 961 3399 erimine
994 3337 1199 3418 invenietur,
1233 3335 1337 3400 simili
1370 3337 1499 3400 ieiunio

205 3438 403 3524 subiciatur,
428 3447 503 3522 post
527 3443 694 3506 ieiunium
721 3463 802 3506 vero
826 3443 863 3506 in
887 3441 1027 3506 modum
1051 3444 1160 3508 erucis
1183 3444 1221 3506 in
1244 3450 1379 3525 pectore
1402 3447 1438 3507 et
1461 3445 1499 3507 in

205 3545 328 3631 fronte,
354 3554 458 3632 atque
490 3549 583 3612 inter
613 3549 768 3632 scapulas
799 3550 937 3614 incensa
970 3549 1065 3614 clave
1097 3549 1326 3615 ecclesiastica
1358 3549 1498 3614 domum

204 3655 330 3720 redeat.
355 3654 392 3719 Si
414 3676 496 3720 vero
520 3657 635 3740 tercio,
659 3656 831 3722 iudicibus
854 3657 1052 3722 tradatur.⁸⁸

312 3761 485 3828 XXXIV.
518 3759 571 3827 De
603 3759 820 3846 malefici8.³⁰
846 3763 896 3830 Ut
929 3771 1084 3829 ereatura
1108 3764 1164 3828 dei
1187 3763 1231 3829 ab
1254 3766 1348 3828 omni
1366 3763 1497 3828 lesione

205 3867 435 3954 malignorum
457 3877 597 3953 remota,
620 3879 655 3935 et
679 3893 699 3934 a
722 3870 817 3935 nullo
841 3871 1089 3936 detrimentum
1113 3874 1167 3936 sui
1191 3893 1329 3955 passura
1352 3879 1498 3954 maneat,

204 3977 272 4039 nisi
303 3997 323 4040 a
356 3977 428 4060 dee,
451 3998 470 4040 a
493 3997 561 4062 quo
588 3983 624 4041 et
646 3983 899 4062 augmentatur,
932 3980 1120 4044 secundum
1152 3979 1328 4044 decretum
1359 3987 1498 4044 senatus

204 4085 389 4148 statuimus
429 4086 546 4169 magni
584 4087 779 4154 cautionem
816 4086 956 4149 terroris
989 4085 1150 4152 veneficis
1181 4109 1222 4151 ao
1253 4084 1425 4168 maleficis,
1457 4095 1496 4151 ut

204 4189 299 4254 nulla
333 4212 474 4273 persona
504 4191 671 4257 maleficio
702 4213 907 4278 quemquem
936 4192 1115 4260 hominum
1137 4193 1337 4260 subvertere
1360 4215 1380 4258 a
1403 4201 1498 4258 statu

204 4300 330 4362 mentis
353 4307 413 4363 aut
437 4298 628 4365 interficere
652 4301 786 4364 audeat.
809 4299 876 4364 Ast
904 4302 933 4366 si
965 4304 1042 4387 quis
1075 4301 1131 4366 vel
1163 4323 1228 4388 que
1262 4300 1402 4384 posthac
1433 4301 1497 4366 hoc

258 4553 281 4583 ⁸·
301 4543 371 4617 syn.
390 4545 473 4616 Strig
493 4547 535 4600 52.
962 4555 984 4584 ..
1003 4546 1108 4602 ussus
1127 4547 1150 4600 1.
1170 4548 1212 4602 aa
1242 4545 1374 4602 namin
1401 4545 1425 4600 1.
1454 4547 1497 4600 57.

259 4643 282 4673 n
301 4633 406 4690 hasne
425 4635 482 4688 111.
502 4636 581 4690 e-r.
960 4644 983 4674 ι·
1001 4635 1186 4708 Megrentdr.
