3182 5210
1327 355 1390 420 189

95 557 146 622 lus
170 557 327 622 iudicum
360 564 474 640 preter
506 577 684 638 personam
707 563 867 620 nostram
903 558 1010 639 possit
1048 555 1208 636 iudicare,
1241 563 1277 617 et
1299 554 1390 639 quod

96 665 211 730 nullus
242 665 397 730 iudicum
429 665 760 749 archiepiscoporum
791 665 827 727 in
852 663 935 728 foris
959 685 1018 727 sen
1041 662 1136 727 villis
1160 661 1391 746 predictorum

94 771 441 856 Archiepiscoporum
481 771 613 838 nobiles
651 775 750 858 regni
790 774 900 836 nostri
933 779 969 834 et
1010 771 1152 854 populos
1174 771 1177 850 Ι
1198 769 1392 850 eonmdem,

97 881 204 963 possit
227 879 389 962 iudicare,
411 880 566 962 hospites
588 882 696 944 eciam
729 878 914 944 liberarum
947 877 1117 960 villarum,
1146 879 1237 962 regis
1260 877 1391 942 scilicet

95 995 131 1050 et
155 989 284 1070 regine,
304 985 436 1050 nobiles
459 987 558 1072 regni
580 989 691 1050 nostri
714 1007 784 1052 non
808 988 939 1070 possint
961 987 1122 1050 iudicare.

205 1093 257 1157 16.
279 1093 594 1178 Impignoraoiones
617 1115 718 1176 super
740 1101 958 1158 transeuntes
990 1092 1179 1156 incolarum
1212 1095 1310 1176 regni
1334 1113 1393 1155 no-

95 1203 168 1274 stri,
194 1203 331 1284 penitus
353 1200 512 1265 nolumus
535 1207 570 1264 et
594 1199 738 1264 fecimus
761 1199 898 1264 aboleri.

207 1308 266 1390 17.
280 1306 371 1372 Item
395 1309 508 1371 omnic
531 1306 672 1382 tributa,
705 1315 858 1390 ternpore
891 1307 1044 1372 Ladislai
1078 1309 1167 1390 regis
1200 1305 1394 1381 11011011-
1435 1367 1437 1376 χ

94 1417 177 1479 nino
206 1419 430 1497 extirpentur.
944 1399 947 1414 ⁸

207 1525 258 1588 18.
283 1523 451 1588 Volumus
470 1523 474 1604 l
497 1526 614 1603 eciem,
637 1523 728 1607 quod
762 1525 798 1586 in
830 1523 914 1587 locis
937 1525 1159 1607 antiquorum
1184 1519 1392 1586 tributorum

95 1631 216 1716 populi
238 1629 407 1694 nobilium
431 1639 466 1694 et
489 1629 707 1694 ecclesiarum
741 1629 873 1694 tribute
905 1651 989 1694 non·
1008 1629 1212 1712 persolvent,
1236 1627 1296 1694 sed
1319 1636 1394 1693 tan-

96 1738 276 1803 tummodo
306 1742 511 1802 mercatores
534 1738 577 1802 de
599 1737 677 1802 aliis
715 1741 831 1823 regnis
862 1739 906 1802 ad
939 1737 1007 1802 1111
1039 1756 1145 1823 regne
1168 1744 1393 1802 transeuntes.

208 1846 259 1910 19.
284 1846 444 1908 Preterea
468 1850 581 1909 turres
605 1848 677 1910 sive
702 1855 813 1910 011111
836 1867 938 1928 super
960 1846 1111 1910 ecclesiis
1135 1843 1302 1924 edificata,
1333 1855 1393 1906 eut

94 1953 181 2018 locis
205 1951 283 2015 aliis
308 1973 368 2033 pro
390 1959 595 2016 nocumento
619 1961 832 2017 constructas
856 1955 993 2036 penitus
1015 1952 1216 2018 evellentur.

1 2135 2 2150 3
206 2061 260 2124 20.
283 2059 373 2122 Item
390 2061 622 2141 possessionen.
642 2057 716 2124 fora
740 2069 775 2124 et
790 2067 901 2125 castra
921 2077 1200 2146 quorumcunque
1221 2061 1224 2139 l
1249 2081 1307 2142 per
1322 2063 1394 2123 vio-

1 2249 2 2252 *
94 2169 209 2234 lentos
233 2168 429 2232 detentores
452 2165 606 2231 indebite
630 2175 793 2250 occupate
817 2170 1045 2232 restituentur
1068 2175 1103 2231 et
1127 2167 1324 2232 reddantur.

208 2275 548 2340 21.Ι1111111111111
573 2275 714 2360 frugum
737 2277 923 2340 secundum
957 2277 1093 2340 decreta
1117 2283 1313 2340 sanctorum
1344 2298 1394 2338 re-

1 2367 2 2418 l
93 2405 181 2468 gum
204 2381 338 2448 solvere
366 2389 558 2465 teneantur,
581 2384 631 2446 ita
664 2383 836 2466 videlicet,
868 2385 958 2469 quod
992 2383 1139 2468 quilibet
1171 2380 1298 2446 nobilis
1320 2383 1393 2445 sive

1 2483 2 2560 Ὗ
95 2491 188 2557 Saxo
212 2491 256 2556 de
278 2511 420 2554 numero
443 2487 621 2572 nobilium,
645 2492 687 2554 de
710 2489 866 2574 quolibet
889 2500 1004 2555 aratro
1023 2513 1129 2554 unum
1154 2489 1316 2553 sertorem
1334 2511 1394 2572 pro

1 2583 2 2598 ¹
94 2599 241 2664 decimis
265 2597 387 2680 solvat,
411 2597 529 2680 populi
552 2604 668 2662 eutem
701 2601 853 2682 ipsorum
884 2598 1053 2663 nobilium
1086 2608 1121 2661 et
1155 2597 1327 2662 Saxonum
1351 2598 1394 2660 de

1 2727 2 2743 ¹
95 2707 247 2792 singilis
270 2707 439 2789 capeciisl
462 2705 599 2770 solvant
618 2729 725 2772 unum
746 2707 885 2791 pondus,
910 2715 944 2772 et
963 2708 1152 2771 decimator
1174 2727 1244 2769 non
1268 2727 1327 2787 per
1350 2727 1393 2774 se,

1 2874 2 2902 q
96 2816 158 2880 sed
182 2835 263 2880 cum
285 2813 424 2878 homine
450 2814 653 2895 parochialis
677 2818 813 2880 comitis
841 2816 955 2880 dicere
979 2815 1112 2894 debeat,
1136 2835 1242 2898 usque
1266 2811 1394 2875 festum

96 2923 130 2988 S.
155 2921 304 2986 Martini
328 2941 430 3002 super
452 2921 645 2986 iuramento
670 2921 871 3004 populorum
895 2921 1064 2986 nobilium
1087 2922 1158 3003 ipse
1174 2920 1304 2983 decime
1322 2939 1395 3000 per-

96 3028 291 3109 solvantur,
316 3034 392 3109 post
415 3028 529 3108 ipsum
552 3035 667 3092 eutem
691 3028 819 3092 festum
843 3027 1004 3092 credatur
1035 3029 1282 3091 decimatorem
1305 3026 1395 3086 iure-

97 3143 227 3218 mento,
250 3136 337 3198 item
361 3132 491 3197 decime
514 3135 590 3198 vini
613 3137 651 3198 in
675 3141 863 3218 autumpno
886 3138 924 3199 in
947 3137 1058 3217 specie
1081 3125 1292 3215 recipientur
1316 3153 1394 3194 oum

97 3251 224 3325 musto,
242 3244 272 3305 si
288 3262 370 3304 vero
386 3247 522 3324 tempus
542 3244 625 3307 novi
639 3243 715 3306 vini
730 3245 802 3307 sive
819 3245 926 3306 musti
941 3245 977 3306 in
994 3243 1163 3327 exigendo
1186 3237 1394 3318 distulerint,

95 3351 324 3429 existimem,
348 3349 423 3412 sive
443 3350 595 3431 precium
618 3349 773 3414 solvatur
797 3371 856 3432 pro
880 3357 1002 3414 musto.

208 3457 261 3520 22.
284 3455 386 3539 Item,
419 3455 642 3540 privilegium
665 3458 754 3542 quod
789 3479 868 3521 curn
891 3457 986 3522 bulla
1019 3479 1121 3522 auree
1154 3458 1393 3540 consignatum

97 3563 217 3646 fuerit,
251 3585 270 3626 a
303 3562 508 3627 cancellario
532 3564 650 3628 decem
682 3568 805 3629 marcis
841 3568 977 3650 argenti
1017 3564 1139 3629 redimi
1177 3563 1309 3644 debeat,
1333 3569 1394 3624 aut

1 3675 2 3718 l
96 3693 215 3738 marca
247 3673 386 3750 111111
416 3691 499 3735 1110
538 3671 602 3736 sub
642 3673 805 3755 pendenti
838 3671 952 3758 sigillo
985 3694 1081 3737 cereo
1114 3670 1229 3754 fuerit,
1262 3691 1282 3732 a
1305 3671 1396 3734 1101-

1 3779 2 3784 ’
96 3779 441 3844 11111111110111101
465 3782 602 3863 argenti
622 3781 624 3858 l
647 3787 683 3843 et
706 3802 726 3842 a
753 3783 887 3844 notario
912 3779 1044 3844 fertone
1068 3781 1265 3844 redimetur.

211 3887 273 3950 23.-

1 4069 2 4074 Ὶ
210 3995 262 4057 24.
363 3995 527 4059 videlicet
562 3996 763 4079 populorum
794 3996 1023 4061 iudicabimus
1058 3998 1176 4059 ordine
1215 3991 1395 4056 iudiciario

1 4085 2 4090 ¹
96 4123 220 4178 causes
244 4101 463 4186 litigencium
487 4112 737 4188 cognoscentes.

210 4209 264 4272 25.
286 4208 377 4272 Item
400 4211 437 4272 in
456 4209 611 4292 quolibet
634 4231 724 4274 anno
748 4211 852 4275 semel
876 4233 991 4276 omnes
1014 4212 1165 4276 Berones
1198 4215 1233 4272 et
1264 4205 1397 4270 nobiles

98 4317 201 4402 regni
223 4318 335 4380 nostri
357 4315 485 4380 Albam
508 4316 551 4379 ad
576 4320 881 4402 congregacionem
905 4317 1052 4382 debeant
1076 4320 1329 4382 convenire...
1354 4313 1396 4376 de

1 4493 2 4504 χ
97 4429 198 4487 statu
220 4427 320 4508 regni
342 4431 379 4487 et
401 4425 614 4508 inquirentes
653 4424 822 4489 defectis
853 4427 1036 4505 Beronum,
1069 4425 1218 4510 qualiter
1250 4418 1396 4507 quilibet

97 4531 256 4613 ipsorum
278 4532 316 4594 in
339 4533 410 4595 suis
433 4529 655 4596 comitatibus
687 4537 912 4615 processerint
944 4542 980 4597 et
1011 4533 1290 4601 conservaverint
1321 4529 1397 4591 iuro

98 4639 210 4722 regni
234 4643 270 4700 et
294 4637 481 4702 secundum
503 4659 565 4703 sue
588 4641 710 4702 merita
736 4643 863 4722 premia
887 4650 922 4704 et
950 4642 1116 4705 demerito
1139 4640 1196 4705 vel
1219 4636 1397 4702 commissa
