3144 5218
244 389 310 453 534

244 581 426 649 Articulas
461 579 555 648 XIII.
589 581 642 648 De
665 579 805 648 restitui
828 580 1018 668 promIssis
1054 579 1221 670 Templis,
1254 581 1347 649 sicut
1378 587 1412 648 et
1446 582 1548 664 aliis,

244 709 334 777 quae
349 689 416 756 sab
440 687 700 756 disturbiorum
721 688 951 777 temporibus,
968 693 1032 755 aut
1044 694 1128 777 post
1146 693 1319 778 occupata
1337 694 1370 756 et
1385 690 1547 758 necdum

714 797 878 862 restilata
897 794 1056 883 fuissent

351 943 507 1007 Restitui
531 942 695 1024 promissa
719 941 857 1023 templa,
882 943 971 1004 sicut
995 948 1030 1003 et
1054 941 1130 1025 alia,
1154 964 1241 1028 quae
1265 943 1329 1008 sub
1354 945 1551 1011 disturbio

244 1073 321 1115 rum
344 1049 566 1134 temporibus
586 1055 647 1112 aut
663 1055 739 1132 post
755 1055 919 1131 occupata
936 1057 970 1112 et
986 1071 1049 1112 nec
1065 1049 1108 1112 ad
1125 1071 1293 1132 praesens,
1309 1051 1352 1114 ad
1369 1050 1551 1118 binariam

245 1163 351 1224 etiam
375 1181 456 1222 suae
481 1155 672 1241 majestatis
696 1159 976 1240 commissionem,
1000 1158 1209 1244 evangelicis
1232 1165 1344 1222 essent
1368 1163 1553 1239 restituta,

244 1267 303 1332 vel
320 1273 396 1350 post
412 1269 668 1330 restitutionem
684 1268 809 1329 iterum
826 1273 999 1348 occupata,
1016 1287 1083 1329 una
1100 1287 1178 1329 cum
1202 1265 1335 1350 scholis,
1359 1268 1553 1354 parochiiS,

246 1373 344 1439 bonis
369 1383 404 1439 et
429 1375 653 1459 proventibus
677 1373 871 1456 eorundem,
895 1376 984 1436 sicut
1008 1383 1043 1437 et
1060 1373 1197 1438 illorum
1213 1375 1430 1459 templorum,
1456 1401 1554 1463 quae

245 1487 351 1548 etiam
374 1484 539 1547 hactenus
563 1505 642 1566 prae
667 1481 825 1546 manibus
853 1482 1130 1568 evangelicorum
1162 1482 1380 1567 haberentur,
1404 1507 1554 1570 quoquo

245 1591 345 1655 modo
376 1597 582 1675 nuncupata,
611 1612 670 1674 per
694 1591 942 1653 commissarios
974 1592 1153 1676 utriusque
1186 1591 1372 1676 religionis,
1405 1595 1554 1679 aequali

244 1720 395 1782 numera,
418 1721 436 1762 e
460 1697 573 1762 medio
600 1695 860 1782 regnicolarum,
884 1697 926 1759 ad
952 1696 987 1760 id
1012 1696 1075 1760 sub
1099 1701 1270 1780 praesenti
1293 1699 1405 1763 adhue
1427 1700 1552 1767 diaeta

245 1809 445 1889 quantotius
468 1804 708 1885 exmittendos,
731 1805 998 1867 restituantur.¹⁴

247 2004 427 2074 articulus
440 2005 530 2075 XIV.
541 2006 593 2073 De
606 2027 723 2094 poena
741 2004 961 2092 Eorum,an
980 2003 1138 2093 Templa,
1155 2003 1368 2087 Paroclriaa
1379 2005 1554 2090 Scholus,

245 2117 277 2179 et
300 2113 499 2181 Proventus
524 2113 786 2202 occupaverint,
802 2117 835 2179 ct
859 2112 933 2179 alia
957 2117 1093 2179 statuta
1118 2112 1155 2178 r'n
1180 2113 1320 2201 nepotr'o
1344 2113 1554 2203 Religionis

430 2221 641 2290 violaverint
665 2242 709 2289 uc
732 2221 775 2288 de
799 2220 907 2289 modo
930 2219 1160 2288 Eaecutr'onis
1185 2221 1354 2310 ejusdem.

353 2368 471 2445 Quoad
489 2389 640 2452 poenam,
659 2371 863 2454 quicunque,
880 2370 952 2431 sive
969 2369 1038 2430 sint
1062 2367 1320 2452 ecclesiasticae,
1336 2371 1409 2432 sive
1429 2391 1557 2435 saecu·

245 2473 327 2538 laris
344 2475 536 2560 dignitatis
552 2475 594 2537 de
611 2482 743 2538 coetero
768 2473 904 2556 templa,
929 2472 1115 2556 parochias,
1138 2473 1270 2538 scholas
1293 2481 1328 2537 et
1352 2485 1557 2556 proventus

246 2581 410 2666 bonaque,
434 2583 477 2646 ad
502 2582 637 2646 easdem
661 2584 877 2666 pertinentia,
901 2602 1074 2664 occupare,
1098 2602 1339 2663 campanarum
1371 2591 1406 2646 et
1434 2585 1558 2667 sepul-

246 2695 343 2752 turae
367 2711 431 2752 usu
453 2696 564 2753 status
588 2689 645 2753 vel
669 2687 802 2772 plebem
827 2690 962 2770 privare
986 2691 1152 2771 comperti
1176 2687 1324 2772 fuerint,
1351 2701 1414 2754 aut
1452 2715 1557 2775 prae-

247 2799 373 2879 scripta
397 2797 534 2880 templa,
558 2819 626 2861 una
649 2818 726 2860 cum
748 2795 924 2878 parochiis
941 2795 1065 2858 scholis
1083 2794 1246 2881 bonisque
1263 2805 1298 2860 et
1316 2800 1558 2880 proventibus

246 2904 431 2968 eorundem
455 2926 524 2968 non
547 2906 781 2984 restituerint,
806 2903 946 2986 locaque
970 2925 1030 2965 seu
1054 2900 1179 2966 fundos
1203 2903 1343 2968 idoneos
1371 2928 1412 2969 ao
1450 2911 1557 2974 suffi-

246 3067 304 3121 ven
323 3087 357 3122 az
378 3069 502 3122 1647-iki
526 3071 566 3123 11.
583 3068 613 3122 es
628 3071 668 3122 1‘2.
689 3068 814 3121 czikkek
833 3066 998 3136 tartalmtat,
1019 3069 1071 3138 igy
1090 3067 1249 3139 folytatja:
1268 3069 1379 3124 multos
1398 3074 1559 3140 parochos

246 3157 407 3212 catholicos
427 3161 536 3229 passim
556 3161 588 3212 in
608 3159 712 3228 Regno
732 3157 873 3227 majorem
893 3156 1047 3228 hucusque
1075 3157 1309 3231 Sustentationis
1328 3158 1404 3212 Suae
1428 3174 1555 3231 partem

245 3247 366 3299 nonnisi
379 3247 417 3300 ab
430 3249 557 3300 istorum
576 3247 729 3300 Solutione
749 3246 896 3314 habuisse,
916 3251 947 3298 et
965 3247 1121 3316 accepisse.
1142 3246 1186 3299 Ne
1206 3248 1301 3317 igitur
1320 3245 1356 3300 ob
1376 3249 1480 3304 talem
1503 3269 1558 3322 pro

246 3338 478 3406 conservatione,
493 3337 735 3407 Tranquillitate,
756 3341 786 3388 et
805 3351 876 3405 paca
896 3335 986 3404 hujus
1006 3336 1105 3407 Regni
1124 3337 1236 3392 factam
1255 3339 1461 3393 necessariam
1484 3360 1557 3396 con·

245 3427 408 3478 cessionem
427 3427 559 3479 notabile
578 3426 721 3478 damnum
741 3425 843 3479 Status
862 3424 1089 3480 Ecclesiasticus
1112 3433 1266 3498 pateretur
1280 3469 1285 3480 .
1300 3467 1326 3481 ..
1349 3430 1557 3488 instituimus

245 3532 279 3567 aa
298 3515 511 3582 ordinavimus,
531 3522 566 3568 ut
584 3516 724 3585 deinceps
743 3531 780 3567 ex
809 3513 949 3567 Camerae
977 3521 1096 3569 nostrae
1125 3518 1317 3588 Hungaricae
1339 3517 1556 3576 Proventibus

246 3606 406 3674 quotannis
425 3622 477 3674 pro
496 3605 640 3675 ejusmodi
659 3603 809 3672 Perochis,
829 3619 989 3672 eorumque
1007 3606 1238 3660 necessitatibus
1258 3605 1461 3665 sublevandis
1481 3629 1555 3683 pen-

245 3691 357 3745 dantur
379 3692 585 3747 infallibiliter
604 3701 635 3747 et
648 3699 729 3748 certo
748 3692 826 3745 Flor.
846 3708 899 3744 sex
917 3692 1009 3760 mille,
1023 3693 1173 3765 iidemque
1192 3695 1330 3749 manibus
1348 3697 1452 3752 Archi
1473 3700 1552 3771 Eppi

246 3781 468 3851 strigoniensis,
488 3799 540 3852 pro
559 3787 690 3853 tempore
710 3785 869 3837 existentis
888 3784 1088 3852 assignentur.

355 3870 473 3938 (armon
492 3850 574 3924 rinos
593 3871 631 3924 n.
651 3873 753 3925 muna.
774 3873 923 3926 ira-114.
944 3871 974 3924 n.
995 3869 1026 3924 ss
1045 3871 1201 3942 suggero<
1219 3875 1244 3926 a.
1264 3873 1296 3944 l.)

357 3969 376 3995 ¹⁴
396 3958 436 4010 ΕΖ
450 3977 467 4012 a
480 3959 566 4012 czikk
579 3977 596 4012 a
611 3962 790 4031 templomok
810 3979 877 4014 arra
897 3979 914 4013 a
934 3961 1114 4030 esoportjara
1133 3963 1321 4030 vonatkozik‚
1335 3963 1461 4036 melyek
1479 3969 1553 4022 1614

246 4048 368 4101 februar
396 4047 521 4102 3-ikattl
551 4050 621 4102 1645
648 4051 809 4104 november
837 4049 945 4121 vegeig
974 4050 1168 4120 toglaltattak
1191 4050 1227 4103 el.
1255 4053 1300 4104 Az
1327 4053 1553 4126 orszaggyules

246 4137 324 4189 alatt
351 4137 506 4190 kikvldott
533 4138 755 4209 bizottsagoke
782 4141 960 4211 templomok
989 4139 1168 4193 birtoktanak
1196 4139 1277 4194 vitis
1304 4140 1446 4197 karde'set
1478 4163 1551 4198 nem

245 4225 379 4280 intentet
399 4227 435 4296 el,
455 4231 501 4281 stt
520 4245 537 4281 a
557 4229 763 4298 protestlrnsolr
794 4232 861 4283 1647
878 4230 988 4299 januar
1007 4227 1108 4282 b-ike'n
1127 4229 1181 4298 igy
1199 4228 1450 4298 panaszkodnak:
1474 4251 1551 4288 non·

245 4317 322 4370 nulli
354 4317 547 4371 Dominarum
576 4320 752 4389 Magnetum
781 4325 846 4390 post
874 4320 1021 4372 binariam
1051 4318 1291 4372 effectuationem
1318 4319 1552 4378 Commissionis

246 4407 272 4459 S.
293 4407 331 4460 ll.
355 4407 433 4460 Sacr.
462 4409 574 4478 templa
602 4407 656 4461 sub
685 4408 812 4461 diversis
840 4407 1046 4478 praetextibus
1073 4409 1210 4478 occupari
1238 4409 1372 4479 faciant;
1402 4413 1550 4467 miseram

246 4496 361 4566 plebem
381 4497 579 4550 diversimode
593 4503 623 4549 et
637 4499 730 4550 variis
743 4497 798 4550 snb
812 4497 1019 4566 praetextibus
1038 4499 1069 4549 in
1083 4497 1242 4568 Religione
1256 4501 1389 4569 ipsorum
1410 4501 1551 4562 turbent,

246 4588 369 4640 eandem
383 4589 476 4641 variis
491 4586 706 4655 exactionibus,
725 4587 825 4653 minis,
845 4587 975 4640 miseriis
994 4593 1025 4639 et
1045 4587 1165 4656 injuriis
1183 4587 1219 4640 ob
1239 4595 1439 4642 reassumtarn
1460 4589 1550 4644 Reli-

244 4678 363 4747 gionern
383 4677 525 4746 affligant
545 4681 575 4729 et
594 4677 759 4745 exagitent.
