3124 5216
197 340 265 406 696

306 534 334 621 ξ.
359 539 387 602 1.
410 535 468 604 Ad
492 539 635 604 celerius
663 539 896 624 nihilominus,
927 549 963 606 et
996 543 1151 605 exactius
1183 541 1493 606 administrandam

196 645 390 728 Juatitiam,
413 644 560 730 benigue
584 649 707 712 annuit
731 647 800 712 Sua
823 645 987 731 Majestas
1010 647 1266 728 Sacratissima3
1286 647 1337 713 Ut
1352 651 1493 731 quaevis

198 751 338 834 Causae,
371 759 443 816 tam
475 753 638 818 videlicet
673 757 949 838 praereceusitae,
981 777 1085 840 quam
1117 761 1154 818 et
1186 754 1273 818 aliae
1296 753 1493 834 'fabularea

197 881 417 944 quoscunque
439 860 653 945 Regnicolas,
677 883 716 926 ac
740 863 880 927 Fisoum
903 866 1008 928 etiam
1031 863 1183 947 Regium
1204 863 1328 943 active,
1350 869 1389 926 et
1422 883 1494 946 pas-

196 968 270 1030 sive
294 973 492 1050 tangentes3
516 970 554 1032 in
576 969 708 1036 Tabula
731 969 923 1036 Judioiaria
946 971 1057 1055 Regia
1082 971 1199 1051 (Salva
1222 971 1320 1036 Parti
1340 991 1495 1034 succum-

197 1071 304 1157 benti,
326 1073 370 1138 ad
394 1073 562 1140 Tabulam
594 1077 901 1161 Septem-Viralem
932 1077 1187 1162 Appellatioue)
1216 1073 1428 1160 judicentur,
1460 1085 1495 1140 et

198 1184 438 1246 terminentur.

307 1285 334 1372 ξ.
351 1291 381 1353 2.
396 1289 452 1353 Ita
468 1297 602 1354 tamen:
617 1297 658 1354 ut
674 1292 711 1354 in
726 1291 874 1356 Canem
889 1295 1049 1356 attractis
1065 1293 1229 1357 remotius
1245 1291 1498 1372 habitantibus

198 1404 347 1480 quatuor
360 1397 406 1460 ad
421 1399 535 1460 minus
553 1396 812 1473 Quindenarum
829 1399 1028 1481 Terminus,
1051 1406 1087 1464 et
1105 1401 1135 1463 is
1150 1399 1299 1484 quidem,
1314 1421 1377 1483 pro
1393 1407 1498 1483 certa,

196 1511 235 1566 et
273 1502 501 1566 determinata
533 1501 588 1565 die
621 1503 677 1582 (ne
705 1503 894 1569 causantes
926 1503 971 1569 ob
1002 1506 1284 1571 incertitudinem
1316 1507 1395 1588 diei,
1430 1529 1499 1592 qua

199 1609 310 1674 Causa
333 1610 518 1674 eorundem
541 1609 722 1692 levaretur,
745 1611 878 1675 diutius
894 1633 971 1676 cum
987 1615 1086 1697 gravi
1102 1613 1340 1697 Expensarum
1356 1635 1499 1678 suarum

200 1715 395 1800 profusione
418 1721 597 1799 expectare
621 1715 780 1797 debeant)
805 1717 1022 1802 praefigatur.

307 1820 335 1907 ξ.
360 1824 389 1887 3.
413 1823 607 1907 Pauperum
629 1831 755 1908 autem,
777 1833 813 1889 et
836 1829 1070 1911 antiquiorum
1093 1827 1293 1912 Causarum,
1311 1831 1401 1894 sicut
1420 1829 1501 1893 hae

199 1940 308 2014 tenus,
331 1935 382 1997 ita
405 1935 630 2017 imposterum
652 1955 796 2018 quoque,
820 1935 990 2019 condigna
1013 1937 1103 2000 ratio
1121 1933 1306 2002 habeatur:
1330 1937 1501 2001 Eaedem-

200 2064 267 2128 que
291 2051 371 2107 ante
394 2043 479 2107 alias
502 2051 729 2126 assumantur,
752 2052 788 2109 et
811 2045 1023 2109 decidantur.

309 2147 337 2235 ξ.
361 2153 391 2215 4.
407 2151 432 2216 J
433 2153 503 2214 uris
519 2150 678 2232 remedia,
694 2172 841 2236 eousque
857 2152 991 2233 durent,
1008 2159 1044 2215 et
1060 2149 1302 2217 observentur:
1318 2172 1502 2235 quousque

201 2259 243 2322 de
267 2259 397 2340 iisdem,
421 2264 456 2322 et
480 2257 593 2322 Poena
617 2265 744 2322 temere
768 2258 1000 2342 litigantium
1023 2261 1062 2322 in
1084 2259 1335 2323 Emendatione
1362 2259 1503 2342 Legum

200 2364 294 2430 aliud
317 2387 387 2430 non
410 2371 593 2429 statuatur.

654 2541 707 2610 De
734 2541 873 2612 Tubulo
897 2542 1039 2610 Boauli.

309 2705 625 2774 Articulu327.1n
647 2707 780 2790 Regnis
804 2709 932 2790 pariter
954 2706 1121 2786 Oroatiae,
1144 2712 1180 2770 et
1204 2705 1403 2770 sclavoniae
1432 2706 1504 2768 sin-
1551 2770 1555 2783 ,

200 2810 292 2894 gulis
314 2811 426 2876 Annis
449 2813 613 2896 (exceptis
637 2814 757 2895 Feriis,
772 2820 808 2877 et
823 2813 848 2878 J
849 2815 1079 2878 uristitiorum
1095 2810 1320 2896 temporibus)
1336 2818 1504 2897 statoque
1560 2893 1561 2906 ,

200 2939 260 2983 suo
283 2919 366 3000 loce,
389 2927 424 2983 et
447 2927 609 3004 tempore,
634 2943 692 3003 per
715 2919 901 2985 Dominum
916 2919 1088 2986 Comitem
1104 2919 1247 3002 Eanum,
1263 2925 1298 2984 et
1314 2921 1502 2984 universos
1560 2907 1561 2948 ³

199 3026 399 3111 Regnorum
432 3028 550 3093 Status
583 3029 859 3110 determinando,
892 3027 1025 3092 Tabula
1057 3027 1197 3092 Banalis
1233 3025 1297 3092 sub
1320 3029 1502 3112 praesidio

200 3134 346 3199 Comitis
378 3135 484 3217 Bani;
517 3143 577 3200 aut
609 3159 648 3202 eo
680 3136 830 3219 absente,
862 3141 898 3199 et
930 3135 1084 3219 legitime
1109 3134 1323 3218 praepedito;
1347 3135 1501 3200 Locum-

199 3244 358 3324 tenentis,
391 3265 450 3308 seu
482 3241 635 3327 ejusdem
668 3244 814 3308 Comitis
847 3243 935 3307 Bani
975 3242 1252 3306 Vices-Gerentis
1292 3240 1348 3320 (ad
1389 3263 1501 3326 quam

199 3352 353 3414 omnium
383 3350 622 3415 ¹Comitatnum
653 3351 854 3435 Regnorum
877 3349 1080 3432 Dalmatiae,
1104 3349 1271 3430 Oroatiae,
1295 3355 1331 3412 et
1354 3347 1501 3413 Solavo-

200 3459 277 3520 niae
299 3457 438 3540 Causae,
462 3480 522 3542 per
544 3459 646 3522 Viam
662 3458 914 3542 Appellationis
930 3457 1149 3522 deducendae
1165 3457 1279 3536 amnt)
1296 3454 1502 3520 celebretur.

309 3562 337 3648 ξ.
363 3567 391 3629 1.
415 3565 622 3651 Taliterque,
646 3574 681 3630 et
705 3587 774 3630 non
797 3587 900 3648 secus,
924 3587 1017 3629 more
1036 3566 1142 3628 etiam
1157 3563 1322 3628 hactenus
1338 3563 1503 3647 legaliter

201 3670 401 3755 observato;
426 3695 485 3756 per
508 3676 601 3738 viam
623 3672 885 3757 Appellatiouis,
909 3679 944 3735 et
969 3672 1259 3754 TransmissioniS,
1274 3673 1312 3734 in
1326 3669 1501 3734 Tabulam

201 3780 366 3864 Regiam,
405 3802 444 3845 ac
484 3782 621 3845 demum
659 3782 774 3852 etiam¹
794 3778 927 3844 abinde
965 3782 1003 3842 in
1040 3781 1240 3860 continenti,
1279 3799 1320 3840 cx
1352 3779 1500 3864 antiqua

201 3885 458 3951 Consuetudine
475 3889 512 3950 in
529 3885 852 3970 Septem-Vinctum,
862 3885 1051 3950 Causarum
1067 3883 1278 3968 Appellatae,
1297 3885 1502 3949 earundem-

201 4015 267 4076 que
290 3986 502 4078 Revisiones,
526 3994 681 4078 legitime
705 3993 928 4058 deducantur.

326 4231 379 4299 De
401 4231 513 4300 Feriis
538 4229 870 4318 universaliumque
893 4227 1156 4296 Jurisliliorum
1183 4227 1368 4298 Termiuis.

312 4405 486 4472 Articulus
509 4407 561 4472 29.
586 4405 653 4469 Pro
677 4403 851 4493 Judicum,
874 4409 908 4465 et
933 4402 1159 4467 Causantium
1191 4400 1396 4482 Directione,
1433 4422 1502 4466 ser-

203 4514 383 4598 vandeque
407 4513 524 4578 debito
546 4513 674 4594 ordine,
694 4511 931 4576 Sacratissima
948 4510 1121 4592 Caesarea,
1136 4515 1172 4572 et
1188 4509 1298 4593 Regia
1314 4504 1502 4590 Majestate

203 4629 384 4706 annuente,
408 4623 592 4686 statuitur:
