3124 5216
1309 383 1374 447 733

77 585 325 670 Strigoniense,
341 591 377 649 et
394 583 604 667 saepefatam
620 583 894 650 Universitatem
917 583 1122 665 Budensem,
1147 581 1260 646 medio
1276 584 1374 646 cuius

78 713 141 775 pro
164 714 258 757 cesso
280 715 322 757 ex
347 700 443 776 parte
466 692 716 758 Universitatis
738 689 878 756 Allodio
894 695 931 756 in
947 689 1104 755 inferiori
1127 689 1280 760 Oivitate
1297 692 1373 772 site,

77 807 173 863 certa
195 797 326 864 Domus
350 797 559 882 capitularis
582 800 619 862 in
642 795 731 862 Arce
755 799 836 862 data
869 805 930 880 est,
963 797 1143 880 celebrato,
1176 797 1373 883 Benignum

77 917 236 972 nostrum
273 907 486 972 Consensum
519 928 621 990 penes
655 905 818 991 elargitas
851 913 992 970 eatenus
1024 905 1198 989 specificas
1237 906 1374 972 Literas

78 1013 328 1079 Consensuales
351 1013 517 1098 dedimus,
541 1017 591 1078 ita
614 1012 762 1078 eundem
785 1012 997 1078 Consensum
1023 1021 1180 1078 nostrum
1212 1014 1372 1099 Regium,

77 1145 181 1206 super
213 1121 372 1187 Gessione
406 1143 541 1207 quoque
574 1123 660 1185 certi
692 1119 818 1202 Fundi,
850 1127 886 1184 et
918 1119 1280 1204 superaedificatorum
1313 1143 1375 1203 per

77 1229 269 1296 Civitatem
292 1231 487 1296 Budensem
511 1252 571 1313 pro
593 1231 842 1296 Universitatis
865 1229 1129 1316 Typographiae
1144 1229 1264 1296 usibus
1280 1228 1373 1295 facta

78 1359 139 1420 per
163 1347 356 1421 praesentes
385 1339 572 1402 clementer
603 1340 829 1421 impertimur,
861 1360 948 1423 quae
980 1344 1103 1401 cuncta
1135 1335 1304 1404 Aedificia
1328 1337 1371 1402 ad

77 1466 178 1510 usum
207 1446 359 1511 eiusdem
391 1447 640 1512 Universitatis
671 1467 741 1510 non
773 1449 908 1532 exiguis
941 1444 1144 1530 Sumptibus
1178 1449 1372 1530 restaurari,

76 1561 184 1638 atque
205 1556 310 1618 etiam
334 1556 459 1618 instrui
483 1553 635 1618 fecimus.
660 1555 830 1621 Secundo:
853 1554 905 1618 Ea
921 1557 1044 1638 omnia,
1061 1553 1235 1637 Capitales
1251 1559 1372 1636 utpote

77 1659 244 1744 Summas,
267 1662 430 1746 Bonaque
453 1659 652 1743 immobilia,
675 1681 762 1745 quae
787 1683 889 1744 penes
904 1661 1135 1726 Donationem
1150 1661 1214 1726 sub
1230 1660 1372 1725 Decima

76 1773 224 1852 septima
245 1770 374 1834 Mensis
397 1768 495 1852 Julii,
519 1767 620 1832 Anno
639 1767 824 1832 Millesimo
840 1770 1144 1852 septingentesimo
1161 1769 1372 1853 sexagesimo

76 1897 176 1958 nono,
200 1897 302 1959 super
334 1875 457 1940 collata
489 1873 642 1938 Abbatia
675 1874 820 1939 Sanctae
853 1874 1007 1939 Helenae
1040 1873 1082 1937 de
1114 1871 1275 1954 Foldvar,
1308 1871 1373 1936 sub

76 1982 345 2047 Conditionibus
378 1983 414 2044 in
447 1983 566 2046 eadem
599 1980 793 2046 Donatione
824 1980 964 2046 uberius
997 1982 1178 2064 denotatis,
1201 2002 1305 2065 quam
1337 1991 1372 2045 et

75 2113 117 2174 pe
142 2091 145 2170 Ι
166 2113 226 2154 1166
249 2091 393 2154 alteram
416 2089 645 2153 Donationem
669 2088 711 2152 de
735 2089 877 2153 Decima
909 2092 1014 2154 tertia
1047 2088 1228 2153 Februarii
1260 2088 1373 2153 Mille-

74 2201 164 2262 simo
187 2199 492 2282 septingentesimo
516 2199 769 2281 septuagesimo
792 2199 923 2280 quinto,
946 2217 1049 2279 super
1071 2197 1242 2260 universis
1274 2194 1372 2259 Sum-

75 2307 143 2370 mis
168 2304 394 2388 Oapitalibus,
418 2305 524 2368 Bonis
548 2306 632 2367 item
661 2302 904 2387 immobilibus,
928 2301 1075 2388 Collegii
1109 2302 1191 2366 olim
1223 2301 1372 2366 abolitae

75 2413 259 2476 Societatis
305 2412 551 2496 Tyrnaviensis
594 2431 653 2494 pro
693 2412 812 2475 eadem
858 2411 1095 2476 Universitate
1142 2411 1372 2496 Tymaviensi

75 2518 225 2604 benigne
250 2518 466 2600 contulimus
489 2519 526 2581 in
550 2518 823 2583 Universitatem
845 2517 933 2582 hanc
957 2518 1153 2581 Budensem
1170 2517 1269 2600 pleno
1285 2516 1371 2581 Jure

74 2625 325 2708 transferimus,
348 2634 451 2710 atque
467 2649 508 2690 ex
525 2647 657 2691 summo
674 2627 698 2692 J
699 2649 758 2690 ure
775 2627 983 2691 Patronatus
998 2625 1116 2708 Nobis,
1132 2645 1200 2711 qua
1215 2625 1371 2711 Reginae

74 2733 277 2818 Hungariae
295 2733 514 2816 Apostolicae
525 2740 748 2816 competente,
759 2755 818 2816 pro
829 2733 948 2798 eadem
961 2735 1197 2800 Universitate
1208 2733 1370 2814 Budensi,

75 2841 253 2926 'l'yrnavia
277 2840 345 2905 huc
362 2841 538 2924 translata,
555 2839 802 2904 confirmamus.
822 2841 909 2918 Quia
924 2861 1007 2905 vero
1024 2840 1157 2907 Tertio:
1176 2839 1373 2904 Clementer

74 2947 185 3012 Nobis
208 2951 322 3012 visum
345 2955 397 3012 ast
421 2947 598 3027 resolvere,
623 2955 662 3011 ut
686 2945 839 3011 Abbatia
866 2949 995 3012 Beatae
1025 2960 1186 3016 MARIAE
1214 2947 1371 3031 Virginis

74 3055 117 3118 de
142 3055 272 3120 Sexsrd
297 3077 357 3138 per
379 3055 554 3120 decessum
577 3055 694 3119 ultimi
717 3055 866 3140 legitimi
890 3056 1096 3120 Possessoris
1116 3076 1250 3133 racana,
1267 3062 1370 3136 atque

73 3163 199 3227 Funde
238 3161 438 3227 Studiorum
476 3162 581 3226 titulo
614 3161 750 3226 Cambii
789 3185 849 3245 pro
887 3163 994 3227 Bonis
1032 3162 1204 3227 Abbatiae
1242 3162 1370 3226 Beatae

74 3283 238 3338 MARIAE
270 3271 426 3356 Virginis
459 3271 501 3334 de
534 3269 710 3336 Schavnik
743 3269 934 3334 Comitatui
968 3270 1192 3353 Scepusiensi,
1215 3291 1370 3334 necnon

74 3379 318 3461 Praepositura
342 3379 469 3442 Beatae
498 3391 659 3444 MARIAE
687 3379 843 3464 Virginis
876 3379 918 3442 de
960 3377 1146 3462 Ipolysagh
1180 3377 1370 3441 Comitatui

74 3485 273 3549 Honthensi
295 3487 519 3568 ingremiatis,
543 3485 586 3548 ad
611 3488 780 3549 rationem
804 3485 942 3550 fundati
966 3507 1026 3568 per
1049 3485 1119 3548 Nos
1143 3485 1370 3568 Episcopatus

74 3589 316 3674 Scepusiensis,
331 3613 393 3656 nec
410 3613 478 3655 non
502 3589 741 3674 Capitulorum
756 3593 873 3656 Rosna
894 3593 897 3673 l
919 3595 1056 3674 viensis,
1073 3597 1108 3655 61
1131 3589 1370 3675 Neosoliensis,

75 3719 154 3761 611111
186 3696 344 3761 omnibus
379 3699 642 3780 appertinentiis
676 3702 778 3762 cessis
811 3699 943 3782 collata,
976 3699 1207 3765 Universitati
1239 3698 1369 3782 Regiae

74 3804 230 3868 Budensi
252 3804 296 3869 ob
320 3805 584 3869 commodiorem
608 3807 793 3870 eorundem
812 3829 890 3870 611111
905 3807 982 3871 aliis
999 3807 1247 3872 Universitatis
1263 3805 1370 3869 Bonis

74 3911 430 3994 Administrationem,
454 3919 558 3995 atque
582 3934 621 3975 ea
645 3914 777 3975 ratione
800 3913 968 3997 tradatur,
984 3921 1024 3977 ut
1040 3912 1124 3977 haec
1140 3933 1256 3976 rursus
1272 3911 1370 3976 Bona

75 4020 336 4100 Praepositurae
374 4019 502 4086 Beatae
542 4032 704 4086 MARIAE
746 4020 902 4105 Virginis
940 4021 983 4084 de
1022 4017 1187 4102 Thurdca,
1226 4027 1370 4103 excepto

74 4125 236 4190 Dominio
271 4125 449 4211 Sellyensi,
482 4149 544 4190 nec
575 4149 645 4190 non
677 4127 861 4191 medietate
894 4129 1069 4192 Bonorum
1107 4127 1368 4210 Praepositurae

75 4232 194 4297 Sancti
235 4231 403 4316 Stephani
436 4235 478 4298 de
511 4234 638 4315 Bozolr,
671 4237 707 4297 in
739 4235 934 4320 generalem
973 4236 1134 4300 Fundum
1167 4233 1370 4298 Studiorum

74 4340 270 4424 transferat,
294 4343 331 4404 in
348 4349 516 4426 quantum
531 4363 613 4406 vero
630 4343 778 4408 Reditus
794 4347 901 4407 annui
916 4344 1038 4408 horum
1058 4341 1232 4408 Bonorum
1248 4341 1368 4406 Sexar-

74 4449 208 4512 dienses
231 4450 424 4514 Proventus
448 4471 516 4512 non
539 4457 734 4534 aequarent,
758 4450 912 4514 defectus
946 4451 1120 4515 talismodi
1144 4475 1185 4515 ex
1209 4457 1370 4514 accurata

73 4558 312 4620 aestimatione
336 4557 505 4620 eruendus
538 4557 712 4621 nonnullis
746 4557 970 4642 Capitalibus,
1003 4581 1063 4642 per
1095 4557 1367 4624 Universitatem

73 4665 111 4726 in
134 4661 330 4748 generalem
353 4663 516 4728 Fundum
545 4661 746 4727 Studiorum
778 4664 1064 4730 transscribendis
1097 4665 1246 4730 Summis
1279 4686 1368 4728 com-
