3182 5208
217 339 259 406 72

214 543 331 602 autem
353 541 512 621 parentes
534 542 571 600 et
599 536 746 619 proximi
768 534 983 620 neglexerint
1007 555 1128 599 vocare
1152 531 1367 616 presbiteros,
1389 539 1425 598 et
1458 536 1508 598 ita

214 641 368 708 subiacet
391 645 464 708 sine
483 641 696 708 confessione
719 643 839 724 morti;
863 643 997 707 ditetur
1020 639 1232 706 orationibus
1255 647 1291 704 et
1314 641 1510 706 consoletur

214 751 416 834 elemosinis,
448 750 508 816 sed
542 757 700 835 parentes
732 749 850 814 lavent
878 749 1128 835 negligentiam
1150 749 1297 832 ieiuniis,
1320 749 1510 814 seeundum

214 857 398 924 arbitrium
413 856 689 942 presbiterorum.
713 856 781 935 Qui
803 877 886 922 vere
910 853 1089 921 subitanea
1118 854 1358 938 periclitantur
1389 865 1509 938 morte,

215 988 293 1031 cum
325 967 419 1030 omni
457 965 687 1031 ecclesiastico
720 965 931 1048 sepeliantur
962 949 1098 1046 honore,
1130 985 1210 1028 narn
1238 963 1356 1032 divina
1380 963 1509 1030 iudicia

215 1073 350 1138 occulta
373 1073 473 1138 nobie
496 1080 578 1138 sunt
601 1079 636 1138 et
660 1073 876 1160 incognitas.

323 1179 424 1248 XIH.
448 1177 501 1246 De
526 1175 752 1246 observanda
786 1173 1058 1244 christianitate.
1091 1178 1129 1244 Si
1160 1180 1238 1264 quis
1270 1177 1509 1246 observatione

215 1286 480 1354 christianitatis
502 1288 668 1374 neglecta,
699 1295 735 1352 et
767 1285 978 1372 negligentis
1010 1285 1203 1352 stoliditate
1213 1287 1242 1328 ⁸⁶
1274 1285 1385 1351 elutus
1417 1288 1509 1372 quod

215 1396 252 1458 in
275 1415 350 1460 eam
373 1397 608 1478 commisserit,
632 1397 730 1460 iuxta
753 1393 958 1480 qualitatem
980 1392 1177 1458 offensionis
1199 1392 1244 1458 ab
1267 1396 1433 1478 episcopo,
1450 1417 1511 1478 per

215 1502 413 1586 disciplinas
437 1524 605 1568 canonum
628 1501 810 1567 indicatur.
834 1501 871 1567 Si
894 1523 975 1568 vero
1004 1500 1199 1566 rebellitate
1222 1503 1411 1568 instructus
1435 1527 1510 1568 ren-

215 1611 331 1676 nuerit
349 1607 417 1674 sibi
435 1610 636 1693 impositum
651 1631 737 1696 aque
753 1609 905 1692 sufferre,
923 1612 1050 1676 iterum
1065 1608 1185 1674 eodem
1203 1605 1207 1694 l
1225 1609 1353 1679 iudicio
1368 1613 1511 1675 restrin-

214 1723 327 1803 gatur,
359 1723 394 1782 et
426 1719 532 1782 etiam
563 1738 671 1803 usque
698 1720 832 1802 septies.
856 1716 1010 1782 'Pandam
1033 1717 1272 1801 superomnia
1295 1719 1325 1781 si
1348 1719 1511 1784 resistens

216 1831 251 1890 et
274 1824 427 1890 abnuens
451 1827 637 1908 invenitur,
661 1824 770 1910 regali
792 1825 929 1908 iudici0,
952 1824 1085 1889 scilicet
1112 1823 1285 1892 defensori
1315 1824 1512 1894 christiani-

215 1935 300 1998 tatis
323 1933 519 1997 tradatur¹⁸.

324 2038 421 2105 XIV.
444 2035 498 2104 De
520 2035 723 2104 homicidis,
748 2039 786 2104 Si
808 2041 885 2125 quis
904 2041 954 2104 ira
970 2061 1131 2106 accensus
1146 2046 1208 2104 aut
1224 2039 1383 2124 superbia
1399 2039 1512 2106 elatus

216 2155 443 2232 spontaneum
474 2150 684 2214 commiserit
716 2147 950 2230 homicidium,
982 2149 1069 2212 sciat
1101 2169 1136 2212 se
1174 2147 1363 2214 secundum
1401 2151 1513 2214 nostri

216 2263 355 2320 sanatus
371 2255 548 2322 decretum
564 2261 704 2322 centum
719 2263 754 2320 at
777 2254 823 2320 X.
847 2254 1011 2320 daturum
1034 2259 1192 2340 pensasll
1215 2257 1300 2338 auri,
1324 2253 1512 2342 exquibus

216 2367 469 2450 quinquaginta
492 2365 536 2430 ad
560 2363 681 2428 fiscum
704 2365 795 2450 ragis
818 2361 1028 2444 deferantur,
1051 2361 1112 2428 alii
1134 2383 1216 2428 vero
1238 2362 1278 2427 L.
1311 2361 1512 2446 parentibus

216 2469 351 2556 bentur,
389 2471 427 2538 X
464 2479 582 2536 autem
619 2470 760 2536 arbitris
799 2476 834 2534 et
866 2467 1114 2534 mediatoribus
1155 2455 1400 2553 condonentur,
1439 2472 1512 2552 ipse

216 2578 357 2664 quidem
378 2577 551 2644 homicida
574 2577 763 2643 secundum
786 2578 1043 2642 institutionem
1066 2597 1235 2641 canonum
1258 2578 1427 2642 ieiunet¹⁸.

325 2687 409 2752 Item
442 2687 556 2754 aliud:
587 2685 625 2750 Si
656 2687 733 2772 quis
765 2693 882 2750 autem
914 2705 996 2750 casu
1018 2683 1182 2749 occiderit
1205 2683 1405 2770 quemlibet,
1428 2684 1510 2750 ΧΠ

217 2793 293 2856 auri
316 2813 436 2874 pensas
459 2791 642 2876 persolvat,
665 2800 700 2858 et
723 2795 813 2858 sicut
836 2811 981 2856 canones
1004 2790 1170 2856 mandant
1193 2792 1331 2856 ieiunet.

325 2899 409 2966 Item
447 2891 496 2966 ola¹
524 2899 710 2968 lromr'cidt'is
747 2921 923 2966 servorum.
962 2897 1000 2964 Si
1037 2899 1181 2964 alieuius
1220 2920 1339 2964 servus
1373 2921 1513 2966 servum

216 3003 360 3070 alterius
382 3006 555 3090 occiderit,
588 3007 755 3072 reddatur
777 3027 896 3072 servus
930 3027 1113 3090 preserve
1144 3011 1205 3071 aut
1240 3006 1438 3091 redimatur,
1477 3017 1513 3073 et

218 3114 453 3198 penitentiam,
477 3113 568 3199 quod
592 3114 726 3180 dictum
749 3121 810 3198 est,
829 3121 919 3200 agat.

327 3221 409 3288 liam
432 3221 534 3288 nlirrd.
558 3220 596 3286 Si
618 3241 700 3286 vero
725 3220 814 3286 liber
836 3221 981 3286 alicuius
1013 3219 1178 3294 occiderit
1210 3242 1357 3304 servum,
1390 3223 1513 3289 reddat

217 3327 324 3392 alium
347 3349 494 3411 servum,
510 3327 567 3392 vel
583 3331 735 3412 precium
751 3333 942 3412 componat,
958 3333 994 3392 et
1009 3327 1198 3394 secundum
1213 3349 1358 3394 canones
1374 3331 1514 3398 ieiunet.

326 3435 404 3502 XV.
428 3431 481 3499 De
499 3431 557 3499 bis
581 3433 643 3522 qui
670 3453 756 3499 suus
781 3452 912 3500 uxores
946 3431 1123 3500 occidunt.
1157 3436 1194 3501 Si
1231 3439 1309 3521 quis
1347 3440 1514 3504 comitum

218 3541 406 3608 obduratus
430 3542 540 3626 corde,
562 3543 808 3628 neglectueque
831 3545 954 3626 anima,
979 3543 1069 3628 quod
1098 3544 1216 3628 procul
1240 3547 1286 3610 sit
1309 3567 1329 3610 a
1352 3545 1513 3612 cordibus

217 3647 422 3716 fidelitatem
454 3650 721 3732 observantium,
754 3652 870 3714 uxoris
902 3649 1087 3716 homicidio
1121 3651 1301 3734 polluetur,
1325 3653 1513 3718 secundum
1585 3653 1586 3656 ’

219 3757 395 3823 decretum
419 3759 545 3844 regalis
577 3764 724 3842 senatus,
757 3779 836 3822 cum
859 3760 1111 3844 quiuquaginta
1135 3762 1290 3826 iuvencis
1313 3761 1514 3844 parentibus

218 3865 372 3930 mulieris
395 3865 606 3948 concilietur,
634 3871 670 3929 et
697 3866 827 3932 ieiunet
850 3864 1038 3930 secundum
1071 3866 1233 3932 mandate
1266 3889 1443 3934 canonum.
1476 3867 1514 3934 Si

218 3978 335 4037 autern
357 3971 456 4037 miles
479 3971 536 4036 vel
558 3971 703 4037 alicuius
726 3973 781 4036 vir
806 3970 975 4037 ubertatis
1008 3971 1151 4038 eandem
1184 3972 1320 4058 culpam
1352 3973 1514 4038 inciderit

218 4079 330 4144 solvat
346 4079 546 4163 parentibus
564 4079 601 4144 X
624 4081 785 4144 iuvencos
809 4081 1005 4164 ieiunetque
1036 4075 1039 4162 l
1065 4087 1105 4145 ut
1129 4080 1347 4146 dictumest.
1371 4080 1409 4146 Si
1431 4102 1514 4145 vero

273 4281 296 4310 ¹⁴
314 4272 419 4327 Lsszlo
438 4273 462 4326 Ι.
481 4274 524 4326 24.
544 4271 614 4342 Syn.
628 4271 717 4342 Strig.
732 4272 754 4325 I.
769 4273 812 4326 65.
921 4273 1027 4328 Istvltn
1046 4273 1086 4328 ΙΙ.
1105 4274 1131 4327 4.
1160 4272 1354 4346 tbrvdnydbdl
1382 4273 1514 4344 kitunik,
1584 4347 1585 4350 Ἴ

274 4369 296 4398 ¹⁵
315 4363 342 4414 A
361 4359 536 4416 kdziratban
557 4360 700 4416 stolitats.
921 4379 980 4434 egy
999 4362 1062 4417 tino
1081 4362 1192 4420 drttlre.
1211 4365 1273 4418 Mai
1292 4361 1394 4418 drteke
1413 4363 1516 4418 enav—
1584 4351 1585 4378 ³

274 4457 296 4488 ¹·
316 4449 420 4504 Ltszld
440 4449 463 4504 I.
482 4451 525 4506 24
545 4450 615 4521 Syn.
629 4449 718 4521 Strig.
733 4449 755 4503 Ι.
769 4451 812 4504 61.
922 4451 1003 4524 leges
1016 4449 1149 4524 penznek
1162 4452 1332 4509 ktrtllbelul
1344 4451 1415 4507 afrt
1425 4453 1461 4507 50
1470 4453 1517 4508 kr.

275 4551 296 4582 Η
315 4546 342 4598 Α
362 4561 452 4615 pensu
476 4571 508 4593 =
528 4545 564 4600 30
588 4543 681 4598 dentr
701 4569 733 4592 =
758 4545 811 4606 ⁴2¹st
977 4552 998 4581 ’θ
1018 4543 1149 4600 Ktlmtn
1163 4544 1185 4597 1.
1200 4545 1242 4598 50.
1256 4541 1324 4614 Syn.
1335 4540 1425 4613 Strig.
1436 4541 1460 4596 I.
1471 4543 1519 4600 66.
1582 4589 1585 4622 Ι.

219 4633 338 4688 solidus.
359 4635 386 4686 A
409 4631 559 4704 pensinak
573 4629 721 4703 megl'elel,
735 4633 813 4685 mint
1582 4627 1584 4656 ³
