3192 5214
893 535 1086 598 vicinorum
1109 533 1360 617 Conventuum,
1376 535 1431 600 vel
1449 536 1536 602 olau-

894 647 1044 706 strorum
1067 643 1282 706 testimoniis,

939 749 990 812 22.
1014 747 1234 814 Prestaldum
1257 748 1372 814 nullus
1397 773 1458 833 per
1480 773 1535 815 an-

893 877 985 939 num,
1022 855 1079 920 vel
1118 854 1304 940 biennium,
1342 855 1398 922 vel
1445 857 1535 922 ultra

892 986 1008 1029 secum
1040 963 1203 1047 detineat,
1226 966 1294 1030 nisi
1321 964 1364 1029 ad
1396 965 1536 1032 decisio

892 1093 971 1136 nem
996 1092 1125 1154 causae,
1141 1071 1184 1136 ad
1201 1093 1304 1156 quam
1327 1075 1535 1157 impetravit.

235 1182 285 1245 10.
311 1179 349 1246 Si
371 1182 449 1264 quis
472 1178 617 1265 Iobagio
633 1179 763 1244 habens
779 1178 837 1244 ho·

187 1308 314 1372 norem,
328 1291 365 1354 in
380 1290 535 1354 exercitu
550 1286 657 1354 fuerit
672 1295 837 1372 mortuus,

186 1399 260 1462 eius
283 1393 377 1461 filius
400 1395 457 1461 vel
483 1395 593 1462 frater
609 1409 765 1482 congruo
778 1395 837 1460 ho-

186 1523 268 1568 nore
292 1506 338 1569 sit
362 1503 551 1568 donandus.
575 1501 623 1568 Et
639 1506 668 1568 si
684 1505 836 1568 serviens

186 1610 306 1676 eodem
329 1611 431 1677 modo
455 1610 563 1678 fuerit
581 1617 747 1695 mortuus,
763 1614 836 1676 eius

186 1717 835 1806 filius,sioutRegividebitur,donetur.

233 1825 284 1890 11.
309 1825 346 1892 Si
378 1825 532 1910 hospites
564 1825 729 1892 videlicet
753 1825 835 1890 boni

185 1933 351 2017 homines,
383 1933 427 1998 ad
466 1933 628 2019 Regnum
666 1935 835 2016 venerint,
936 1933 987 1996 23.
1011 1933 1175 2016 Hospites
1203 1931 1354 2016 Nobiles,
1391 1933 1435 1998 ad
1467 1933 1537 1999 Re-

184 2045 258 2110 sine
283 2039 425 2107 consilio
441 2041 558 2127 Regni
576 2040 619 2108 ad
645 2040 834 2127 dignitates
888 2061 997 2125 gnum
1012 2031 1198 2124 venientes,
1224 2043 1292 2108 nisi
1307 2039 1443 2106 Incolae
1463 2064 1537 2107 esse

185 2170 254 2214 non
278 2155 553 2233 promoveantur.
889 2145 1009 2230 velint,
1028 2147 1070 2212 ad
1095 2147 1284 2232 dignitates
1311 2169 1381 2212 non
1403 2170 1537 2232 promo-

888 2261 1053 2337 veantur,
1077 2277 1138 2340 per
1160 2255 1247 2320 tales
1275 2259 1366 2320 enim
1390 2255 1537 2320 divitiae

233 2363 282 2427 12.
323 2363 455 2428 onres
497 2361 740 2428 decedencium
778 2362 834 2428 uel
888 2361 1004 2448 Regni
1027 2362 1263 2428 extrahuntur.

184 2469 514 2556 condempnatorum
537 2469 580 2534 ad
604 2475 750 2534 mortem
774 2493 835 2554 per
934 2471 986 2536 24„
1019 2471 1151 2538 Uxores
1190 2471 1438 2554 decedentium,
1477 2473 1537 2537 vel

184 2581 400 2662 sententiam,
417 2578 473 2644 uel
490 2581 526 2644 in
540 2577 665 2645 Duello
681 2599 834 2644 succum·
888 2579 1192 2644 condemnatorum
1231 2601 1291 2663 per
1327 2582 1537 2644 sententiam

184 2683 350 2770 bantium,
374 2685 430 2751 uel
454 2707 496 2751 ex
529 2705 744 2772 quacumque
767 2685 834 2752 alia
889 2687 932 2752 ad
956 2693 1112 2770 mortem,
1127 2687 1184 2752 vel
1199 2689 1237 2752 in
1253 2686 1366 2752 duello
1382 2708 1537 2752 succum-

185 2815 294 2878 causa,
318 2816 388 2860 non
421 2793 628 2860 fraudentur
660 2793 740 2859 dote
764 2815 833 2860 sua
888 2795 1054 2886 bantium,
1077 2802 1138 2859 aut
1169 2795 1237 2860 alia
1260 2818 1302 2860 ex
1332 2815 1537 2880 quacunque

888 2924 989 2966 causa
1022 2923 1091 2966 non
1123 2901 1336 2968 frustrentur
1360 2901 1440 2966 dote
1463 2923 1536 2966 sua.

934 3010 985 3074 25.
996 3008 1135 3076 ‘Uxores
1151 3008 1269 3074 furum
1278 3008 1335 3074 vel
1350 3008 1536 3092 latronum,

887 3139 927 3182 ac
957 3138 1076 3182 eorum
1098 3115 1199 3182 liberi
1231 3137 1292 3202 pro
1317 3115 1452 3182 delictis
1477 3139 1537 3199 pa-

231 3225 280 3290 13.
312 3225 518 3312 Iobagiones
556 3230 606 3292 ita
645 3232 834 3312 sequantur
887 3233 982 3289 trum
1003 3244 1073 3290 non
1097 3223 1301 3290 vendantur.

183 3331 333 3418 Curiam,
366 3334 421 3400 uel
453 3355 668 3421 quocumque
700 3333 834 3418 profici·
933 3334 961 3398 7.
1001 3333 1111 3416 Super
1149 3333 1267 3398 domos
1306 3333 1537 3398 servientium

183 3447 331 3523 scantur,
355 3449 395 3506 ut
419 3465 584 3527 pauperes
601 3465 661 3526 per
684 3463 741 3508 eos
764 3463 833 3508 non
886 3441 944 3505 vel
966 3439 1068 3506 villas
1092 3461 1154 3504 nec
1177 3439 1258 3522 Nos,
1274 3461 1336 3504 nec
1351 3437 1537 3524 Agazones

184 3550 431 3634 opprimantur,
455 3573 518 3616 nec
541 3550 741 3634 spolientur.
886 3547 1016 3629 Nostri,
1038 3569 1101 3612 nec
1126 3547 1330 3630 Falconan'i,
1354 3567 1415 3610 nec
1430 3545 1538 3612 Cani-

231 3655 280 3720 14.
312 3657 350 3722 Si
382 3661 459 3742 quis
491 3659 613 3724 Comes
645 3655 833 3724 honorifice
887 3653 961 3739 feri,
984 3677 1047 3720 neo
1066 3654 1237 3721 Ourriferi
1252 3655 1373 3720 Nostri
1395 3654 1539 3719 descen-

185 3783 219 3820 ee
243 3763 340 3828 iuxta
372 3765 567 3832 Comitatus
600 3769 654 3832 sui
686 3765 832 3851 qualita—
886 3763 980 3846 dant,
1026 3765 1109 3846 ipsis
1159 3765 1290 3846 invitis,
1336 3761 1538 3846 ubicunque

106 3849 111 3862 ¹
185 3873 255 3930 tem
278 3891 347 3934 non
362 3871 532 3956 habuerit,
548 3873 604 3938 uel
621 3874 832 3938 destruxerit
885 3877 1002 3935 autem
1025 3868 1110 3934 alibi
1132 3869 1212 3953 Nos,
1236 3869 1293 3934 vel
1317 3870 1426 3936 dictos
1446 3867 1539 3933 Offi-

187 3973 326 4054 populos
349 3977 464 4044 Oastri
488 3983 550 4064 sui,
575 3983 754 4046 convictus
777 4003 831 4045 su·
886 3979 989 4042 ciales
1011 3977 1155 4042 Nostros
1188 3977 1391 4042 descendere
1423 3979 1540 4041 conti-

186 4096 245 4156 ber
275 4079 346 4164 hoc,
379 4105 492 4151 coram
525 4092 618 4153 omni
651 4110 756 4174 regno
781 4089 831 4152 di·
884 4088 984 4171 gerit,
999 4081 1130 4168 justam
1146 4087 1419 4150 aestimationem
1442 4083 1541 4148 solvi

185 4185 318 4264 gnitate
334 4210 394 4255 sua
410 4198 560 4276 turpiter
576 4195 831 4280 spolieturcum
885 4193 1050 4258 faciemus
1073 4196 1163 4258 sicut
1196 4194 1394 4257 continetur
1420 4193 1458 4255 in
1483 4211 1540 4256 se-

186 4290 404 4360 restitucione
427 4298 629 4368 ablatorum.
883 4299 1077 4387 quentibus.

234 4393 283 4457 15.
305 4397 492 4489 Agazones,
525 4409 680 4476 Oaniferi
708 4419 743 4476 et
767 4410 830 4476 fal·
928 4409 958 4473 8.
982 4409 1031 4474 Et
1053 4411 1134 4494 quia
1158 4413 1336 4491 propterea
1359 4413 1431 4472 tam
1455 4427 1541 4491 pro-

186 4499 312 4585 conarij
330 4526 398 4570 non
413 4526 669 4598 presumpmant
694 4518 830 4583 descen·
884 4525 961 4600 pter
993 4516 1173 4580 descensus
1210 4514 1362 4597 Nostros,
1395 4521 1431 4579 et
1463 4513 1542 4580 Do-

186 4605 265 4670 dere
288 4610 325 4672 in
348 4611 441 4679 villis
464 4624 682 4688 seruientum.
883 4627 996 4690 minae
1019 4623 1184 4709 Reginae,
1217 4644 1257 4702 ac
1280 4621 1429 4687 filiorum
1462 4622 1542 4688 No-
