<?xml version="1.0" encoding="UTF-8"?>
<!DOCTYPE html PUBLIC "-//W3C//DTD XHTML 1.0 Transitional//EN"
    "http://www.w3.org/TR/xhtml1/DTD/xhtml1-transitional.dtd">
<html xmlns="http://www.w3.org/1999/xhtml" xml:lang="en" lang="en">
 <head>
  <title>
</title>
<meta http-equiv="Content-Type" content="text/html;charset=utf-8" />
  <meta name='ocr-system' content='tesseract 3.04.00' />
  <meta name='ocr-capabilities' content='ocr_page ocr_carea ocr_par ocr_line ocrx_word'/>
</head>
<body>
  <div class='ocr_page' id='page_1' title='image "./enchiridionfont00marcgoog_0059.png"; bbox 0 0 3182 5208; ppageno 0'>
   <div class='ocr_carea' id='block_1_1' title="bbox 588 528 904 602">
    <p class='ocr_par' dir='ltr' id='par_1_1' title="bbox 588 528 904 602">
     <span class='ocr_line' id='line_1_1' title="bbox 588 528 904 602; baseline 0.003 -17"><span class='ocrx_word' id='word_1_1' title='bbox 588 528 820 602; x_wconf 78' lang='grc' dir='ltr'><em>Κεφάλαιον</em></span> <span class='ocrx_word' id='word_1_2' title='bbox 849 529 904 588; x_wconf 66' lang='grc' dir='ltr'><em>λθ.</em></span> 
     </span>
    </p>
   </div>
   <div class='ocr_carea' id='block_1_2' title="bbox 362 641 1141 746">
    <p class='ocr_par' dir='ltr' id='par_1_2' title="bbox 362 641 1141 746">
     <span class='ocr_line' id='line_1_2' title="bbox 362 641 1141 746; baseline 0.004 -28"><span class='ocrx_word' id='word_1_3' title='bbox 362 654 474 744; x_wconf 79' lang='grc' dir='ltr'><em>Περὶ</em></span> <span class='ocrx_word' id='word_1_4' title='bbox 500 659 577 721; x_wconf 80' lang='grc' dir='ltr'><em>τοῦ</em></span> <span class='ocrx_word' id='word_1_5' title='bbox 603 643 773 730; x_wconf 71' lang='grc' dir='ltr'><em>έθνους</em></span> <span class='ocrx_word' id='word_1_6' title='bbox 799 658 883 722; x_wconf 84' lang='grc' dir='ltr'><em>τῶν</em></span> <span class='ocrx_word' id='word_1_7' title='bbox 909 641 1141 746; x_wconf 75' lang='grc' dir='ltr'><em>Καβείρῶν.</em></span> 
     </span>
    </p>
   </div>
   <div class='ocr_carea' id='block_1_3' title="bbox 1 773 1402 2182">
    <p class='ocr_par' dir='ltr' id='par_1_3' title="bbox 1 773 1402 2182">
     <span class='ocr_line' id='line_1_3' title="bbox 208 773 1399 890; baseline 0 -24"><span class='ocrx_word' id='word_1_8' title='bbox 208 789 340 886; x_wconf 84' lang='grc' dir='ltr'><em>Ἰστέον,</em></span> <span class='ocrx_word' id='word_1_9' title='bbox 356 795 410 867; x_wconf 74' lang='grc' dir='ltr'><em>ὅτι</em></span> <span class='ocrx_word' id='word_1_10' title='bbox 426 798 460 866; x_wconf 84' lang='grc' dir='ltr'><em>δι</em></span> <span class='ocrx_word' id='word_1_11' title='bbox 477 797 643 884; x_wconf 76' lang='grc' dir='ltr'><em>λεγόμενοι</em></span> <span class='ocrx_word' id='word_1_12' title='bbox 663 797 822 890; x_wconf 75' lang='grc' dir='ltr'><em>Κάβαροι</em></span> <span class='ocrx_word' id='word_1_13' title='bbox 844 797 914 866; x_wconf 87' lang='grc' dir='ltr'><em>ἀπὸ</em></span> <span class='ocrx_word' id='word_1_14' title='bbox 941 808 997 881; x_wconf 84' lang='grc' dir='ltr'><em>τής</em></span> <span class='ocrx_word' id='word_1_15' title='bbox 1014 773 1083 867; x_wconf 79' lang='grc' dir='ltr'><em>τοῖν</em></span> <span class='ocrx_word' id='word_1_16' title='bbox 1099 799 1265 888; x_wconf 87' lang='grc' dir='ltr'><em>Χαζοίρων</em></span> <span class='ocrx_word' id='word_1_17' title='bbox 1288 789 1399 885; x_wconf 85' lang='grc' dir='ltr'><em>γενεάς</em></span> 
     </span>
     <span class='ocr_line' id='line_1_4' title="bbox 99 900 1399 998; baseline 0.001 -25"><span class='ocrx_word' id='word_1_18' title='bbox 99 905 259 998; x_wconf 76' lang='grc' dir='ltr'><em>έπήρχον·</em></span> <span class='ocrx_word' id='word_1_19' title='bbox 284 908 341 973; x_wconf 83' lang='grc' dir='ltr'><em>καί</em></span> <span class='ocrx_word' id='word_1_20' title='bbox 364 905 401 990; x_wconf 87' lang='grc' dir='ltr'><em>δή</em></span> <span class='ocrx_word' id='word_1_21' title='bbox 427 904 608 993; x_wconf 77' lang='grc' dir='ltr'><em>συμβᾶσάν</em></span> <span class='ocrx_word' id='word_1_22' title='bbox 643 931 719 972; x_wconf 91' lang='grc' dir='ltr'><em>τινα</em></span> <span class='ocrx_word' id='word_1_23' title='bbox 751 905 830 998; x_wconf 82' lang='grc' dir='ltr'><em>παρ’</em></span> <span class='ocrx_word' id='word_1_24' title='bbox 854 900 967 975; x_wconf 81' lang='grc' dir='ltr'><em>αι’·τῶν</em></span> <span class='ocrx_word' id='word_1_25' title='bbox 997 907 1216 977; x_wconf 78' lang='grc' dir='ltr'><em>ἀποστασίαν</em></span> <span class='ocrx_word' id='word_1_26' title='bbox 1239 906 1399 994; x_wconf 84' lang='grc' dir='ltr'><em>γενέσθαι</em></span> 
     </span>
     <span class='ocr_line' id='line_1_5' title="bbox 1 1011 1399 1108; baseline 0 -26"><span class='ocrx_word' id='word_1_27' title='bbox 1 1019 2 1082; x_wconf 66' lang='grc' dir='ltr'><em>λ</em></span> <span class='ocrx_word' id='word_1_28' title='bbox 101 1011 181 1104; x_wconf 77' lang='grc' dir='ltr'><em>πρὸς</em></span> <span class='ocrx_word' id='word_1_29' title='bbox 205 1011 266 1097; x_wconf 86' lang='grc' dir='ltr'><em>τήν</em></span> <span class='ocrx_word' id='word_1_30' title='bbox 289 1012 397 1108; x_wconf 85' lang='grc' dir='ltr'><em>ἀρχήν</em></span> <span class='ocrx_word' id='word_1_31' title='bbox 420 1013 542 1102; x_wconf 84' lang='grc' dir='ltr'><em>αὐτῶν,</em></span> <span class='ocrx_word' id='word_1_32' title='bbox 565 1015 623 1085; x_wconf 82' lang='grc' dir='ltr'><em>καλ</em></span> <span class='ocrx_word' id='word_1_33' title='bbox 646 1014 787 1102; x_wconf 87' lang='grc' dir='ltr'><em>πολέμου</em></span> <span class='ocrx_word' id='word_1_34' title='bbox 811 1015 969 1102; x_wconf 81' lang='grc' dir='ltr'><em>ἐμφυλίου</em></span> <span class='ocrx_word' id='word_1_35' title='bbox 984 1017 1226 1103; x_wconf 72' lang='grc' dir='ltr'><em>καθιστάντος,</em></span> <span class='ocrx_word' id='word_1_36' title='bbox 1251 1014 1399 1108; x_wconf 82' lang='grc' dir='ltr'><em>ήπρώτη</em></span> 
     </span>
     <span class='ocr_line' id='line_1_6' title="bbox 1 1120 1400 1214; baseline 0 -24"><span class='ocrx_word' id='word_1_37' title='bbox 1 1160 2 1210; x_wconf 59' lang='grc' dir='ltr'><em>η</em></span> <span class='ocrx_word' id='word_1_38' title='bbox 98 1121 183 1210; x_wconf 83' lang='grc' dir='ltr'><em>ἀρχή</em></span> <span class='ocrx_word' id='word_1_39' title='bbox 218 1122 333 1190; x_wconf 82' lang='grc' dir='ltr'><em>αὐτῶν</em></span> <span class='ocrx_word' id='word_1_40' title='bbox 364 1121 590 1213; x_wconf 68' lang='grc' dir='ltr'><em>ὑπερίσχυσεν,</em></span> <span class='ocrx_word' id='word_1_41' title='bbox 613 1123 670 1190; x_wconf 86' lang='grc' dir='ltr'><em>καί</em></span> <span class='ocrx_word' id='word_1_42' title='bbox 704 1120 736 1190; x_wconf 84' lang='grc' dir='ltr'><em>ὂι</em></span> <span class='ocrx_word' id='word_1_43' title='bbox 759 1123 817 1207; x_wconf 83' lang='grc' dir='ltr'><em>μὲν</em></span> <span class='ocrx_word' id='word_1_44' title='bbox 839 1123 871 1208; x_wconf 76' lang='grc' dir='ltr'><em>ἐξ</em></span> <span class='ocrx_word' id='word_1_45' title='bbox 893 1125 1008 1194; x_wconf 82' lang='grc' dir='ltr'><em>αὐτῶν</em></span> <span class='ocrx_word' id='word_1_46' title='bbox 1030 1122 1281 1214; x_wconf 82' lang='grc' dir='ltr'><em>ἀπεσφάγησαν,</em></span> <span class='ocrx_word' id='word_1_47' title='bbox 1306 1122 1340 1193; x_wconf 85' lang='grc' dir='ltr'><em>ὃι</em></span> <span class='ocrx_word' id='word_1_48' title='bbox 1363 1125 1400 1191; x_wconf 82' lang='grc' dir='ltr'><em>δέ</em></span> 
     </span>
     <span class='ocr_line' id='line_1_7' title="bbox 100 1223 1400 1323; baseline 0.003 -27"><span class='ocrx_word' id='word_1_49' title='bbox 100 1231 254 1316; x_wconf 77' lang='grc' dir='ltr'><em>ἐξέφυγον</em></span> <span class='ocrx_word' id='word_1_50' title='bbox 281 1231 337 1296; x_wconf 85' lang='grc' dir='ltr'><em>καί</em></span> <span class='ocrx_word' id='word_1_51' title='bbox 361 1223 471 1312; x_wconf 87' lang='grc' dir='ltr'><em>ήλθον</em></span> <span class='ocrx_word' id='word_1_52' title='bbox 502 1231 560 1298; x_wconf 78' lang='grc' dir='ltr'><em>καί</em></span> <span class='ocrx_word' id='word_1_53' title='bbox 591 1234 843 1311; x_wconf 81' lang='grc' dir='ltr'><em>κατεσκήνωσαν</em></span> <span class='ocrx_word' id='word_1_54' title='bbox 874 1229 957 1316; x_wconf 86' lang='grc' dir='ltr'><em>μετά</em></span> <span class='ocrx_word' id='word_1_55' title='bbox 993 1225 1058 1298; x_wconf 74' lang='grc' dir='ltr'><em>τῶν</em></span> <span class='ocrx_word' id='word_1_56' title='bbox 1091 1235 1247 1323; x_wconf 83' lang='grc' dir='ltr'><em>Τούρκων</em></span> <span class='ocrx_word' id='word_1_57' title='bbox 1271 1234 1315 1310; x_wconf 79' lang='grc' dir='ltr'><em>εἰς</em></span> <span class='ocrx_word' id='word_1_58' title='bbox 1340 1229 1400 1312; x_wconf 87' lang='grc' dir='ltr'><em>τήν</em></span> 
     </span>
     <span class='ocr_line' id='line_1_8' title="bbox 1 1332 1401 1430; baseline 0 -24"><span class='ocrx_word' id='word_1_59' title='bbox 1 1403 2 1406; x_wconf 74' lang='grc'><em>,</em></span> <span class='ocrx_word' id='word_1_60' title='bbox 101 1332 167 1405; x_wconf 72' lang='grc' dir='ltr'><em>τῶν</em></span> <span class='ocrx_word' id='word_1_61' title='bbox 191 1339 450 1420; x_wconf 83' lang='grc' dir='ltr'><em>Πατζινακιτῶν</em></span> <span class='ocrx_word' id='word_1_62' title='bbox 473 1344 545 1424; x_wconf 87' lang='grc' dir='ltr'><em>γήν,</em></span> <span class='ocrx_word' id='word_1_63' title='bbox 568 1339 626 1406; x_wconf 83' lang='grc' dir='ltr'><em>καί</em></span> <span class='ocrx_word' id='word_1_64' title='bbox 648 1338 802 1417; x_wconf 78' lang='grc' dir='ltr'><em>ἀλλίλοις</em></span> <span class='ocrx_word' id='word_1_65' title='bbox 835 1337 1136 1424; x_wconf 85' lang='grc' dir='ltr'><em>συνεφιλιάθησαν,</em></span> <span class='ocrx_word' id='word_1_66' title='bbox 1159 1341 1216 1407; x_wconf 83' lang='grc' dir='ltr'><em>καί</em></span> <span class='ocrx_word' id='word_1_67' title='bbox 1240 1339 1401 1430; x_wconf 80' lang='grc' dir='ltr'><em>Κάβαροί</em></span> 
     </span>
     <span class='ocr_line' id='line_1_9' title="bbox 1 1444 1400 1536; baseline -0.003 -20"><span class='ocrx_word' id='word_1_68' title='bbox 1 1497 2 1516; x_wconf 47' lang='grc' dir='ltr'><em>ι</em></span> <span class='ocrx_word' id='word_1_69' title='bbox 102 1471 187 1523; x_wconf 88' lang='grc' dir='ltr'><em>τινες</em></span> <span class='ocrx_word' id='word_1_70' title='bbox 221 1445 481 1530; x_wconf 77' lang='grc' dir='ltr'><em>ὠνομάσθησαν.</em></span> <span class='ocrx_word' id='word_1_71' title='bbox 512 1444 599 1514; x_wconf 77' lang='grc' dir='ltr'><em>ὅθεν</em></span> <span class='ocrx_word' id='word_1_72' title='bbox 623 1446 680 1514; x_wconf 85' lang='grc' dir='ltr'><em>καί</em></span> <span class='ocrx_word' id='word_1_73' title='bbox 704 1471 764 1528; x_wconf 89' lang='grc' dir='ltr'><em>την</em></span> <span class='ocrx_word' id='word_1_74' title='bbox 798 1453 863 1515; x_wconf 81' lang='grc' dir='ltr'><em>τῶν</em></span> <span class='ocrx_word' id='word_1_75' title='bbox 898 1447 1071 1536; x_wconf 83' lang='grc' dir='ltr'><em>Χαζάρων</em></span> <span class='ocrx_word' id='word_1_76' title='bbox 1103 1451 1260 1530; x_wconf 83' lang='grc' dir='ltr'><em>γλῶσσαν</em></span> <span class='ocrx_word' id='word_1_77' title='bbox 1282 1447 1400 1526; x_wconf 78' lang='grc' dir='ltr'><em>αὐτοῖς</em></span> 
     </span>
     <span class='ocr_line' id='line_1_10' title="bbox 102 1552 1401 1644; baseline 0.003 -26"><span class='ocrx_word' id='word_1_78' title='bbox 102 1561 171 1632; x_wconf 87' lang='grc' dir='ltr'><em>τοῖς</em></span> <span class='ocrx_word' id='word_1_79' title='bbox 206 1552 365 1641; x_wconf 83' lang='grc' dir='ltr'><em>Τούρκοις</em></span> <span class='ocrx_word' id='word_1_80' title='bbox 399 1553 563 1636; x_wconf 77' lang='grc' dir='ltr'><em>ἐδίδαξαν,</em></span> <span class='ocrx_word' id='word_1_81' title='bbox 596 1556 653 1620; x_wconf 85' lang='grc' dir='ltr'><em>καί</em></span> <span class='ocrx_word' id='word_1_82' title='bbox 683 1553 781 1644; x_wconf 84' lang='grc' dir='ltr'><em>μέχρι</em></span> <span class='ocrx_word' id='word_1_83' title='bbox 816 1562 875 1622; x_wconf 70' lang='grc' dir='ltr'><em>τοῖν</em></span> <span class='ocrx_word' id='word_1_84' title='bbox 908 1561 967 1621; x_wconf 81' lang='grc' dir='ltr'><em>νῦν</em></span> <span class='ocrx_word' id='word_1_85' title='bbox 1001 1552 1061 1636; x_wconf 86' lang='grc' dir='ltr'><em>τήν</em></span> <span class='ocrx_word' id='word_1_86' title='bbox 1092 1553 1201 1637; x_wconf 82' lang='grc' dir='ltr'><em>αὐτήν</em></span> <span class='ocrx_word' id='word_1_87' title='bbox 1224 1554 1401 1622; x_wconf 88' lang='grc' dir='ltr'><em>διάλεκτον</em></span> 
     </span>
     <span class='ocr_line' id='line_1_11' title="bbox 97 1657 1401 1754; baseline 0.004 -27"><span class='ocrx_word' id='word_1_88' title='bbox 97 1657 249 1745; x_wconf 77' lang='grc' dir='ltr'><em>έχουσιν·</em></span> <span class='ocrx_word' id='word_1_89' title='bbox 275 1657 390 1742; x_wconf 77' lang='grc' dir='ltr'><em>έχουσι</em></span> <span class='ocrx_word' id='word_1_90' title='bbox 424 1661 458 1728; x_wconf 87' lang='grc' dir='ltr'><em>δέ</em></span> <span class='ocrx_word' id='word_1_91' title='bbox 490 1663 547 1728; x_wconf 86' lang='grc' dir='ltr'><em>καί</em></span> <span class='ocrx_word' id='word_1_92' title='bbox 572 1659 632 1743; x_wconf 87' lang='grc' dir='ltr'><em>τήν</em></span> <span class='ocrx_word' id='word_1_93' title='bbox 666 1669 734 1728; x_wconf 81' lang='grc' dir='ltr'><em>τῶν</em></span> <span class='ocrx_word' id='word_1_94' title='bbox 772 1661 929 1754; x_wconf 83' lang='grc' dir='ltr'><em>Τοάρκων</em></span> <span class='ocrx_word' id='word_1_95' title='bbox 954 1659 1069 1752; x_wconf 75' lang='grc' dir='ltr'><em>ἑτέραν</em></span> <span class='ocrx_word' id='word_1_96' title='bbox 1092 1667 1261 1749; x_wconf 82' lang='grc' dir='ltr'><em>γλῶτταν.</em></span> <span class='ocrx_word' id='word_1_97' title='bbox 1286 1657 1341 1730; x_wconf 87' lang='grc' dir='ltr'><em>διά</em></span> <span class='ocrx_word' id='word_1_98' title='bbox 1365 1664 1401 1732; x_wconf 80' lang='grc' dir='ltr'><em>δέ</em></span> 
     </span>
     <span class='ocr_line' id='line_1_12' title="bbox 1 1766 1399 1860; baseline 0.002 -25"><span class='ocrx_word' id='word_1_99' title='bbox 1 1795 3 1821; x_wconf 82' lang='lat'>=</span> <span class='ocrx_word' id='word_1_100' title='bbox 99 1767 140 1836; x_wconf 86' lang='grc' dir='ltr'><em>τὸ</em></span> <span class='ocrx_word' id='word_1_101' title='bbox 177 1769 222 1846; x_wconf 86' lang='grc' dir='ltr'><em>είς</em></span> <span class='ocrx_word' id='word_1_102' title='bbox 256 1766 335 1846; x_wconf 81' lang='grc' dir='ltr'><em>τούς</em></span> <span class='ocrx_word' id='word_1_103' title='bbox 366 1768 525 1852; x_wconf 78' lang='grc' dir='ltr'><em>πολέμους</em></span> <span class='ocrx_word' id='word_1_104' title='bbox 559 1767 796 1858; x_wconf 76' lang='grc' dir='ltr'><em>ἰσχυροτέρους</em></span> <span class='ocrx_word' id='word_1_105' title='bbox 827 1770 883 1838; x_wconf 81' lang='grc' dir='ltr'><em>καί</em></span> <span class='ocrx_word' id='word_1_106' title='bbox 915 1769 1162 1860; x_wconf 79' lang='grc' dir='ltr'><em>ἀνδρειοτέρους</em></span> <span class='ocrx_word' id='word_1_107' title='bbox 1202 1769 1399 1841; x_wconf 70' lang='grc' dir='ltr'><em>δείκνυσθαι</em></span> 
     </span>
     <span class='ocr_line' id='line_1_13' title="bbox 100 1867 1401 1970; baseline 0.002 -27"><span class='ocrx_word' id='word_1_108' title='bbox 100 1885 170 1943; x_wconf 80' lang='grc' dir='ltr'><em>τῶν</em></span> <span class='ocrx_word' id='word_1_109' title='bbox 194 1875 281 1945; x_wconf 68' lang='lat' dir='ltr'><em>dm)</em></span> <span class='ocrx_word' id='word_1_110' title='bbox 305 1867 420 1962; x_wconf 82' lang='grc' dir='ltr'><em>γενεῶν</em></span> <span class='ocrx_word' id='word_1_111' title='bbox 444 1877 500 1942; x_wconf 86' lang='grc' dir='ltr'><em>καί</em></span> <span class='ocrx_word' id='word_1_112' title='bbox 524 1875 732 1966; x_wconf 84' lang='grc' dir='ltr'><em>προεξάρχειν</em></span> <span class='ocrx_word' id='word_1_113' title='bbox 750 1883 810 1943; x_wconf 83' lang='grc' dir='ltr'><em>τοῦ</em></span> <span class='ocrx_word' id='word_1_114' title='bbox 835 1875 977 1964; x_wconf 89' lang='grc' dir='ltr'><em>πολέμου</em></span> <span class='ocrx_word' id='word_1_115' title='bbox 1001 1877 1248 1967; x_wconf 73' lang='grc' dir='ltr'><em>προεκρίθησαν</em></span> <span class='ocrx_word' id='word_1_116' title='bbox 1272 1871 1401 1970; x_wconf 84' lang='grc' dir='ltr'><em>πρῶται</em></span> 
     </span>
     <span class='ocr_line' id='line_1_14' title="bbox 96 1975 1402 2075; baseline 0 -23"><span class='ocrx_word' id='word_1_117' title='bbox 96 1989 222 2072; x_wconf 86' lang='grc' dir='ltr'><em>γενεαί.</em></span> <span class='ocrx_word' id='word_1_118' title='bbox 245 1975 290 2062; x_wconf 86' lang='grc' dir='ltr'><em>εἷς</em></span> <span class='ocrx_word' id='word_1_119' title='bbox 321 1985 357 2052; x_wconf 84' lang='grc' dir='ltr'><em>δέ</em></span> <span class='ocrx_word' id='word_1_120' title='bbox 384 1983 476 2052; x_wconf 84' lang='grc' dir='ltr'><em>ἐστιν</em></span> <span class='ocrx_word' id='word_1_121' title='bbox 508 1979 625 2072; x_wconf 85' lang='grc' dir='ltr'><em>ἀρχων</em></span> <span class='ocrx_word' id='word_1_122' title='bbox 651 1981 685 2048; x_wconf 83' lang='grc' dir='ltr'><em>ἐν</em></span> <span class='ocrx_word' id='word_1_123' title='bbox 717 1981 844 2069; x_wconf 82' lang='grc' dir='ltr'><em>αὐτοῖς,</em></span> <span class='ocrx_word' id='word_1_124' title='bbox 879 1979 981 2068; x_wconf 84' lang='grc' dir='ltr'><em>ήγουν</em></span> <span class='ocrx_word' id='word_1_125' title='bbox 1004 1983 1039 2049; x_wconf 79' lang='grc' dir='ltr'><em>ἐν</em></span> <span class='ocrx_word' id='word_1_126' title='bbox 1064 1992 1137 2062; x_wconf 90' lang='grc' dir='ltr'><em>ταῖς</em></span> <span class='ocrx_word' id='word_1_127' title='bbox 1162 1988 1253 2075; x_wconf 84' lang='grc' dir='ltr'><em>τρισί</em></span> <span class='ocrx_word' id='word_1_128' title='bbox 1276 1993 1402 2070; x_wconf 83' lang='grc' dir='ltr'><em>γενεαῖς</em></span> 
     </span>
     <span class='ocr_line' id='line_1_15' title="bbox 1 2087 1049 2182; baseline 0 -26"><span class='ocrx_word' id='word_1_129' title='bbox 1 2143 2 2156; x_wconf 67' lang='grc'><em>,</em></span> <span class='ocrx_word' id='word_1_130' title='bbox 99 2102 170 2159; x_wconf 81' lang='grc' dir='ltr'><em>τῶν</em></span> <span class='ocrx_word' id='word_1_131' title='bbox 196 2091 376 2182; x_wconf 77' lang='grc' dir='ltr'><em>Καβάρινν,</em></span> <span class='ocrx_word' id='word_1_132' title='bbox 401 2089 497 2169; x_wconf 75' lang='grc' dir='ltr'><em>ὅστις</em></span> <span class='ocrx_word' id='word_1_133' title='bbox 518 2093 575 2157; x_wconf 84' lang='grc' dir='ltr'><em>καί</em></span> <span class='ocrx_word' id='word_1_134' title='bbox 597 2090 695 2179; x_wconf 85' lang='grc' dir='ltr'><em>μέχρι</em></span> <span class='ocrx_word' id='word_1_135' title='bbox 721 2100 779 2171; x_wconf 86' lang='grc' dir='ltr'><em>τής</em></span> <span class='ocrx_word' id='word_1_136' title='bbox 803 2091 943 2180; x_wconf 76' lang='grc' dir='ltr'><em>σήμερον</em></span> <span class='ocrx_word' id='word_1_137' title='bbox 967 2087 1049 2160; x_wconf 65' lang='grc' dir='ltr'><em>ἔστι.</em></span> 
     </span>
    </p>
   </div>
   <div class='ocr_carea' id='block_1_4' title="bbox 199 2284 1308 2506">
    <p class='ocr_par' dir='ltr' id='par_1_4' title="bbox 199 2284 1308 2506">
     <span class='ocr_line' id='line_1_16' title="bbox 604 2284 902 2381; baseline 0 -17"><span class='ocrx_word' id='word_1_138' title='bbox 604 2284 836 2381; x_wconf 74' lang='grc' dir='ltr'><em>Κεφάλαιον</em></span> <span class='ocrx_word' id='word_1_139' title='bbox 863 2309 902 2378; x_wconf 78' lang='grc' dir='ltr'><em>μ’.</em></span> 
     </span>
     <span class='ocr_line' id='line_1_17' title="bbox 199 2415 1308 2506; baseline 0.002 -26"><span class='ocrx_word' id='word_1_140' title='bbox 199 2415 311 2504; x_wconf 77' lang='grc' dir='ltr'><em>Περὶ</em></span> <span class='ocrx_word' id='word_1_141' title='bbox 338 2419 421 2480; x_wconf 83' lang='grc' dir='ltr'><em>τῶν</em></span> <span class='ocrx_word' id='word_1_142' title='bbox 444 2419 608 2500; x_wconf 77' lang='grc' dir='ltr'><em>γενεῶν</em></span> <span class='ocrx_word' id='word_1_143' title='bbox 632 2421 715 2480; x_wconf 85' lang='grc' dir='ltr'><em>τῶν</em></span> <span class='ocrx_word' id='word_1_144' title='bbox 740 2417 965 2506; x_wconf 79' lang='grc' dir='ltr'><em>,Καβάρων</em></span> <span class='ocrx_word' id='word_1_145' title='bbox 988 2416 1062 2482; x_wconf 84' lang='grc' dir='ltr'><em>καί</em></span> <span class='ocrx_word' id='word_1_146' title='bbox 1091 2417 1308 2506; x_wconf 82' lang='grc' dir='ltr'><em>Τούρκων.</em></span> 
     </span>
    </p>
   </div>
   <div class='ocr_carea' id='block_1_5' title="bbox 1 2573 1405 4391">
    <p class='ocr_par' dir='ltr' id='par_1_5' title="bbox 1 2573 1405 4391">
     <span class='ocr_line' id='line_1_18' title="bbox 213 2573 1403 2672; baseline 0.002 -30"><span class='ocrx_word' id='word_1_147' title='bbox 213 2577 339 2667; x_wconf 85' lang='grc' dir='ltr'><em>Πρώτη</em></span> <span class='ocrx_word' id='word_1_148' title='bbox 356 2575 373 2656; x_wconf 87' lang='grc' dir='ltr'><em>ή</em></span> <span class='ocrx_word' id='word_1_149' title='bbox 395 2573 485 2666; x_wconf 88' lang='grc' dir='ltr'><em>παρά</em></span> <span class='ocrx_word' id='word_1_150' title='bbox 503 2584 567 2644; x_wconf 79' lang='grc' dir='ltr'><em>τῶν</em></span> <span class='ocrx_word' id='word_1_151' title='bbox 579 2574 744 2668; x_wconf 84' lang='grc' dir='ltr'><em>Χαζάρων</em></span> <span class='ocrx_word' id='word_1_152' title='bbox 758 2575 1018 2642; x_wconf 84' lang='grc' dir='ltr'><em>ἀποσπασθεῖσα</em></span> <span class='ocrx_word' id='word_1_153' title='bbox 1034 2573 1122 2658; x_wconf 85' lang='grc' dir='ltr'><em>ἀυτη</em></span> <span class='ocrx_word' id='word_1_154' title='bbox 1138 2575 1156 2660; x_wconf 84' lang='grc' dir='ltr'><em>ή</em></span> <span class='ocrx_word' id='word_1_155' title='bbox 1174 2581 1403 2672; x_wconf 87' lang='grc' dir='ltr'><em>προρρηθεῖσα</em></span> 
     </span>
     <span class='ocr_line' id='line_1_19' title="bbox 1 2681 1403 2777; baseline 0.004 -31"><span class='ocrx_word' id='word_1_156' title='bbox 1 2721 2 2746; x_wconf 71' lang='grc'>;</span> <span class='ocrx_word' id='word_1_157' title='bbox 99 2691 170 2752; x_wconf 83' lang='grc' dir='ltr'><em>τῶν</em></span> <span class='ocrx_word' id='word_1_158' title='bbox 196 2685 368 2774; x_wconf 77' lang='grc' dir='ltr'><em>Καβείρων</em></span> <span class='ocrx_word' id='word_1_159' title='bbox 389 2682 492 2770; x_wconf 86' lang='grc' dir='ltr'><em>γενεά,</em></span> <span class='ocrx_word' id='word_1_160' title='bbox 507 2683 644 2773; x_wconf 88' lang='grc' dir='ltr'><em>δευτέρα</em></span> <span class='ocrx_word' id='word_1_161' title='bbox 670 2690 729 2750; x_wconf 82' lang='grc' dir='ltr'><em>τοῦ</em></span> <span class='ocrx_word' id='word_1_162' title='bbox 766 2681 863 2766; x_wconf 87' lang='grc' dir='ltr'><em>Νέκη,</em></span> <span class='ocrx_word' id='word_1_163' title='bbox 886 2684 985 2775; x_wconf 88' lang='grc' dir='ltr'><em>τρίτη</em></span> <span class='ocrx_word' id='word_1_164' title='bbox 1014 2689 1073 2753; x_wconf 82' lang='grc' dir='ltr'><em>τοῦ</em></span> <span class='ocrx_word' id='word_1_165' title='bbox 1101 2685 1241 2777; x_wconf 88' lang='grc' dir='ltr'><em>Μεγέρη,</em></span> <span class='ocrx_word' id='word_1_166' title='bbox 1259 2685 1403 2776; x_wconf 82' lang='grc' dir='ltr'><em>τετάρτη</em></span> 
     </span>
     <span class='ocr_line' id='line_1_20' title="bbox 1 2790 1403 2889; baseline -0.001 -29"><span class='ocrx_word' id='word_1_167' title='bbox 1 2795 2 2872; x_wconf 63' lang='lat' dir='ltr'>J</span> <span class='ocrx_word' id='word_1_168' title='bbox 99 2799 163 2860; x_wconf 82' lang='grc' dir='ltr'><em>τοῦ</em></span> <span class='ocrx_word' id='word_1_169' title='bbox 181 2791 494 2881; x_wconf 85' lang='grc' dir='ltr'><em>Κουρτυγερμάτου,</em></span> <span class='ocrx_word' id='word_1_170' title='bbox 509 2791 638 2878; x_wconf 79' lang='grc' dir='ltr'><em>πέμπτη</em></span> <span class='ocrx_word' id='word_1_171' title='bbox 657 2796 715 2860; x_wconf 82' lang='grc' dir='ltr'><em>τοῦ</em></span> <span class='ocrx_word' id='word_1_172' title='bbox 734 2790 914 2884; x_wconf 75' lang='grc' dir='ltr'><em>Ταριάνου,</em></span> <span class='ocrx_word' id='word_1_173' title='bbox 931 2790 1009 2874; x_wconf 76' lang='grc' dir='ltr'><em>ἕκτη</em></span> <span class='ocrx_word' id='word_1_174' title='bbox 1022 2797 1053 2858; x_wconf 87' lang='grc' dir='ltr'>Γ</span> <span class='ocrx_word' id='word_1_175' title='bbox 1049 2793 1104 2861; x_wconf 90' lang='grc' dir='ltr'><em>ενά</em></span> <span class='ocrx_word' id='word_1_176' title='bbox 1106 2820 1142 2879; x_wconf 91' lang='grc' dir='ltr'><em>χ,</em></span> <span class='ocrx_word' id='word_1_177' title='bbox 1151 2792 1277 2882; x_wconf 78' lang='grc' dir='ltr'><em>ἑβδόμη</em></span> <span class='ocrx_word' id='word_1_178' title='bbox 1293 2793 1389 2889; x_wconf 85' lang='grc' dir='ltr'><em>Καρή</em></span> <span class='ocrx_word' id='word_1_179' title='bbox 1395 2849 1403 2878; x_wconf 89' lang='grc'><em>,</em></span> 
     </span>
     <span class='ocr_line' id='line_1_21' title="bbox 1 2893 1403 2991; baseline 0.002 -25"><span class='ocrx_word' id='word_1_180' title='bbox 1 2893 2 2932; x_wconf 64' lang='lat'><em>³</em></span> <span class='ocrx_word' id='word_1_181' title='bbox 98 2901 210 2987; x_wconf 84' lang='grc' dir='ltr'><em>ὀγδόη</em></span> <span class='ocrx_word' id='word_1_182' title='bbox 245 2906 354 2982; x_wconf 87' lang='grc' dir='ltr'><em>Κασή.</em></span> <span class='ocrx_word' id='word_1_183' title='bbox 378 2904 435 2968; x_wconf 85' lang='grc' dir='ltr'><em>καί</em></span> <span class='ocrx_word' id='word_1_184' title='bbox 468 2897 575 2978; x_wconf 85' lang='grc' dir='ltr'><em>δυτως</em></span> <span class='ocrx_word' id='word_1_185' title='bbox 598 2898 751 2980; x_wconf 86' lang='grc' dir='ltr'><em>ἀλλήλοις</em></span> <span class='ocrx_word' id='word_1_186' title='bbox 779 2899 1007 2988; x_wconf 80' lang='grc' dir='ltr'><em>συναφθέντος</em></span> <span class='ocrx_word' id='word_1_187' title='bbox 1038 2899 1123 2987; x_wconf 83' lang='grc' dir='ltr'><em>μετά</em></span> <span class='ocrx_word' id='word_1_188' title='bbox 1157 2908 1223 2969; x_wconf 84' lang='grc' dir='ltr'><em>τῶν</em></span> <span class='ocrx_word' id='word_1_189' title='bbox 1250 2901 1403 2991; x_wconf 82' lang='grc' dir='ltr'><em>Τοάρκων</em></span> 
     </span>
     <span class='ocr_line' id='line_1_22' title="bbox 1 3005 1404 3100; baseline -0.001 -23"><span class='ocrx_word' id='word_1_190' title='bbox 1 3033 2 3086; x_wconf 78' lang='lat' dir='ltr'>s</span> <span class='ocrx_word' id='word_1_191' title='bbox 97 3008 131 3077; x_wconf 81' lang='grc' dir='ltr'><em>οἱ</em></span> <span class='ocrx_word' id='word_1_192' title='bbox 175 3009 334 3100; x_wconf 79' lang='grc' dir='ltr'><em>Καβάροι</em></span> <span class='ocrx_word' id='word_1_193' title='bbox 368 3005 411 3085; x_wconf 85' lang='grc' dir='ltr'><em>είς</em></span> <span class='ocrx_word' id='word_1_194' title='bbox 448 3005 510 3088; x_wconf 87' lang='grc' dir='ltr'><em>τήν</em></span> <span class='ocrx_word' id='word_1_195' title='bbox 542 3015 608 3076; x_wconf 82' lang='grc' dir='ltr'><em>τῶν</em></span> <span class='ocrx_word' id='word_1_196' title='bbox 641 3009 900 3088; x_wconf 85' lang='grc' dir='ltr'><em>Πατζινακιτῶν</em></span> <span class='ocrx_word' id='word_1_197' title='bbox 930 3009 1130 3097; x_wconf 80' lang='grc' dir='ltr'><em>κατῴκησαν</em></span> <span class='ocrx_word' id='word_1_198' title='bbox 1158 3015 1229 3096; x_wconf 82' lang='grc' dir='ltr'><em>γήν.</em></span> <span class='ocrx_word' id='word_1_199' title='bbox 1261 3007 1345 3096; x_wconf 86' lang='grc' dir='ltr'><em>μετά</em></span> <span class='ocrx_word' id='word_1_200' title='bbox 1369 3009 1404 3076; x_wconf 84' lang='grc' dir='ltr'><em>δέ</em></span> 
     </span>
     <span class='ocr_line' id='line_1_23' title="bbox 1 3113 1402 3208; baseline -0.004 -22"><span class='ocrx_word' id='word_1_201' title='bbox 1 3135 2 3186; x_wconf 69' lang='lat'>1</span> <span class='ocrx_word' id='word_1_202' title='bbox 99 3125 219 3184; x_wconf 84' lang='grc' dir='ltr'><em>ταῦτα</em></span> <span class='ocrx_word' id='word_1_203' title='bbox 242 3113 333 3208; x_wconf 86' lang='grc' dir='ltr'><em>παρά</em></span> <span class='ocrx_word' id='word_1_204' title='bbox 358 3114 501 3193; x_wconf 86' lang='grc' dir='ltr'><em>Λέοντος</em></span> <span class='ocrx_word' id='word_1_205' title='bbox 525 3123 585 3183; x_wconf 84' lang='grc' dir='ltr'><em>τοῦ</em></span> <span class='ocrx_word' id='word_1_206' title='bbox 610 3116 828 3207; x_wconf 72' lang='grc' dir='ltr'><em>φιλοχρίστου</em></span> <span class='ocrx_word' id='word_1_207' title='bbox 851 3117 908 3184; x_wconf 83' lang='grc' dir='ltr'><em>καί</em></span> <span class='ocrx_word' id='word_1_208' title='bbox 934 3115 1090 3203; x_wconf 87' lang='grc' dir='ltr'><em>ἀοιδίμου</em></span> <span class='ocrx_word' id='word_1_209' title='bbox 1113 3115 1274 3204; x_wconf 85' lang='grc' dir='ltr'><em>βασιλέως</em></span> <span class='ocrx_word' id='word_1_210' title='bbox 1297 3135 1402 3206; x_wconf 82' lang='grc' dir='ltr'><em>προσ-</em></span> 
     </span>
     <span class='ocr_line' id='line_1_24' title="bbox 97 3221 1404 3315; baseline -0.003 -21"><span class='ocrx_word' id='word_1_211' title='bbox 97 3225 283 3306; x_wconf 82' lang='grc' dir='ltr'><em>κληθέντες</em></span> <span class='ocrx_word' id='word_1_212' title='bbox 314 3223 521 3314; x_wconf 84' lang='grc' dir='ltr'><em>διεπέρασαν,</em></span> <span class='ocrx_word' id='word_1_213' title='bbox 554 3225 612 3290; x_wconf 86' lang='grc' dir='ltr'><em>καί</em></span> <span class='ocrx_word' id='word_1_214' title='bbox 646 3221 707 3292; x_wconf 87' lang='grc' dir='ltr'><em>τὸν</em></span> <span class='ocrx_word' id='word_1_215' title='bbox 739 3223 878 3309; x_wconf 76' lang='grc' dir='ltr'><em>Συμεὼν</em></span> <span class='ocrx_word' id='word_1_216' title='bbox 900 3223 1140 3309; x_wconf 78' lang='grc' dir='ltr'><em>πολεμήσαντες</em></span> <span class='ocrx_word' id='word_1_217' title='bbox 1171 3221 1258 3290; x_wconf 90' lang='grc' dir='ltr'><em>κατά</em></span> <span class='ocrx_word' id='word_1_218' title='bbox 1282 3225 1404 3315; x_wconf 85' lang='grc' dir='ltr'><em>κράτος</em></span> 
     </span>
     <span class='ocr_line' id='line_1_25' title="bbox 1 3328 1402 3427; baseline -0.004 -24"><span class='ocrx_word' id='word_1_219' title='bbox 1 3343 2 3348; x_wconf 74' lang='grc'>’</span> <span class='ocrx_word' id='word_1_220' title='bbox 97 3331 213 3404; x_wconf 88' lang='grc' dir='ltr'><em>ἀυτόν</em></span> <span class='ocrx_word' id='word_1_221' title='bbox 239 3328 401 3417; x_wconf 83' lang='grc' dir='ltr'><em>ήττησαν,</em></span> <span class='ocrx_word' id='word_1_222' title='bbox 424 3331 483 3398; x_wconf 84' lang='grc' dir='ltr'><em>καί</em></span> <span class='ocrx_word' id='word_1_223' title='bbox 516 3329 726 3411; x_wconf 82' lang='grc' dir='ltr'><em>ἐξελάσαντες</em></span> <span class='ocrx_word' id='word_1_224' title='bbox 757 3330 850 3420; x_wconf 88' lang='grc' dir='ltr'><em>μέχρι</em></span> <span class='ocrx_word' id='word_1_225' title='bbox 876 3339 935 3412; x_wconf 77' lang='grc' dir='ltr'><em>τῆς</em></span> <span class='ocrx_word' id='word_1_226' title='bbox 958 3330 1212 3427; x_wconf 79' lang='grc' dir='ltr'><em>Πρεσθλάβουι</em></span> <span class='ocrx_word' id='word_1_227' title='bbox 1246 3331 1402 3417; x_wconf 76' lang='grc' dir='ltr'><em>διῆλθον,</em></span> 
     </span>
     <span class='ocr_line' id='line_1_26' title="bbox 96 3436 1404 3530; baseline -0.003 -20"><span class='ocrx_word' id='word_1_228' title='bbox 96 3437 359 3516; x_wconf 83' lang='grc' dir='ltr'><em>ἀποκλείσαντες</em></span> <span class='ocrx_word' id='word_1_229' title='bbox 383 3436 490 3508; x_wconf 78' lang='grc' dir='ltr'><em>αὐτὸν</em></span> <span class='ocrx_word' id='word_1_230' title='bbox 513 3437 557 3516; x_wconf 77' lang='grc' dir='ltr'><em>εἰς</em></span> <span class='ocrx_word' id='word_1_231' title='bbox 581 3436 620 3506; x_wconf 87' lang='grc' dir='ltr'>τό</span> <span class='ocrx_word' id='word_1_232' title='bbox 646 3438 792 3528; x_wconf 90' lang='grc' dir='ltr'><em>κάστρον</em></span> <span class='ocrx_word' id='word_1_233' title='bbox 817 3437 855 3504; x_wconf 85' lang='grc' dir='ltr'><em>τὸ</em></span> <span class='ocrx_word' id='word_1_234' title='bbox 882 3436 1056 3524; x_wconf 85' lang='grc' dir='ltr'><em>λεγόμενον</em></span> <span class='ocrx_word' id='word_1_235' title='bbox 1089 3437 1326 3530; x_wconf 58' lang='grc' dir='ltr'><em>Μουνδράγοβ</em></span> <span class='ocrx_word' id='word_1_236' title='bbox 1347 3441 1404 3506; x_wconf 83' lang='grc' dir='ltr'><em>καί</em></span> 
     </span>
     <span class='ocr_line' id='line_1_27' title="bbox 1 3538 1405 3640; baseline 0.003 -30"><span class='ocrx_word' id='word_1_237' title='bbox 1 3538 2 3610; x_wconf 63' lang='grc' dir='ltr'>Ξ</span> <span class='ocrx_word' id='word_1_238' title='bbox 95 3553 146 3628; x_wconf 78' lang='grc' dir='ltr'><em>είς</em></span> <span class='ocrx_word' id='word_1_239' title='bbox 165 3543 230 3628; x_wconf 89' lang='grc' dir='ltr'><em>τήν</em></span> <span class='ocrx_word' id='word_1_240' title='bbox 245 3543 335 3614; x_wconf 81' lang='grc' dir='ltr'><em>ἰδίαν</em></span> <span class='ocrx_word' id='word_1_241' title='bbox 345 3547 458 3636; x_wconf 84' lang='grc' dir='ltr'><em>χώραν</em></span> <span class='ocrx_word' id='word_1_242' title='bbox 476 3543 698 3638; x_wconf 73' lang='grc' dir='ltr'><em>ὑπέστρεψαν·</em></span> <span class='ocrx_word' id='word_1_243' title='bbox 718 3552 766 3636; x_wconf 80' lang='grc' dir='ltr'><em>τῷ</em></span> <span class='ocrx_word' id='word_1_244' title='bbox 790 3544 824 3612; x_wconf 82' lang='grc' dir='ltr'><em>δέ</em></span> <span class='ocrx_word' id='word_1_245' title='bbox 848 3545 924 3613; x_wconf 89' lang='grc' dir='ltr'><em>τότε</em></span> <span class='ocrx_word' id='word_1_246' title='bbox 948 3553 1050 3640; x_wconf 70' lang='grc' dir='ltr'><em>καιρῷ</em></span> <span class='ocrx_word' id='word_1_247' title='bbox 1068 3544 1127 3614; x_wconf 88' lang='grc' dir='ltr'><em>τδν</em></span> <span class='ocrx_word' id='word_1_248' title='bbox 1142 3545 1328 3614; x_wconf 83' lang='grc' dir='ltr'><em>Λιοάντινα</em></span> <span class='ocrx_word' id='word_1_249' title='bbox 1345 3547 1405 3614; x_wconf 89' lang='grc' dir='ltr'><em>τόν</em></span> 
     </span>
     <span class='ocr_line' id='line_1_28' title="bbox 1 3646 1403 3752; baseline -0.003 -28"><span class='ocrx_word' id='word_1_250' title='bbox 1 3743 2 3752; x_wconf 31' lang='grc'><em>,</em></span> <span class='ocrx_word' id='word_1_251' title='bbox 99 3657 179 3726; x_wconf 78' lang='grc' dir='ltr'><em>διόν</em></span> <span class='ocrx_word' id='word_1_252' title='bbox 197 3647 258 3722; x_wconf 75' lang='grc' dir='ltr'><em>τοῦ</em></span> <span class='ocrx_word' id='word_1_253' title='bbox 280 3651 423 3747; x_wconf 79' lang='grc' dir='ltr'><em>Ἀρπαδή</em></span> <span class='ocrx_word' id='word_1_254' title='bbox 441 3646 527 3736; x_wconf 85' lang='grc' dir='ltr'><em>είχον</em></span> <span class='ocrx_word' id='word_1_255' title='bbox 541 3647 705 3743; x_wconf 81' lang='grc' dir='ltr'><em>ἀρχοντα.</em></span> <span class='ocrx_word' id='word_1_256' title='bbox 721 3647 805 3740; x_wconf 87' lang='grc' dir='ltr'><em>μετά</em></span> <span class='ocrx_word' id='word_1_257' title='bbox 820 3652 857 3720; x_wconf 83' lang='grc' dir='ltr'><em>δέ</em></span> <span class='ocrx_word' id='word_1_258' title='bbox 881 3652 918 3721; x_wconf 80' lang='grc' dir='ltr'><em>τά</em></span> <span class='ocrx_word' id='word_1_259' title='bbox 945 3653 1046 3721; x_wconf 88' lang='grc' dir='ltr'><em>πάλιν</em></span> <span class='ocrx_word' id='word_1_260' title='bbox 1072 3653 1131 3745; x_wconf 79' lang='grc' dir='ltr'><em>τὸν</em></span> <span class='ocrx_word' id='word_1_261' title='bbox 1153 3650 1296 3738; x_wconf 76' lang='grc' dir='ltr'><em>’Συμεὼν</em></span> <span class='ocrx_word' id='word_1_262' title='bbox 1319 3654 1403 3740; x_wconf 85' lang='grc' dir='ltr'><em>μετά</em></span> 
     </span>
     <span class='ocr_line' id='line_1_29' title="bbox 1 3753 1402 3850; baseline -0.006 -16"><span class='ocrx_word' id='word_1_263' title='bbox 1 3811 2 3848; x_wconf 42' lang='grc' dir='ltr'><em>η</em></span> <span class='ocrx_word' id='word_1_264' title='bbox 99 3771 164 3834; x_wconf 81' lang='grc' dir='ltr'><em>τοῦ</em></span> <span class='ocrx_word' id='word_1_265' title='bbox 195 3760 358 3850; x_wconf 76' lang='grc' dir='ltr'><em>βασιλέως</em></span> <span class='ocrx_word' id='word_1_266' title='bbox 383 3768 450 3828; x_wconf 82' lang='grc' dir='ltr'><em>τῶν</em></span> <span class='ocrx_word' id='word_1_267' title='bbox 469 3758 640 3848; x_wconf 84' lang='grc' dir='ltr'><em>Ῥωμαίων</em></span> <span class='ocrx_word' id='word_1_268' title='bbox 661 3759 910 3850; x_wconf 81' lang='grc' dir='ltr'><em>εἰρηνεύεσθαι,</em></span> <span class='ocrx_word' id='word_1_269' title='bbox 944 3761 1002 3828; x_wconf 83' lang='grc' dir='ltr'><em>καὶ</em></span> <span class='ocrx_word' id='word_1_270' title='bbox 1034 3763 1151 3846; x_wconf 77' lang='grc' dir='ltr'><em>λαβεῖν</em></span> <span class='ocrx_word' id='word_1_271' title='bbox 1184 3753 1309 3843; x_wconf 85' lang='grc' dir='ltr'><em>άδειαν,</em></span> <span class='ocrx_word' id='word_1_272' title='bbox 1335 3762 1402 3826; x_wconf 90' lang='grc' dir='ltr'><em>διε-</em></span> 
     </span>
     <span class='ocr_line' id='line_1_30' title="bbox 99 3865 1403 3963; baseline -0.003 -23.28"><span class='ocrx_word' id='word_1_273' title='bbox 99 3874 265 3963; x_wconf 73' lang='grc' dir='ltr'><em>πέμψατο</em></span> <span class='ocrx_word' id='word_1_274' title='bbox 297 3868 375 3960; x_wconf 79' lang='grc' dir='ltr'><em>πρὸς</em></span> <span class='ocrx_word' id='word_1_275' title='bbox 400 3867 475 3946; x_wconf 76' lang='grc' dir='ltr'><em>τοὺς</em></span> <span class='ocrx_word' id='word_1_276' title='bbox 498 3868 767 3954; x_wconf 85' lang='grc' dir='ltr'><em>Πατζινακίτας,</em></span> <span class='ocrx_word' id='word_1_277' title='bbox 790 3868 848 3934; x_wconf 87' lang='grc' dir='ltr'><em>καί</em></span> <span class='ocrx_word' id='word_1_278' title='bbox 880 3868 947 3953; x_wconf 81' lang='grc' dir='ltr'><em>μετ’</em></span> <span class='ocrx_word' id='word_1_279' title='bbox 974 3867 1089 3936; x_wconf 81' lang='grc' dir='ltr'><em>αὐτῶν</em></span> <span class='ocrx_word' id='word_1_280' title='bbox 1121 3865 1320 3962; x_wconf 82' lang='grc' dir='ltr'><em>ὦμοφώνησε</em></span> <span class='ocrx_word' id='word_1_281' title='bbox 1345 3875 1403 3936; x_wconf 84' lang='grc' dir='ltr'><em>τοῦ</em></span> 
     </span>
     <span class='ocr_line' id='line_1_31' title="bbox 98 3973 1403 4069; baseline -0.006 -21"><span class='ocrx_word' id='word_1_282' title='bbox 98 3980 378 4064; x_wconf 74' lang='grc' dir='ltr'><em>καταπολεμῆσαι</em></span> <span class='ocrx_word' id='word_1_283' title='bbox 413 3977 471 4044; x_wconf 80' lang='grc' dir='ltr'><em>καί</em></span> <span class='ocrx_word' id='word_1_284' title='bbox 502 3977 668 4069; x_wconf 61' lang='grc' dir='ltr'><em>ἀφανίσαι</em></span> <span class='ocrx_word' id='word_1_285' title='bbox 703 3976 778 4053; x_wconf 81' lang='grc' dir='ltr'><em>τούς</em></span> <span class='ocrx_word' id='word_1_286' title='bbox 813 3976 989 4066; x_wconf 77' lang='grc' dir='ltr'><em>Τουρκους.</em></span> <span class='ocrx_word' id='word_1_287' title='bbox 1020 3977 1080 4043; x_wconf 87' lang='grc' dir='ltr'><em>καί</em></span> <span class='ocrx_word' id='word_1_288' title='bbox 1110 3973 1168 4044; x_wconf 78' lang='grc' dir='ltr'><em>ὅτε</em></span> <span class='ocrx_word' id='word_1_289' title='bbox 1203 3973 1234 4042; x_wconf 82' lang='grc' dir='ltr'><em>οἱ</em></span> <span class='ocrx_word' id='word_1_290' title='bbox 1262 3977 1403 4064; x_wconf 82' lang='grc' dir='ltr'><em>Τοῖρκοι</em></span> 
     </span>
     <span class='ocr_line' id='line_1_32' title="bbox 101 4075 1405 4178; baseline -0.002 -23"><span class='ocrx_word' id='word_1_291' title='bbox 101 4083 189 4178; x_wconf 80' lang='grc' dir='ltr'><em>πρὸς</em></span> <span class='ocrx_word' id='word_1_292' title='bbox 214 4082 377 4164; x_wconf 80' lang='grc' dir='ltr'><em>ταξείδιον</em></span> <span class='ocrx_word' id='word_1_293' title='bbox 399 4084 567 4170; x_wconf 77' lang='grc' dir='ltr'><em>ἀπῆλθον,</em></span> <span class='ocrx_word' id='word_1_294' title='bbox 591 4083 623 4150; x_wconf 82' lang='grc' dir='ltr'><em>οῖ</em></span> <span class='ocrx_word' id='word_1_295' title='bbox 646 4085 896 4165; x_wconf 82' lang='grc' dir='ltr'><em>Πατξινακῖται</em></span> <span class='ocrx_word' id='word_1_296' title='bbox 923 4082 1006 4167; x_wconf 85' lang='grc' dir='ltr'><em>μετά</em></span> <span class='ocrx_word' id='word_1_297' title='bbox 1042 4091 1100 4150; x_wconf 80' lang='grc' dir='ltr'><em>τοῦ</em></span> <span class='ocrx_word' id='word_1_298' title='bbox 1135 4082 1271 4167; x_wconf 78' lang='grc' dir='ltr'><em>Συμεών</em></span> <span class='ocrx_word' id='word_1_299' title='bbox 1295 4075 1405 4164; x_wconf 84' lang='grc' dir='ltr'><em>ήλθον</em></span> 
     </span>
     <span class='ocr_line' id='line_1_33' title="bbox 1 4183 1404 4282; baseline -0.001 -22"><span class='ocrx_word' id='word_1_300' title='bbox 1 4183 2 4210; x_wconf 68' lang='lat'>³</span> <span class='ocrx_word' id='word_1_301' title='bbox 100 4191 194 4260; x_wconf 82' lang='grc' dir='ltr'><em>κατά</em></span> <span class='ocrx_word' id='word_1_302' title='bbox 221 4197 287 4258; x_wconf 84' lang='grc' dir='ltr'><em>τῶν</em></span> <span class='ocrx_word' id='word_1_303' title='bbox 313 4190 476 4282; x_wconf 82' lang='grc' dir='ltr'><em>Τούρκων,</em></span> <span class='ocrx_word' id='word_1_304' title='bbox 501 4193 558 4260; x_wconf 85' lang='grc' dir='ltr'><em>καί</em></span> <span class='ocrx_word' id='word_1_305' title='bbox 584 4189 643 4269; x_wconf 87' lang='grc' dir='ltr'><em>τάς</em></span> <span class='ocrx_word' id='word_1_306' title='bbox 666 4190 779 4258; x_wconf 85' lang='grc' dir='ltr'><em>αὐτῶν</em></span> <span class='ocrx_word' id='word_1_307' title='bbox 803 4189 964 4282; x_wconf 68' lang='grc' dir='ltr'><em>ηαμιλίας</em></span> <span class='ocrx_word' id='word_1_308' title='bbox 997 4193 1163 4268; x_wconf 81' lang='grc' dir='ltr'><em>παντελῶς</em></span> <span class='ocrx_word' id='word_1_309' title='bbox 1194 4185 1404 4276; x_wconf 74' lang='grc' dir='ltr'><em>έξηήοίνισαν,</em></span> 
     </span>
     <span class='ocr_line' id='line_1_34' title="bbox 1 4296 1403 4391; baseline -0.001 -25"><span class='ocrx_word' id='word_1_310' title='bbox 1 4303 3 4320; x_wconf 82' lang='lat'>&#39;</span> <span class='ocrx_word' id='word_1_311' title='bbox 100 4303 163 4368; x_wconf 83' lang='grc' dir='ltr'><em>καί</em></span> <span class='ocrx_word' id='word_1_312' title='bbox 198 4297 276 4376; x_wconf 76' lang='grc' dir='ltr'><em>τοὺς</em></span> <span class='ocrx_word' id='word_1_313' title='bbox 308 4296 352 4376; x_wconf 82' lang='grc' dir='ltr'><em>εἷς</em></span> <span class='ocrx_word' id='word_1_314' title='bbox 384 4297 527 4391; x_wconf 74' lang='grc' dir='ltr'><em>(μάλαξιν</em></span> <span class='ocrx_word' id='word_1_315' title='bbox 553 4296 723 4388; x_wconf 84' lang='grc' dir='ltr'><em>τήςχώρας</em></span> <span class='ocrx_word' id='word_1_316' title='bbox 746 4297 857 4367; x_wconf 83' lang='grc' dir='ltr'><em>αι’τῶν</em></span> <span class='ocrx_word' id='word_1_317' title='bbox 886 4296 1051 4388; x_wconf 84' lang='grc' dir='ltr'><em>Τούρκους</em></span> <span class='ocrx_word' id='word_1_318' title='bbox 1074 4296 1222 4366; x_wconf 88' lang='grc' dir='ltr'><em>ἀπεκεῖσε</em></span> <span class='ocrx_word' id='word_1_319' title='bbox 1245 4296 1403 4366; x_wconf 87' lang='grc' dir='ltr'><em>κακινκά-</em></span> 
     </span>
    </p>
   </div>
   <div class='ocr_carea' id='block_1_6' title="bbox 218 4532 1404 4694">
    <p class='ocr_par' dir='ltr' id='par_1_6' title="bbox 218 4532 1404 4694">
     <span class='ocr_line' id='line_1_35' title="bbox 218 4532 1137 4606; baseline 0.001 -18"><span class='ocrx_word' id='word_1_320' title='bbox 218 4545 228 4573; x_wconf 93' lang='lat'>¹</span> <span class='ocrx_word' id='word_1_321' title='bbox 246 4532 388 4606; x_wconf 58' lang='lat' dir='ltr'><strong>Bolgssria</strong></span> <span class='ocrx_word' id='word_1_322' title='bbox 406 4533 474 4606; x_wconf 66' lang='lat' dir='ltr'><em>rbgi</em></span> <span class='ocrx_word' id='word_1_323' title='bbox 491 4533 630 4589; x_wconf 71' lang='lat' dir='ltr'>fflvhrosa</span> <span class='ocrx_word' id='word_1_324' title='bbox 649 4533 794 4601; x_wconf 76' lang='lat' dir='ltr'>Priszlav,</span> <span class='ocrx_word' id='word_1_325' title='bbox 813 4551 831 4588; x_wconf 81' lang='grc' dir='ltr'><em>ο</em></span> <span class='ocrx_word' id='word_1_326' title='bbox 850 4533 992 4588; x_wconf 76' lang='lat' dir='ltr'>Kamosik</span> <span class='ocrx_word' id='word_1_327' title='bbox 1011 4532 1137 4589; x_wconf 66' lang='lat' dir='ltr'><strong>melloth.</strong></span> 
     </span>
     <span class='ocr_line' id='line_1_36' title="bbox 218 4619 1404 4694; baseline -0.002 -17"><span class='ocrx_word' id='word_1_328' title='bbox 218 4629 228 4659; x_wconf 76' lang='lat'>²</span> <span class='ocrx_word' id='word_1_329' title='bbox 246 4622 272 4676; x_wconf 83' lang='lat' dir='ltr'><strong>E</strong></span> <span class='ocrx_word' id='word_1_330' title='bbox 291 4621 345 4677; x_wconf 72' lang='lat' dir='ltr'><em>viu·</em></span> <span class='ocrx_word' id='word_1_331' title='bbox 363 4619 467 4694; x_wconf 64' lang='lat' dir='ltr'><strong>helybt</strong></span> <span class='ocrx_word' id='word_1_332' title='bbox 485 4639 555 4676; x_wconf 78' lang='lat' dir='ltr'><em>nom</em></span> <span class='ocrx_word' id='word_1_333' title='bbox 573 4621 689 4692; x_wconf 75' lang='lat' dir='ltr'><strong>tudjuk.</strong></span> <span class='ocrx_word' id='word_1_334' title='bbox 710 4620 834 4676; x_wconf 79' lang='lat' dir='ltr'>Emlstik</span> <span class='ocrx_word' id='word_1_335' title='bbox 854 4620 1007 4676; x_wconf 70' lang='lat' dir='ltr'>kiilbnben</span> <span class='ocrx_word' id='word_1_336' title='bbox 1026 4639 1044 4675; x_wconf 86' lang='grc' dir='ltr'><em>ε</em></span> <span class='ocrx_word' id='word_1_337' title='bbox 1062 4625 1157 4693; x_wconf 67' lang='lat' dir='ltr'>gfirflg</span> <span class='ocrx_word' id='word_1_338' title='bbox 1169 4619 1350 4674; x_wconf 54' lang='lat' dir='ltr'>krtsniksssok</span> <span class='ocrx_word' id='word_1_339' title='bbox 1369 4621 1404 4675; x_wconf 88' lang='lat' dir='ltr'><em>is.</em></span> 
     </span>
    </p>
   </div>
   <div class='ocr_carea' id='block_1_7' title="bbox 0 0 1601 5208">
    <p class='ocr_par' dir='ltr' id='par_1_7' title="bbox 0 0 1601 5208">
     <span class='ocr_line' id='line_1_37' title="bbox 0 0 1601 5208; baseline 0 0"><span class='ocrx_word' id='word_1_340' title='bbox 0 0 1601 5208; x_wconf 95' lang='lat' dir='ltr'><em> </em></span> 
     </span>
    </p>
   </div>
  </div>
 </body>
</html>
