3144 5218
243 367 308 430 532

244 564 427 648 publicatis
450 563 614 646 articulis,
641 563 857 648 assignandis
880 569 915 625 et
939 559 1160 642 libertandis3
1192 559 1389 642 sepulturae
1422 570 1551 624 tamen

242 681 277 736 et
302 694 542 755 campanarum
565 693 638 755 usu,
662 692 723 754 pro
747 667 869 734 iisdem
893 671 999 733 etiam
1021 667 1239 754 evangelicis,
1263 668 1438 732 consimili
1464 691 1548 733 cum

243 779 420 844 catholicis
452 787 486 843 et
517 779 653 864 aequali
685 787 776 861 taxa,
809 779 1036 842 communiter
1068 775 1402 840 deservientibusz1¹
1437 798 1548 860 quam

242 887 382 972 quidem
398 892 608 950 structuram
628 883 843 968 templorum,
860 881 1098 967 parochiarum
1114 889 1149 944 et
1166 880 1367 964 scholarum,
1387 883 1550 966 quando-

243 1016 376 1079 cunque
413 993 621 1078 evangelicis
653 991 777 1055 talium
809 991 961 1054 locorum
993 992 1192 1054 continuare
1232 999 1470 1073 opportrmrun
1512 1008 1547 1052 et

244 1101 458 1165 commodum
473 1103 588 1164 visum
607 1097 731 1180 fuerit;
756 1098 791 1162 id
816 1100 908 1182 ipsiS,
927 1096 1055 1182 absque
1074 1099 1275 1182 quorumvis
1293 1096 1550 1180 impedimento

243 1207 355 1273 facere
378 1208 490 1271 liceat.

243 1381 425 1450 Articulus
443 1383 502 1452 XI.
520 1383 728 1472 Euangelici
745 1383 878 1466 Status,
895 1381 1090 1450 Catholicis
1107 1379 1376 1466 Plebunis,1ron
1394 1382 1550 1448 solvunt

320 1496 352 1558 et
376 1512 394 1556 e
418 1497 554 1574 contro,
579 1497 611 1559 et
635 1491 679 1558 de
701 1488 939 1557 Proueulibus
962 1488 1142 1556 Ecclesiae
1170 1489 1466 1578 Uuphuoriensis.

350 1629 402 1692 De
426 1629 654 1694 solutionibus
678 1636 779 1711 prout
803 1627 994 1712 evangelici
1018 1633 1129 1691 status
1163 1626 1340 1691 catholicis
1375 1627 1549 1710 plebanis,

244 1738 351 1800 itaet
380 1745 492 1800 status
515 1735 676 1800 catholici
700 1735 909 1820 evangelicis
932 1737 1101 1798 ministris
1129 1735 1171 1798 ed
1205 1733 1318 1798 nullas
1350 1733 1549 1799 solutiones

244 1843 439 1925 pendendas
463 1847 533 1908 sint
556 1843 711 1928 obligati.
735 1843 929 1906 Proventus
955 1863 1053 1924 porro
1078 1841 1238 1905 ecclesiae
1262 1840 1550 1926 Unghvariensis

244 1949 382 2032 pacifice
406 1951 450 2015 ab
473 1950 682 2036 evangelicis
706 1950 874 2012 ministris
899 1948 1175 2030 possideantur-fl

246 2134 426 2201 Articulus
461 2133 537 2201 XII.
572 2133 624 2201 Dc
652 2132 890 2200 solutionibus
922 2132 1165 2200 Plebunorum
1200 2133 1476 2202 Catholicorum
1515 2141 1550 2202 et

326 2241 573 2309 Ministrorunr
599 2239 898 2328 Euunpelicorum
923 2245 956 2306 et
979 2239 1194 2307 Scholurunr
1215 2239 1465 2330 proventibus.

351 2379 526 2456 Quantum
549 2379 591 2442 ed
627 2378 812 2442 solutiones
845 2381 987 2442 miserae
1022 2377 1169 2460 plaebis:
1201 2377 1397 2464 ubicunque
1433 2380 1552 2466 aliqui

246 2486 481 2569 parochiarum
519 2486 575 2550 vel
608 2484 823 2568 templorum,
857 2493 1050 2568 proventus,
1083 2507 1167 2570 quos
1202 2485 1364 2550 videlieet
1401 2487 1550 2569 plebani

356 2695 376 2722 ¹¹
397 2686 441 2739 Itt
469 2704 486 2740 a
515 2687 720 2757 protestansok
749 2685 880 2740 eleinten
909 2685 977 2757 meg
1008 2705 1026 2739 a
1056 2687 1219 2741 kdvetkezd
1249 2687 1335 2740 sorolr
1353 2687 1552 2757 beigtatastit-

244 2775 410 2829 kivs'tnthk:
449 2779 549 2848 Atque
586 2777 692 2830 iisdem
730 2777 849 2847 quidem
882 2776 1142 2841 Vice-Conritibus,
1175 2779 1254 2830 sicut
1285 2784 1315 2830 et
1347 2781 1553 2850 praescriptis

245 2866 408 2935 potioribus
427 2866 581 2935 nobilium,
601 2867 633 2919 vi
652 2868 762 2920 statuti
781 2867 939 2937 superinde
959 2866 1110 2919 sanciendi
1138 2867 1291 2920 incumbet
1304 2867 1339 2919 ad
1354 2872 1552 2941 praescripto

245 2956 390 3025 inspicere
411 2961 441 3008 et
459 2955 630 3026 invigilare,
650 2956 686 3008 sd
708 2973 800 3026 eaque
829 2955 1000 3026 exequenda
1028 2955 1083 3009 sub
1111 2957 1269 3009 amissione
1297 2955 1389 3010 oflicii
1421 2957 1552 3015 honoris

245 3051 276 3096 et
286 3043 428 3097 bonorum
438 3046 597 3098 eorundem
609 3046 699 3108 exire,
710 3063 745 3099 ac
759 3046 900 3099 Dominos
913 3050 1070 3098 terrestres
1083 3046 1174 3098 etiam
1187 3045 1346 3116 superinde
1359 3050 1443 3100 omni
1460 3052 1551 3104 mode

245 3133 501 3190 commonefacere.

356 3232 375 3260 ¹¹
394 3223 437 3276 ΑΖ
459 3225 585 3278 1638-iki
604 3222 815 3294 orszitggyiiles
834 3222 971 3276 serelnrei
990 3224 1059 3275 kozt
1077 3223 1235 3278 olvassuk:
1265 3223 1301 3275 In
1330 3222 1492 3281 Comitatu
1514 3231 1551 3284 de

248 3311 338 3382 Ungh
370 3313 565 3368 Reverendus
598 3313 750 3382 Dominus,
780 3313 898 3367 Samuel
931 3313 1136 3384 Kalmauoaay
1164 3313 1314 3366 Plehanus
1341 3311 1552 3372 Possessionis

245 3403 373 3472 Gyeren,
387 3402 565 3455 sedecimam
584 3403 684 3473 oppidi
704 3402 860 3471 Unghvlrr,
880 3402 955 3455 alias
974 3419 1089 3472 semper
1109 3403 1164 3455 loci
1185 3403 1318 3472 ejusdem
1338 3411 1550 3462 concionatorr

246 3488 428 3558 Euangeliou
447 3491 609 3560 cedentem,
628 3509 686 3544 non
707 3491 792 3544 modo
810 3492 975 3561 occupavit,
996 3492 1068 3561 quin
1088 3493 1155 3560 ime,
1175 3508 1212 3544 ex
1234 3509 1292 3562 quo
1320 3492 1426 3547 eadem
1454 3496 1550 3564 juxta

246 3587 378 3633 veterem
407 3579 650 3633 consvetudinem
678 3580 734 3633 hoc
761 3582 849 3633 Anno
877 3580 1008 3649 collecta,
1038 3581 1069 3632 in
1097 3580 1218 3634 domum
1246 3581 1360 3635 Nobilis
1389 3582 1551 3640 Joharmis

246 3667 441 3738 Gyongyiissi,
471 3667 639 3720 antefatum
668 3667 918 3736 Concionatorem,
939 3668 1068 3738 adeoque
1088 3669 1179 3721 etiam
1200 3669 1298 3739 ipsum
1322 3669 1467 3725 Judicem
1491 3674 1548 3726 loci

245 3758 282 3810 ad
311 3758 409 3810 sedern
444 3759 631 3827 spiritualem
661 3759 851 3811 Venerabilis
880 3757 1011 3828 Capituli
1039 3759 1196 3827 Agricnsis
1225 3758 1401 3828 (Causarum
1433 3764 1548 3835 quippe

246 3847 446 3900 Decimalium
466 3865 501 3899 ex
522 3847 649 3917 publicis
669 3848 768 3917 Regni
789 3847 1052 3900 constitutionibus
1066 3849 1186 3900 omnino
1211 3850 1416 3920 incompetens
1430 3851 1548 3920 forum)

246 3938 334 3990 citari
356 3942 385 3988 et
405 3937 522 3989 evocari
549 3938 674 3990 curavit.

353 4025 378 4077 Ε
406 4025 654 4096 torve'nyczilrkre
684 4027 865 4080 hivstlrozva
897 4045 914 4079 a
946 4027 1113 4096 protestans
1142 4027 1311 4082 lbldesuralr
1343 4046 1378 4081 az
1411 4031 1547 4102 alapittls

245 4113 428 4168 alkalmltvel
447 4116 644 4186 nregajltnlott
663 4116 927 4184 szolgirltatirsokat
953 4117 1168 4185 rnegtagadtak
1186 4135 1204 4169 a
1223 4117 1306 4170 kath.
1336 4117 1546 4186 lelkeszektol,

246 4213 397 4275 ugyauazt
417 4204 514 4258 tettek
534 4223 551 4258 a
570 4205 743 4257 katholikus
762 4205 953 4274 patronusok,
983 4205 1032 4257 hol
1060 4222 1078 4256 a
1106 4207 1320 4274 patronatusok
1348 4207 1397 4260 ala
1430 4208 1544 4263 tartaro

246 4293 400 4364 egyhtzak
420 4294 587 4362 protestltus
606 4292 692 4346 ke'zre
712 4294 859 4347 keritltek.
879 4294 981 4347 Midon
1001 4311 1018 4346 a
1038 4294 1243 4362 protesthnsok
1275 4295 1411 4368 Bittlrory
1431 4299 1542 4352 Zsofiitt

245 4401 262 4436 a
276 4389 470 4453 patronatusa
490 4383 537 4434 au
557 4381 670 4434 tartozo
693 4383 912 4452 parochialiban
932 4401 949 4436 a
969 4384 1137 4453 protestans
1157 4383 1365 4438 lelkeszeknelr
1382 4385 1451 4455 jaro
1469 4387 1542 4440 szol-

245 4473 415 4543 giltate'rsok
436 4471 630 4540 teljesltese're
661 4473 789 4525 akarthk
817 4473 968 4540 szoritani,
998 4473 1020 4525 I.
1051 4473 1178 4543 Leopold
1207 4491 1241 4526 az
1271 4475 1347 4528 1647.
1379 4475 1543 4546 torre'uyre

245 4563 435 4630 hivatkozva,
448 4561 631 4615 vedelurezte
644 4562 784 4634 thdczy
798 4563 921 4634 Gporgy
934 4563 1087 4634 ozvegyet.
1102 4564 1147 4632 (L.
1160 4564 1265 4616 Timon
1279 4545 1378 4621 rlkos:
1393 4569 1420 4620 A
1436 4565 1542 4638 plrrber

245 4653 522 4723 Magperorszhgon.
544 4653 602 4706 108.
622 4652 662 4723 1.),
