3138 5212
1256 383 1324 446 433

44 583 203 665 integram
235 581 383 645 mediam
422 587 555 664 partem
587 579 747 643 dividant
779 581 872 644 inter
904 601 939 644 11
978 581 1185 662 capitaneus,
1214 577 1323 664 judex

43 687 123 752 sedis
145 695 180 751 et
203 709 386 752 assessores
410 709 470 770 pro
494 687 740 752 consuetudine
764 686 913 752 illorum.

140 795 189 859 10.
222 794 313 860 Item
344 797 382 859 in
412 793 571 858 omnibus
604 792 837 878 proventibus,
877 791 1119 878 birsagialibus
1151 794 1324 880 videlicet,

41 901 311 985 appellacionum,
334 902 523 966 invasionis
547 901 733 982 domorum,
762 907 798 964 et
829 899 976 965 aliorum
1008 903 1161 966 omnium
1184 907 1324 968 actuum

42 1010 326 1090 potenciariorum,
350 1015 385 1072 et
409 1009 593 1071 sentenciis
616 1007 831 1090 capitalibus,
863 1029 903 1072 ac
926 1007 1005 1072 aliis
1028 1011 1137 1073 eciam
1159 1008 1203 1072 ad
1234 1030 1324 1073 sum-

40 1137 121 1180 mam
137 1119 308 1200 integram
324 1117 425 1179 unius
440 1113 561 1178 floreni
576 1120 612 1178 et
627 1137 729 1198 supra
744 1137 780 1180 se
796 1114 1071 1198 extendentibus,
1083 1112 1193 1199 judex
1208 1119 1324 1201 regius

40 1227 70 1287 in
90 1223 235 1310 singulis
258 1221 396 1288 sedibus
419 1221 601 1288 habiturus
625 1229 678 1288 est
700 1226 873 1309 integram
896 1223 1046 1290 mediam
1074 1232 1215 1308 partem.

139 1332 190 1396 11.
213 1331 363 1416 Pignora
388 1351 448 1414 pro
476 1329 636 1415 birsagiis
668 1339 808 1416 accepta
840 1334 996 1397 estimari
1027 1331 1212 1416 debebunt,
1235 1341 1271 1399 et
1295 1337 1325 1398 si

38 1439 175 1524 amplius
199 1439 381 1522 valuerint,
405 1459 508 1523 quam
530 1437 729 1523 Birsagium
760 1447 858 1523 esset,
881 1441 911 1504 si
932 1439 1058 1504 redimi
1080 1461 1151 1504 non
1173 1449 1324 1524 possunt,

35 1542 132 1627 judex
157 1553 234 1630 post
257 1545 413 1610 triduum
436 1565 498 1629 pro
521 1567 556 1610 se
579 1549 728 1611 retinere
752 1549 889 1631 poterit,
912 1547 1065 1614 valorem
1087 1554 1204 1614 tamen
1229 1571 1325 1613 exce-

38 1654 168 1719 dentem
191 1651 384 1719 reffundere
408 1651 532 1718 debeat
555 1661 591 1718 at
618 1661 785 1720 teneatur.

137 1763 189 1827 12.
221 1760 459 1826 Deliberatum
492 1767 545 1826 est
577 1769 761 1846 praeterea,
799 1763 891 1848 quod
924 1765 1108 1828 restantias
1145 1765 1323 1828 universas

37 1873 147 1955 exigat
165 1866 276 1952 judex
300 1870 415 1954 regius
439 1889 517 1932 oum
540 1872 719 1953 capitaneo
742 1877 778 1934 et
797 1867 915 1954 judice
938 1871 1036 1936 sedis.

136 1979 188 2044 13.
225 1977 316 2042 Item
355 1977 445 2061 quod
473 1974 582 2060 judex
619 1981 735 2064 regius
768 1985 954 2062 proventus
987 2001 1047 2043 seu
1079 1977 1230 2062 birsagia
1262 1999 1323 2042 sua

36 2086 289 2172 qualiacumque
322 2084 504 2150 simulcum
524 2081 640 2169 judice
664 2087 814 2172 quartali
838 2090 975 2173 exigere
999 2093 1035 2150 et
1058 2085 1172 2150 levare
1207 2088 1323 2170 possit,

35 2194 251 2280 quiquidem
270 2191 379 2276 judex
402 2195 432 2258 si
455 2214 533 2257 cum
552 2190 670 2277 judice
702 2198 798 2280 regio
821 2197 939 2260 venire
968 2195 1186 2276 recusaverit,
1216 2190 1324 2276 judex

36 2305 98 2384 ipse
130 2304 248 2387 regius
281 2303 389 2366 eciam
421 2303 494 2364 sine
531 2297 649 2384 judice
691 2303 841 2388 quartali
873 2323 933 2366 sua
971 2301 1123 2386 birsagia
1160 2301 1324 2386 exigendi

35 2408 152 2475 habeat
177 2415 392 2492 potestatem.

135 2518 187 2582 14.
221 2516 384 2581 Ceterum
412 2513 520 2599 judex
554 2521 679 2602 regius,
720 2518 763 2581 ad
796 2539 1044 2603 quemcumque
1078 2519 1322 2600 possessionem

35 2623 219 2706 diverterit,
242 2623 384 2688 honeste
408 2626 608 2708 excipiatur,
632 2633 667 2689 et
691 2625 797 2689 libere
821 2625 1028 2710 ubicumque
1050 2623 1201 2688 voluerit
1221 2646 1323 2708 agere

36 2734 142 2813 possit,
183 2733 253 2796 suis
291 2739 408 2796 tamen
446 2731 641 2815 sumptibus
673 2740 708 2796 et
746 2735 903 2816 expensis
942 2734 1049 2814 vivat,
1089 2734 1175 2796 citra
1214 2731 1324 2796 lesum

36 2841 191 2923 populum
215 2861 429 2904 communem
453 2847 513 2905 aut
537 2841 643 2906 alium
666 2845 870 2928 quempiam.

111 2947 187 3010 ·15.
211 2945 254 3011 In
278 2949 420 3031 negocio
444 2954 560 3010 tamen
584 2947 664 3012 salis
697 2955 732 3012 et
761 2949 899 3012 mulctis
923 2969 983 3011 seu
1016 2945 1176 3030 birsagiis
1209 2954 1323 3010 vecto-

34 3072 102 3117 rum
125 3053 251 3117 salium
266 3056 429 3138 antiquus
445 3054 565 3118 modus
582 3055 791 3139 observetur,
817 3054 914 3138 cujus
931 3055 1121 3138 birsagium
1137 3052 1200 3117 soli
1212 3051 1324 3136 judici

35 3162 116 3244 regis
146 3160 254 3224 cedet.

135 3269 187 3332 16.
220 3267 319 3345 Quod
352 3270 381 3331 si
415 3265 504 3331 forte
546 3267 688 3332 offensio
730 3276 833 3354 atque
867 3269 1067 3353 illegittima
1101 3289 1161 3349 per
1189 3263 1323 3348 judices

34 3378 137 3459 regios
162 3378 352 3460 contingat,
375 3374 498 3438 volunt
531 3375 607 3439 illos
640 3398 733 3440 sacre
757 3377 956 3440 Maiestates
981 3377 1049 3438 iuri
1081 3382 1171 3438 stare
1204 3393 1324 3455 oppor-

34 3496 106 3564 tere,
130 3485 168 3546 in
192 3481 252 3545 illa
276 3481 364 3564 sede,
388 3481 448 3546 ubi
472 3483 614 3548 offensio
638 3505 698 3566 per
722 3483 799 3548 illos
825 3482 917 3547 facta
941 3489 1002 3563 est,
1031 3485 1139 3546 instar
1158 3481 1323 3543 comitum

32 3589 242 3674 singulorum
265 3589 492 3653 comitatuum
515 3593 606 3654 inter
629 3591 769 3674 nobiles,
802 3590 863 3655 ubi
887 3593 916 3654 11
939 3589 1081 3653 comites
1105 3585 1323 3670 deliquerint,

33 3699 145 3760 statim
174 3693 326 3778 judicari
349 3703 608 3760 consveverunt.
632 3695 832 3780 Appellacio
858 3703 974 3761 tamen
1007 3700 1144 3758 maneat
1178 3695 1323 3775 integra,

31 3806 163 3888 utrique
189 3804 289 3884 parti,
313 3801 357 3866 111
381 3823 492 3866 sacras
515 3803 714 3867 Maiestates
740 3803 861 3867 fienda.

135 3909 186 3974 17.
211 3909 380 3986 Quoniam
404 3911 441 3972 in
464 3910 591 3974 iudicio
624 3910 883 3994 comprobatum
916 3917 968 3974 111
1002 3912 1166 3992 primores
1190 3906 1322 3972 Siculos

31 4016 69 4081 ab
92 4020 177 4102 ipsis
203 4017 387 4101 primipilis
410 4037 479 4081 non
502 4025 640 4082 tantum
673 4021 709 4082 in
737 4017 849 4082 tribus
873 4017 1020 4100 sedibus,
1054 4017 1113 4081 sed
1146 4018 1254 4080 eciam
1286 4018 1323 4080 in

31 4122 168 4210 reliquis
192 4124 341 4188 decimas
365 4127 528 4209 exegisse,
552 4125 781 4190 deliberatum
804 4133 855 4190 est
882 4128 1007 4210 itaque,
1040 4133 1080 4189 ut
1113 4126 1218 4188 sacris
1241 4144 1323 4208 quo·

31 4251 90 4313 que
114 4231 359 4296 Maiestatibus
382 4253 481 4298 veras
505 4233 653 4297 decimas
676 4233 818 4298 reddere
842 4233 998 4297 debeant.

136 4339 187 4403 18.
210 4339 426 4404 Permittunt
449 4342 557 4404 eciam
585 4361 679 4404 sacre
711 4340 911 4404 Maiestates
944 4339 1138 4422 clementer,
1172 4346 1211 4403 ut
1243 4341 1323 4424 equi

32 4445 273 4510 itinerantibus
305 4445 387 4510 hinc
428 4448 466 4509 in
496 4445 726 4529 Moldawiam,
758 4446 816 4512 vel
848 4469 890 4510 ex
922 4445 1107 4510 Moldawia
1140 4467 1246 4531 usque
1280 4447 1324 4511 ad

32 4550 227 4617 Maiestates
259 4575 380 4637 sacras,
413 4555 500 4617 citra
532 4553 667 4618 litteras
700 4562 735 4618 et
776 4554 978 4618 mandatum
1011 4553 1149 4618 illarum
1181 4555 1322 4617 minime

32 4657 162 4742 dentur,
185 4660 244 4724 sed
268 4659 330 4724 ubi
352 4659 468 4724 littere
493 4659 715 4725 Maiestatem
735 4683 907 4726 sacrarum
923 4659 1074 4746 fuerunt,
1099 4681 1235 4745 parcere
1252 4659 1322 4724 illis

81 4797 210 4844 1111111111
226 4799 247 4843 Δ
260 4809 362 4854 magysr
376 4799 486 4844 tirtenet
501 4797 592 4843 kntldi.
1178 4780 1215 4836 28
