3144 5218
213 347 279 412 568

319 541 430 609 Extra
452 564 551 608 omne
585 541 729 607 dubium
754 549 806 606 est
830 539 995 606 Dominos
1027 537 1227 627 regnicolas,
1257 543 1447 606 attenuatis
1471 552 1503 602 et

212 649 388 716 exhaustis
411 657 465 716 tot
484 653 583 737 regni
599 653 699 716 istius
719 648 971 714 mutationibus
994 655 1029 713 et
1048 651 1158 714 ruinis
1182 647 1407 714 facultatibus
1426 651 1505 712 suis.

211 780 282 823 non
305 780 401 842 posse
425 757 543 823 debito
566 758 667 822 modo
691 777 886 821 succurrere
911 763 947 820 et
968 753 1102 840 juvare,
1129 757 1187 822 vel
1210 779 1249 822 ea
1272 756 1395 822 saltem
1418 755 1506 820 Gon·
1566 773 1567 802 ³

212 865 304 949 finia,
327 887 414 952 quae
438 872 568 930 certam
590 864 796 928 solutionem
818 883 889 928 non
902 862 1042 946 habent,
1065 864 1210 948 aliisque
1226 867 1333 928 variis
1348 867 1506 948 expensis

212 974 404 1038 identidem
422 993 480 1056 pro
497 973 671 1036 communi
686 973 785 1056 regni
800 973 1004 1034 necessitate
1027 970 1295 1036 occurrentibus.
1318 971 1372 1036 Ne
1390 979 1507 1035 tamen
1566 961 1568 1016 l

214 1080 256 1145 D.
279 1079 320 1144 D.
343 1079 553 1165 Regnicolaa
577 1081 614 1142 in
636 1083 734 1143 tanta
762 1075 851 1142 Suae
875 1077 960 1142 Mtis
983 1078 1216 1160 distractione,
1242 1099 1344 1160 penes
1367 1077 1506 1162 aliquod
1566 1019 1568 1142 l

212 1187 406 1253 subsidium
429 1183 583 1270 ejusdem
606 1185 692 1249 Mtis
715 1185 829 1249 desint
852 1183 955 1248 rebus
978 1187 1058 1268 suia,
1081 1185 1118 1250 id
1134 1189 1224 1250 ratio
1242 1188 1316 1268 ipsa
1331 1191 1367 1248 et
1382 1192 1505 1248 natura

212 1298 263 1360 rei
287 1293 447 1378 postulat.
481 1291 685 1356 Humillime
711 1294 820 1377 igitur
843 1289 1107 1374 supplicandum
1130 1297 1219 1355 esset
1243 1289 1332 1356 Suae
1355 1291 1401 1355 M.
1425 1311 1507 1376 qna-

212 1409 314 1466 tenus
330 1405 422 1465 inter
437 1407 491 1465 tot
506 1401 614 1464 ardua
629 1402 735 1464 etiam
750 1402 898 1485 negotia,
914 1399 1135 1484 diversasque
1150 1404 1188 1462 et
1202 1419 1326 1485 graves
1342 1421 1507 1483 expensas

214 1527 292 1571 suas
316 1507 519 1593 dignaretur
542 1505 701 1592 benignis
724 1505 832 1570 oculis
856 1508 985 1570 intueri
1000 1505 1065 1571 hoc
1083 1525 1218 1590 quoque
1237 1527 1382 1592 regnum
1398 1529 1507 1590 suum,

214 1614 466 1699 clementerque
492 1614 659 1697 ordinare,
684 1621 724 1677 ut
748 1621 979 1698 proventuum
1002 1635 1137 1698 quoque
1168 1616 1267 1699 regni
1298 1621 1391 1680 certa
1419 1637 1508 1700 pars,
1568 1639 1569 1684 ς

212 1743 334 1804 nempe
358 1721 444 1786 Dice
467 1725 613 1808 integra,
636 1729 795 1786 taxarum
818 1742 900 1785 vero
924 1721 1110 1786 liberarum
1135 1720 1362 1804 Civitatuum,
1386 1729 1422 1786 et
1445 1725 1509 1786 tri·

212 1831 425 1912 cesimarum,
448 1851 487 1893 ac
504 1835 733 1913 proventuum
756 1832 862 1892 etiam
886 1827 1083 1892 fodinarum
1099 1836 1134 1891 et
1150 1827 1368 1892 minaralium
1390 1828 1508 1913 aliqua

213 1937 336 2002 saltem
370 1959 447 2020 pars
480 1936 711 2021 applicaretur
742 1938 785 2002 ad
818 1959 858 2000 ea
891 1935 1058 2020 Gonfinia,
1090 1959 1177 2020 quae
1209 1943 1303 2000 carta
1336 1935 1509 2000 solutione

212 2052 338 2109 carent.
363 2045 417 2110 Ex
440 2043 565 2130 quibus
589 2043 814 2128 proventibus
837 2043 998 2108 Decimae
1018 2064 1152 2129 quoque
1169 2065 1229 2127 pro
1246 2041 1412 2108 Confiniis
1427 2065 1511 2108 cum

211 2173 336 2238 magno
365 2152 459 2216 lucro
483 2159 517 2214 et
549 2152 726 2216 commodo
759 2158 897 2235 possent
929 2173 969 2216 ac
1001 2151 1167 2216 deberent
1199 2157 1279 2215 ante
1312 2151 1396 2215 alios
1429 2155 1509 2234 erni,

211 2281 328 2323 omnes
345 2264 532 2343 proventus
550 2258 681 2322 mediae
698 2262 804 2322 etiam
819 2261 1022 2338 tricesimae,
1042 2257 1267 2341 proventibus
1282 2256 1337 2322 his
1351 2255 1510 2340 adjectis

211 2386 280 2430 non
296 2357 581 2430 contemnendam
604 2368 854 2430 constituerent
877 2385 1066 2430 summam·
1077 2365 1146 2429 Hic
1162 2371 1278 2430 tamen
1297 2365 1395 2449 addo,
1413 2366 1509 2450 quod

212 2475 322 2535 sentio
339 2471 412 2536 fore
427 2475 591 2537 nimirum
603 2472 704 2559 longe
721 2474 843 2538 utilius
858 2481 894 2538 et
909 2470 1048 2556 majoris
1064 2473 1167 2538 lucri:
1191 2476 1281 2538 siout
1297 2475 1334 2537 in
1349 2472 1510 2538 Moravia

211 2579 248 2640 in
272 2577 345 2641 loco
369 2577 592 2661 depositionis
614 2602 634 2643 a
659 2579 768 2644 bobus
791 2587 826 2644 et
850 2580 1039 2665 pecudibus
1062 2587 1134 2644 tam
1157 2577 1201 2644 ab
1227 2588 1370 2664 emente,
1402 2603 1511 2664 quam

210 2683 255 2747 ab
277 2685 459 2767 vendente,
483 2691 627 2770 utraque
650 2689 814 2750 nimirum
838 2693 943 2769 parte,
967 2689 1111 2772 integra,
1127 2693 1163 2750 et
1179 2689 1315 2772 integra
1332 2691 1510 2752 tricesima

211 2794 387 2877 exigitur,
413 2795 462 2856 ita
496 2795 623 2874 pariter
655 2796 691 2857 in
724 2793 905 2879 Hungaria
936 2814 1071 2879 queque
1102 2815 1123 2857 a
1150 2792 1253 2858 rebus
1276 2803 1311 2859 et
1335 2795 1510 2860 similibus

213 2897 400 2982 pecudibus
423 2905 459 2963 et
482 2901 659 2982 pecoribus
683 2924 701 2966 e
725 2923 831 2988 regno
855 2902 1075 2986 expellendis,
1099 2905 1136 2966 in
1160 2909 1254 2966 certo
1277 2903 1350 2967 loco
1373 2904 1510 2986 deposi-

211 3008 316 3070 tionis
348 3007 391 3070 ad
425 3008 460 3072 id
494 3008 661 3091 ordinate,
694 3031 754 3092 pro
786 3011 900 3074 media
932 3013 1106 3074 tricesima
1138 3009 1182 3074 ab
1215 3015 1360 3094 utraque
1399 3017 1509 3094 parte,

210 3121 345 3178 emente
369 3115 500 3178 scilicet
523 3121 558 3177 et
581 3115 763 3198 vendente,
787 3119 931 3200 integra,
955 3122 990 3178 et
1010 3119 1146 3200 integra
1165 3117 1339 3180 tricesima
1355 3119 1392 3179 in
1407 3123 1509 3181 tanta

210 3223 309 3305 regni
333 3223 535 3284 necessitate
552 3217 765 3306 exigeretur;
789 3222 833 3286 ad
849 3221 933 3285 haec
948 3228 989 3285 ut
1004 3229 1141 3286 exterae
1157 3241 1292 3306 quoque
1309 3225 1508 3305 provinciae

210 3335 245 3391 et
278 3349 383 3412 regna
417 3349 477 3410 pro
509 3327 563 3391 his
595 3330 678 3410 ipsis
711 3327 878 3393 Confiniis
912 3329 1043 3413 aliquid
1082 3329 1206 3394 saltem
1238 3328 1508 3412 contribuerant,

210 3433 383 3498 efficiente
400 3434 435 3497 id
453 3433 649 3521 benigniter
671 3443 707 3500 et
730 3436 912 3501 ordinante
936 3435 1005 3501 Sua
1029 3437 1120 3500 Mta:
1145 3433 1351 3519 adjuvantes
1369 3457 1507 3520 quoque

210 3542 330 3606 eadem
349 3563 454 3626 regna
477 3549 512 3605 et
537 3545 731 3626 provinciae
748 3542 811 3607 hac
827 3545 959 3607 ratione
976 3542 1168 3608 subsidium
1184 3543 1272 3608 Suae
1289 3544 1381 3607 Mtis.
1398 3542 1509 3608 Verbi

209 3651 323 3734 gratia
356 3647 520 3713 Bohemia
543 3672 583 3714 ac
607 3651 764 3715 Moravia
796 3653 902 3714 etiam
934 3658 969 3714 et
1003 3649 1133 3734 Silesia,
1165 3652 1324 3735 quamvis
1356 3649 1508 3714 multum

211 3755 310 3838 passi,
349 3776 427 3819 cum
464 3763 580 3821 tamen
613 3765 648 3822 et
681 3779 799 3821 eorum
833 3779 886 3821 res
918 3765 1050 3843 agatur,
1085 3779 1144 3841 pro
1177 3760 1310 3822 ratione
1349 3755 1509 3820 moderni

210 3864 374 3944 temporis
398 3869 432 3925 et
465 3863 672 3930 facultatum
704 3887 843 3930 suarum
875 3873 1004 3930 certam
1036 3887 1205 3930 summam
1237 3861 1508 3946 contribuerant,

209 3971 388 4053 antiquam
411 3991 507 4034 suam
530 3972 813 4036 consvetudinem
836 3975 874 4036 in
897 3972 1111 4055 praestandis
1141 3973 1184 4036 ad
1218 3969 1376 4036 Confinia
1407 3969 1508 4034 Hun-

209 4078 326 4162 garica
350 4076 662 4143 contributionibus
691 4078 913 4143 laudabiliter
935 4099 975 4144 eo
999 4087 1099 4162 pacto
1131 4080 1342 4144 reducentes
1375 4077 1507 4142 Verum

209 4191 326 4246 tamen
350 4205 410 4266 pro
433 4185 487 4250 his
510 4186 667 4251 omnibus
701 4187 925 4271 proventibus
958 4209 1018 4251 seu
1050 4183 1364 4251 contributionibus
1399 4187 1506 4268 perci-

210 4291 344 4374 piendis
377 4291 488 4358 fidelis
513 4294 637 4379 aliquis
661 4303 696 4358 et
720 4293 896 4358 sufficiens
927 4293 1054 4379 aliquis
1078 4295 1289 4360 ordinandus
1322 4300 1420 4376 asset,
1454 4315 1506 4374 ne,

209 4400 299 4462 sicut
322 4397 495 4482 hactenus
519 4403 715 4465 istiusmodi
739 4409 926 4484 proventus
950 4401 1079 4466 frustra
1103 4402 1386 4466 distraherentur.

317 4505 364 4569 Et
388 4508 565 4590 expediret
598 4514 637 4570 ut
668 4507 748 4571 talis
782 4508 968 4592 Perceptor
999 4507 1198 4573 Iuramento
1230 4509 1507 4593 adstringeretur

210 4635 287 4676 cum
312 4634 419 4696 poena
443 4612 569 4698 debita,
594 4617 683 4678 sicut
702 4623 775 4678 erat
800 4623 953 4698 tempore
977 4614 1148 4679 Ludovici
1171 4615 1280 4701 Regis
1303 4615 1505 4701 Hungariaa
