3142 5214
214 309 279 375 632

211 510 306 593 gitae
335 508 612 593 plenipotentiae,
639 531 699 594 per
721 530 781 574 nos
804 531 939 596 quoque
962 513 1017 574 uti
1040 517 1254 594 praetactum
1278 515 1339 594 est,
1364 531 1407 574 ex
1431 519 1506 593 post

211 615 429 701 ratihabitae,
453 624 488 681 et
511 615 741 702 confirmatae,
764 617 934 703 condigna
957 617 1078 682 habita
1101 615 1292 699 reflexione,
1311 639 1350 681 ac
1369 620 1507 682 miiver-

211 743 326 788 sorum
349 730 384 788 et
409 723 651 809 quorumlibet,
675 727 749 790 sive
772 727 947 790 occasione
965 726 1147 790 modernae
1164 727 1401 789 conventionis
1416 745 1507 789 nunc

211 837 246 894 et
271 831 313 896 de
338 830 439 916 facto,
462 833 536 896 sive
559 833 602 896 ad
628 833 815 897 terminum
848 832 978 897 ibidem
1011 831 1209 917 praefixum,
1242 832 1298 896 vel
1330 839 1411 897 ante
1445 832 1506 896 hac

211 940 318 1002 etiam
340 939 611 1024 quandocunque
635 939 678 1004 ad
702 938 907 1004 fidelitatem
932 939 1090 1025 legitimo
1122 941 1206 1025 regi,
1239 937 1379 1024 ejusque
1412 961 1505 1006 sacro

212 1045 400 1110 diademati
424 1045 581 1110 debitum
605 1067 828 1130 reversorum,
852 1053 888 1111 et
912 1049 1086 1130 praestitis
1109 1053 1150 1111 ut
1174 1068 1276 1131 supra
1295 1045 1507 1111 declaratum

211 1157 271 1234 est,
296 1152 510 1234 praestandis
534 1154 774 1238 rediturorum,
798 1153 993 1218 humillima
1015 1153 1251 1238 submissione,
1274 1174 1313 1218 ac
1338 1175 1399 1238 per
1414 1151 1507 1237 jura-

211 1261 320 1322 menti
344 1259 601 1344 depositionem,
624 1267 789 1326 renovata
813 1259 1000 1347 homagiali
1023 1261 1235 1348 obligatione
1261 1259 1410 1347 benigne
1435 1283 1507 1346 per-

212 1369 334 1450 pensis,
367 1388 427 1451 pro
461 1367 625 1452 peculiari
657 1371 762 1432 etiam
795 1373 921 1452 nostrO,
944 1389 1012 1453 quo
1036 1389 1116 1454 erga
1141 1367 1334 1451 praefatum
1362 1389 1507 1454 regnum
1565 1379 1566 1394 ¹

211 1473 413 1560 Hungariae
437 1481 472 1540 et
496 1477 727 1560 principatum
752 1475 1021 1560 Transilvaniae,
1054 1476 1213 1540 ducimur
1243 1474 1380 1558 affectu,
1415 1497 1508 1560 prae-

212 1579 384 1645 deolarata
415 1584 576 1646 universa
600 1589 634 1646 et
658 1582 833 1668 quaelibet
857 1589 1076 1667 praenotatae
1101 1585 1347 1664 conventionis,
1372 1591 1407 1646 et
1432 1603 1508 1646 oon-

212 1688 373 1753 clusionis
398 1696 533 1773 puncta,
557 1689 747 1775 iisdemque
779 1689 873 1755 hisee
902 1690 1143 1776 comprehensa
1176 1690 1313 1776 singula
1345 1690 1507 1771 membra,

212 1796 380 1861 clausulas
403 1803 438 1860 et
463 1797 626 1862 articulos
660 1800 798 1881 praevio
831 1799 932 1862 modo
961 1795 1034 1882 jam
1067 1800 1105 1862 in
1136 1797 1255 1880 forma,
1289 1797 1442 1862 solennis
1475 1805 1507 1860 et

211 1903 380 1990 benignae
396 1907 604 1970 annuentiae
620 1909 855 1990 concessionis,
877 1906 1212 1991 ratihabitionisque,
1228 1911 1262 1970 et
1279 1904 1509 1970 confirmatio-

210 2013 264 2074 nis
288 2017 425 2075 nostrae
458 2017 642 2096 emanatos,
674 2013 827 2097 adeoque
859 2012 1054 2098 generalem
1086 2011 1317 2076 amnistialem
1349 2014 1509 2097 gratiam,

211 2139 271 2200 pro
304 2121 474 2183 universis
514 2125 549 2183 et
587 2119 734 2206 singulis
774 2119 923 2203 praefati
961 2123 1060 2206 regni
1098 2120 1308 2205 Hungariae‚
1339 2119 1508 2200 Partium,

213 2226 493 2310 principatusque
517 2225 786 2310 Transilvaniae,
810 2224 963 2310 cujusvis
986 2233 1097 2291 status
1114 2233 1149 2290 st
1164 2226 1295 2289 ordinis
1315 2227 1509 2311 regnicolis,

212 2333 396 2414 superioris
421 2335 505 2396 item
528 2355 635 2417 aeque
658 2355 697 2396 ac
721 2332 895 2398 inferioris
918 2335 1136 2416 conditionis,
1160 2331 1341 2417 militibus,
1358 2335 1509 2396 nationi-

213 2436 286 2518 bus,
310 2438 431 2502 incolis
455 2441 523 2503 imo
548 2447 582 2503 et
606 2441 689 2523 ipsis
713 2443 852 2505 rusticis
877 2451 1035 2526 percepto
1059 2447 1200 2504 eatenus
1224 2442 1330 2504 etiam
1361 2429 1509 2505 Consilii
1565 2487 1566 2536 ,

211 2543 403 2630 Hungariei
439 2551 520 2610 voto
559 2553 594 2610 et
632 2547 801 2631 opinione,
840 2569 909 2612 non
946 2547 1056 2612 solum
1094 2547 1242 2632 benigne
1280 2553 1509 2630 acceptamus

210 2652 437 2736 approbamus
461 2659 496 2718 et
524 2653 743 2740 ratificamus,
775 2678 895 2720 verum
927 2659 1032 2720 etiam
1065 2659 1243 2721 universos
1275 2663 1310 2720 et
1343 2655 1509 2741 singulos,

210 2780 294 2845 quos
335 2781 437 2844 supra
475 2763 512 2825 in
550 2761 655 2826 verbo
694 2769 811 2826 nostro
849 2763 996 2849 reginali
1034 2771 1069 2827 et
1108 2765 1245 2827 rectrici
1283 2761 1509 2845 authoritate,

210 2887 249 2929 ac
282 2865 370 2930 bona
401 2867 469 2932 fide
502 2867 638 2952 publica
672 2889 913 2954 assecuramus,
946 2871 1037 2955 quod
1071 2876 1288 2954 praenotatos
1320 2890 1440 2934 omnes
1475 2878 1509 2934 et
1565 2935 1566 2962 ,

210 2974 363 3059 singulos
389 2975 561 3058 articulos
584 2979 623 3040 in
638 2975 796 3041 omnibus
820 2998 937 3041 eorum
961 2978 1097 3060 punctis
1114 2983 1149 3040 et
1165 2975 1326 3041 clausulis
1350 2981 1423 3039 tam
1448 2996 1509 3041 nos
1565 2967 1566 3028 Ῐ

210 3083 304 3164 ipsae
324 3090 440 3148 sancte
464 3090 499 3147 et
523 3083 773 3148 inviolabiliter
788 3084 1055 3168 observabimus,
1080 3107 1184 3168 quam
1207 3086 1312 3148 etiam
1339 3105 1398 3167 per
1422 3083 1509 3148 alios
1565 3093 1566 3104 *

210 3195 350 3274 quosvis
373 3214 519 3278 quorum
542 3195 694 3278 interest,
718 3195 775 3258 vel
791 3197 958 3276 intererit,
982 3191 1215 3278 cujuscunque
1230 3199 1350 3276 statua,
1374 3201 1411 3257 et
1431 3215 1508 3258 cou-

210 3298 353 3362 ditionis
386 3301 465 3383 sint,
497 3299 673 3364 observari
706 3299 880 3364 faciemus.
913 3298 965 3363 Ac
998 3303 1035 3364 in
1058 3321 1160 3384 super
1192 3300 1311 3364 eodem
1339 3301 1377 3363 in
1399 3300 1508 3364 verbo

210 3411 326 3469 nostro
351 3413 385 3470 et
409 3405 476 3470 fide
509 3406 646 3490 publica
680 3408 894 3491 spondemus,
927 3414 962 3471 et
994 3409 1282 3492 appromittimus,
1321 3410 1506 3491 praemissa

210 3518 325 3578 omnia
364 3513 609 3578 summefatum
643 3518 897 3580 serenissimum
929 3538 968 3579 ac
1002 3518 1278 3600 potentissimum
1317 3517 1506 3600 principem

210 3622 388 3686 dominum
413 3621 573 3686 Oarolum
596 3621 720 3703 HIum,
737 3645 853 3707 regem
869 3621 1076 3687 catholicum
1094 3630 1128 3686 et
1144 3621 1379 3706 apostolicum,
1394 3621 1504 3688 filium

209 3737 365 3793 nostrum
390 3730 661 3812 dilectissimum,
685 3737 724 3793 ut
742 3733 890 3813 primum
910 3729 984 3794 fieri
1001 3734 1138 3815 poterit,
1161 3733 1256 3816 regia
1275 3752 1336 3794 sua
1354 3731 1506 3796 authori-

210 3843 282 3901 tate
307 3845 342 3900 et
375 3839 556 3920 potestatis
589 3837 813 3920 plenitudine,
847 3837 967 3920 denuc,
1001 3841 1203 3923 iterumque,
1236 3836 1504 3902 ratihabiturum

210 3950 245 4006 et
264 3944 553 4027 confirmaturum,
577 3967 615 4008 ao
639 3947 744 4008 etiam
768 3953 885 4009 sancte
909 3952 944 4009 et
968 3944 1218 4010 inviolabiliter
1233 3945 1503 4014 observaturum.

210 4060 245 4115 et
277 4051 451 4116 observari
485 4050 666 4116 facturum.
699 4051 834 4116 Harum
866 4058 1062 4116 nostrarum
1095 4074 1215 4127 manus
1248 4053 1395 4116 Nostrae
1430 4051 1503 4116 sub

209 4161 403 4242 scriptione,
428 4167 462 4223 et
486 4159 674 4243 Reginalis,
698 4160 935 4245 Rectricisque
961 4157 1076 4245 Sigilli
1099 4159 1328 4244 Appressione
1358 4162 1502 4223 munita·

209 4289 286 4330 rum
304 4269 423 4352 vigore
447 4275 481 4330 et
505 4269 703 4331 testimonio
727 4268 906 4331 literarum
931 4268 1113 4331 mediante.
1138 4267 1268 4332 Datum
1291 4269 1329 4331 in
1351 4267 1501 4332 Civitate

209 4374 343 4438 Vienna
366 4372 528 4438 Austriae
553 4375 608 4438 die
633 4375 710 4438 aaa
735 4377 860 4438 mensis
884 4375 956 4439 Mai
981 4373 1083 4437 Anno
1119 4375 1173 4439 Di.
1208 4375 1304 4440 1711.
1337 4373 1501 4438 Eleonora

208 4481 414 4566 Magdalena
439 4481 609 4546 Therasia.
633 4481 813 4566 Illeshazy,
839 4483 1027 4567 Hunyady.

317 4588 381 4654 HI.
406 4588 539 4672 Karoly
563 4585 803 4674 megeriisitese
830 4591 925 4653 1712.
949 4589 1116 4653 marozius
1142 4589 1283 4654 3oikan
1306 4587 1388 4652 lrelt.
