3138 5212
1281 366 1347 458 5459

163 567 261 644 Quod
289 587 370 631 vero
393 569 521 632 attinet
544 568 587 632 ad
621 569 799 653 negotium
832 566 874 630 de
907 567 1077 632 divisione
1116 566 1348 630 communium

60 675 251 739 colonorum
284 697 323 739 ac
355 675 591 757 depositione
632 674 784 738 limitum
817 674 861 738 ad
894 672 1100 737 inhibendas
1132 673 1349 736 excursiones

60 781 215 864 militum,
239 803 385 868 quorum
418 782 565 848 duorum
598 782 822 847 articulorum
856 781 1036 864 praecipue
1068 785 1203 844 versata
1227 785 1279 843 est
1312 781 1348 842 in

60 890 297 952 controversia.

163 994 276 1071 Quum
299 996 413 1058 visum
436 1003 488 1059 est
505 992 670 1078 partibus,
694 993 789 1058 nullo
813 994 913 1058 modo
937 994 972 1058 id
996 995 1046 1058 rei
1065 991 1149 1056 alibi
1165 992 1348 1062 commode,

59 1109 199 1185 tuteque
222 1108 257 1164 et
281 1122 341 1184 pro
364 1101 574 1187 aequalitate
602 1102 782 1186 utriusque
816 1103 923 1184 partis
947 1121 1042 1184 posse
1075 1101 1222 1185 transigi
1254 1099 1348 1181 (pace

58 1209 196 1272 interim
219 1229 261 1272 ex
289 1215 363 1273 toto
388 1212 564 1274 internos
596 1216 632 1272 et
655 1210 768 1291 ipsum
801 1210 1042 1291 imperatorem
1069 1206 1258 1270 Turcarum
1290 1227 1350 1288 per

57 1317 145 1399 ipsos
185 1317 397 1399 supradictos
436 1323 587 1381 oratores
628 1322 762 1380 nostros
808 1313 872 1378 sub
909 1313 1163 1379 conditionibus
1201 1321 1236 1378 et
1268 1315 1349 1376 arti-

57 1424 140 1488 culis
166 1427 203 1488 in
226 1424 280 1489 his
303 1425 431 1490 litteris
454 1422 780 1489 transactionalibus
804 1423 989 1506 complexis
1012 1444 1051 1486 ac
1076 1422 1256 1504 descriptis
1272 1441 1349 1484 oon-

57 1531 146 1596 fecta
181 1539 216 1596 01
241 1531 437 1615 publicata),
475 1533 542 1596 nisi
582 1534 619 1595 in
656 1532 740 1615 ipsis
782 1527 938 1594 confiniis
977 1549 1079 1611 opera
1118 1528 1350 1591 communium

56 1641 356 1720 commiseriorum,
394 1637 757 1723 superintendentibus
797 1658 894 1720 passa
932 1635 1085 1699 Budensi
1118 1642 1154 1698 et
1192 1655 1349 1718 supremo

57 1750 233 1830 capitaneo
256 1755 374 1812 nostro
397 1749 441 1811 ad
465 1747 556 1812 hunc
589 1747 752 1812 effectum
780 1745 1004 1830 personaliter
1037 1743 1203 1827 delegat0,
1236 1742 1349 1806 decre-

56 1863 129 1918 tum
163 1862 234 1918 est:
274 1861 313 1918 ut
346 1853 474 1919 hiduo
513 1855 651 1918 articuli
684 1853 938 1918 transferantur
976 1853 1013 1914 in
1051 1849 1267 1933 Hungariam
1305 1849 1348 1912 ad

57 1962 249 2024 communia
273 1963 423 2044 partium
447 1959 602 2044 confinia,
622 1959 738 2046 ibique
762 1960 863 2024 modo
887 1965 921 2023 et
947 1955 1055 2022 forma
1075 1957 1229 2038 superius
1252 1957 1350 2018 insti-

57 2077 140 2150 tuta,
181 2070 270 2132 ratio
308 2067 456 2152 illorum,
488 2068 577 2133 libro
609 2090 744 2154 quoque
783 2067 1033 2152 magnitudinis
1067 2085 1146 2128 suae
1184 2063 1350 2134 adhibito,

57 2175 263 2256 revideatur,
298 2175 505 2241 discutiatur
528 2185 563 2240 et
588 2177 726 2240 demum
749 2175 929 2239 ordinetur
954 2196 993 2238 ao
1017 2171 1241 2237 concludatur
1273 2192 1350 2235 eum

57 2284 241 2366 aequitate,
265 2281 501 2347 satisfactione
524 2292 559 2348 01
592 2283 820 2348 ratificatione
844 2284 1023 2367 utriusque
1053 2282 1159 2363 partis
1191 2281 1350 2364 quemad-

57 2388 197 2451 modum
221 2389 288 2452 iam
313 2388 446 2454 dictum
470 2397 523 2455 est
547 2392 748 2475 praemissis.

164 2494 264 2558 Pacis
287 2503 404 2561 autem
428 2505 562 2580 tempus
587 2497 763 2561 decretum
787 2505 839 2562 est
863 2499 900 2561 in
923 2497 1130 2576 octennium,
1154 2490 1252 2576 cujus
1286 2495 1349 2556 ini-

9 2579 10 2592 *
58 2603 144 2666 tium
169 2623 189 2664 a
206 2603 287 2666 data
302 2602 506 2686 litterarum,
523 2604 875 2690 capitulationumque
893 2606 1124 2687 praesentium
1148 2604 1279 2684 incipit.
1303 2601 1351 2665 Et

57 2707 119 2772 hoc
143 2711 286 2773 interim
309 2710 416 2776 donec
432 2712 550 2776 eadem
576 2733 641 2795 pax
665 2714 756 2776 inter
773 2721 887 2795 partes
902 2711 1010 2794 firma,
1034 2713 1175 2792 sincera,
1192 2717 1351 2773 constans

57 2825 90 2879 01
114 2816 286 2880 inviolata
311 2820 544 2900 permanserit,
568 2839 629 2882 nos
653 2820 799 2883 eundem
832 2821 1086 2884 serenissimum
1110 2819 1351 2900 imperatorem

58 2920 248 2988 Turcarum
271 2922 457 3008 Solymum,
491 2922 770 2988 confoederatum
803 2933 967 3007 nostrum,
995 2924 1180 3009 quotannis
1212 2944 1351 2986 munere

57 3025 239 3094 honorario
262 3031 409 3114 triginta
432 3029 580 3094 millium
604 3030 807 3094 ducatorum
830 3031 1118 3116 Hungaricalium
1144 3052 1202 3113 per
1226 3033 1351 3112 specia-

57 3133 104 3199 les
137 3136 294 3201 homines
326 3144 699 3220 nostros,proutante
724 3137 940 3220 factumest,
968 3139 1058 3201 circa
1085 3134 1351 3222 uniuscujusque

57 3248 138 3309 anni
164 3243 268 3309 finem
291 3246 487 3310 invisemus.
936 3247 938 3254 ‘
