3124 5216
193 301 258 368 712

191 505 227 564 et
273 497 541 581 Ludi-Magistri
581 498 811 581 provisionem
852 499 939 562 citra
988 497 1134 560 nimium
1181 493 1494 560 Contribuentinm

189 605 407 690 Aggravium
431 605 623 688 praeditam
646 626 727 686 esse,
756 603 884 690 absque
908 603 1065 668 ulteriori
1097 604 1140 667 ad
1163 603 1357 670 Altefatam
1382 604 1492 669 Suam

190 710 408 797 Majestatem
432 711 590 777 facienda
622 719 764 776 eatenus
787 711 1115 796 Repraesentatione
1142 708 1341 795 hujusmodi
1373 712 1492 794 priva-

190 827 266 885 tum
289 818 482 903 Religionis
506 819 722 884 Exercitium
746 821 885 903 praevia
909 820 1042 883 ratione
1066 818 1256 883 limitatum
1279 837 1321 880 ex
1353 815 1492 882 Gratia.

190 933 226 992 et
249 926 441 992 Clementia
464 926 577 1010 Regia
593 925 776 990 concedere
801 926 925 992 valeat.

297 1034 462 1098 Decrevit
485 1036 624 1118 insuper
647 1033 739 1098 ultra
762 1055 811 1116 ea,
833 1054 920 1118 quae
945 1033 1100 1116 superius
1123 1033 1167 1096 ad
1196 1031 1360 1098 Normam
1385 1052 1491 1095 verae

191 1143 407 1208 Tolerantiae
430 1142 648 1208 Christianae
671 1146 805 1225 statuit,
827 1143 940 1207 adhuc
963 1141 1183 1228 peculiariter
1204 1141 1241 1206 in
1264 1137 1491 1224 sequentibus

190 1251 376 1316 clementer
399 1251 582 1316 concedere
606 1249 844 1316 sacratissima
868 1250 936 1315 Sua
960 1247 1131 1333 Majestas.

298 1353 472 1444 Septimo:
496 1356 585 1422 Cum
607 1357 828 1422 Matrimonia
852 1357 999 1441 disparis
1025 1356 1219 1440 Religionis
1241 1353 1395 1420 hucdum
1419 1377 1491 1420 non

191 1486 296 1548 secus,
319 1486 423 1549 quam
447 1485 528 1548 erga
552 1464 683 1528 dandas
706 1463 910 1529 Reversales
932 1465 976 1528 de
999 1462 1159 1528 Prolibus
1184 1465 1362 1549 utriusque
1387 1485 1491 1528 sexus

190 1574 228 1636 in
251 1572 434 1657 Religione
457 1569 809 1637 RomancCatholica
833 1572 1020 1636 educandis
1038 1571 1187 1636 admissa
1211 1571 1351 1654 fuerint,
1369 1568 1491 1654 hujus-

190 1680 284 1745 modi
307 1680 548 1745 Reversalium
571 1699 672 1744 usum
695 1700 737 1744 ex
761 1701 852 1744 nunc
873 1680 1014 1764 quidem
1029 1679 1204 1764 abrogare,
1228 1701 1289 1764 pro
1312 1681 1490 1744 constanti

190 1793 307 1851 tamen
339 1787 467 1852 Norma
500 1807 568 1850 una
601 1787 733 1850 sancire
765 1786 932 1869 dignatur
962 1783 1120 1851 Altefata
1144 1787 1213 1852 Sua
1244 1784 1419 1870 Majestas‚
1453 1788 1491 1848 in

190 1894 423 1960 Matrimoniis
456 1895 602 1978 disparis
634 1891 836 1977 Religionis
859 1891 920 1957 ubi
952 1893 1057 1958 Pater
1079 1893 1278 1960 Catholicae
1309 1894 1491 1978 Religioni

189 2003 349 2067 addictus
372 2009 433 2086 est,
456 2023 573 2066 omnes
596 2000 714 2065 Proles
737 2008 810 2065 tam
832 2001 978 2066 Masouli
1001 2023 1105 2086 quam
1128 2009 1163 2066 et
1187 2001 1365 2068 Faeminei
1386 2023 1492 2066 sexus

190 2112 227 2173 in
250 2109 433 2193 Religione
449 2106 628 2173 Catholica
647 2107 840 2172 educandas
856 2129 936 2191 esse,
952 2108 1043 2192 quod
1068 2109 1278 2175 dominantis
1293 2109 1492 2195 Religionis

191 2218 421 2299 praecipuum,
445 2236 485 2279 ac
509 2217 747 2298 praerogativa
771 2236 843 2278 esse
867 2216 1090 2300 dignoscitur.

296 2322 333 2388 Si
353 2343 371 2385 e
394 2343 558 2386 converso
574 2321 688 2386 Mater
709 2321 897 2405 Catholica,
914 2323 1019 2388 Pater
1041 2344 1123 2389 vero
1146 2322 1371 2389 Acatholicus
1387 2323 1493 2402 foret,

192 2428 309 2494 Proles
333 2449 452 2492 sexum
476 2429 673 2512 Parentum,
696 2450 763 2513 qua
788 2431 978 2495 educentur
999 2431 1191 2516 Religione,
1215 2439 1412 2517 sequantur.

302 2531 456 2600 Octavo:
480 2535 517 2600 Si
540 2534 762 2601 Matrimonio
785 2539 878 2601 inter
899 2543 1230 2623 utramquepartem
1252 2537 1492 2623 Augustanus,

190 2649 226 2706 et
249 2643 451 2707 Helveticae
484 2641 700 2707 Confessioni
731 2643 907 2708 addictam
931 2652 1116 2728 contracto,
1139 2645 1307 2710 alterutra
1335 2646 1492 2729 partium

190 2750 234 2814 ad
275 2751 378 2816 Sacra
410 2750 567 2815 Romano
599 2749 778 2815 Catholica
803 2753 974 2834 transiret,
1012 2759 1073 2816 aut
1104 2751 1216 2817 soluto
1250 2773 1309 2836 per
1340 2762 1492 2816 mortem

191 2857 413 2922 Matrimonio
434 2879 512 2940 pars
545 2863 716 2941 superstes
748 2858 793 2921 ad
825 2857 1043 2942 Religionem
1074 2858 1290 2924 Catholicam
1322 2881 1493 2924 conversa
1560 2927 1561 2942 ζ

190 2963 306 3048 fuerit,
344 2965 464 3029 eadem
497 2966 705 3048 praescripta
750 2966 886 3050 Regula
917 2967 1030 3051 quoad
1064 2967 1183 3051 proles,
1213 2988 1300 3052 quae
1333 2969 1492 3033 noudum

189 3094 295 3137 annos
327 3072 553 3136 Discretionis
576 3074 777 3157 attigerunt,
811 3076 940 3156 pariter
962 3073 1175 3138 observanda
1199 3077 1275 3158 erit,
1299 3077 1336 3138 in
1369 3097 1492 3140 casum

189 3183 354 3244 nimirum
392 3181 548 3244 conversi
581 3180 704 3263 Patris,
743 3202 859 3245 omnes
898 3181 1015 3246 Proles
1048 3184 1085 3245 in
1122 3185 1221 3246 annis
1259 3181 1492 3248 Discretionis

190 3288 343 3351 nondum
376 3289 581 3351 constitutas
609 3286 737 3372 absque
770 3288 966 3353 discrimine
998 3306 1098 3353 sexus
1130 3289 1245 3354 Patris
1268 3289 1490 3374 Religionem

190 3395 295 3478 sequi,
320 3415 482 3458 conversa
511 3401 627 3458 autern
649 3395 694 3459 ad
726 3395 942 3460 Catholicam
977 3395 1316 3480 ReligionemMatre,
1348 3400 1488 3462 nonnisi

191 3502 244 3563 sui
268 3522 368 3564 sexus
401 3501 521 3585 proles
553 3504 646 3566 intra
678 3524 785 3566 annos
816 3503 1051 3586 Discretionis,
1084 3527 1204 3588 nempe
1237 3507 1275 3568 in
1306 3505 1488 3570 Catholica

191 3607 372 3692 Religione
400 3609 592 3673 educendas
623 3632 703 3674 esse.

298 3716 527 3800 Caeteroquin
559 3725 675 3782 autem
714 3719 886 3784 Catholici
924 3719 1019 3784 nullo
1054 3727 1234 3803 praetextu
1277 3720 1387 3803 proles
1425 3728 1490 3784 aut

189 3822 402 3905 orphanosa
435 3822 642 3887 Parentibus
666 3823 878 3891 Acatholicis
911 3835 1012 3910 ortos,
1036 3829 1073 3890 in
1105 3826 1286 3911 Religione
1311 3849 1370 3891 sua
1404 3829 1490 3892 edu-

190 3930 315 3994 cendas
338 3931 515 3995 vindicare
540 3939 709 4015 poterunt.

297 4034 421 4102 Nono:
444 4038 532 4102 Cum
557 4045 695 4121 propter
718 4039 915 4124 Baptismos
935 4063 994 4126 per
1017 4040 1219 4106 obstetrices
1242 4043 1489 4108 administran-

191 4144 253 4208 dos
275 4123 477 4209 Helveticae
501 4144 695 4229 Religionis
728 4148 892 4230 addictos,
917 4156 1035 4216 contra
1068 4169 1185 4213 eorum
1209 4149 1334 4232 dogma
1357 4155 1490 4220 vexari.

190 4259 251 4315 aut
277 4253 408 4335 puniri:
442 4252 660 4317 nullomodo
693 4254 779 4318 velit
812 4253 1048 4320 sacratissima
1082 4255 1150 4320 Sua
1174 4253 1354 4339 Majestas3
1387 4257 1491 4322 Ordi-

190 4361 303 4422 narios
342 4359 385 4423 ad
435 4361 683 4443 praescriptum
721 4357 824 4444 hujus
864 4360 1032 4446 benignae
1072 4362 1308 4428 Resolutionis
1354 4363 1490 4448 Regiae

189 4469 315 4532 instrui
339 4466 525 4530 clementer
549 4469 723 4551 praecipit.

296 4570 464 4636 Decimo:
487 4573 686 4638 Generatim
710 4576 846 4639 ordinat
880 4577 1009 4639 Eadem
1034 4577 1101 4640 Sua
1125 4575 1288 4674 Majestas
1321 4577 1490 4642 Sacratis-
