3160 5212
11 1003 16 1024 ,ι

11 1043 13 1068 1

11 1093 12 1108 r

11 1189 13 1204 t

11 1205 13 1236 l

590 615 819 688 Praefatio.

163 781 385 846 Serenissimo
410 783 557 865 principi
593 789 626 845 et
659 782 798 846 domino
822 781 1013 848 Wladislao
1042 783 1098 848 dei
1129 785 1242 868 gratia
1276 785 1350 869 regi

66 889 258 974 Hungariae
282 896 317 952 et
340 886 525 952 Bohemiae
550 895 584 952 et
608 889 747 953 domino
780 889 849 956 Suo
873 889 1147 954 clementissima.
1182 891 1350 976 Magister
1400 941 1402 946 ,

66 995 251 1078 Stephanus
274 995 316 1057 de
341 993 541 1058 Werbewcz
565 997 785 1059 servitiorum
809 1017 947 1060 suorum
970 994 1201 1062 humillimam
1223 1019 1350 1062 recom-

64 1101 320 1165 mendationem.

163 1209 378 1294 Quamquam
402 1209 588 1296 domestica
612 1215 647 1272 et
670 1209 815 1292 gentilia
838 1209 954 1295 Regni
979 1207 1082 1294 hujus
1105 1211 1230 1296 inclyti
1252 1213 1350 1277 Hun-

62 1319 170 1401 gariae
195 1317 269 1380 iura
294 1323 423 1380 certam
455 1317 493 1380 in
516 1317 638 1380 seriem
671 1314 923 1402 formulamque
947 1325 982 1382 et
1005 1317 1161 1382 ordinem
1185 1311 1352 1406 redigere,

11 1431 13 1466 ἵ
62 1445 94 1486 ac
126 1424 307 1488 literarum
340 1425 571 1487 monumentis
603 1423 777 1488 illustrare
816 1425 963 1488 arduum
1001 1433 1036 1489 et
1074 1426 1279 1510 perdifficile
1310 1449 1352 1492 ac

11 1745 16 1784 l

62 1529 205 1596 humano
229 1531 473 1614 propemodum
505 1532 644 1616 ingenio
669 1528 779 1614 majus
818 1555 889 1596 esse
912 1533 1090 1616 videatur,
1113 1539 1239 1621 quippe
1272 1559 1362 1600 cum

61 1639 145 1720 apud
165 1645 336 1702 nostrates
369 1659 408 1701 eo
436 1640 473 1701 in
495 1661 619 1724 genere
643 1638 732 1702 nihil
755 1637 920 1704 hactenus
936 1642 1110 1722 extiterit3
1133 1649 1194 1706 aut
1218 1647 1349 1729 origine

62 1745 259 1810 diuturnum
282 1752 342 1809 aut
370 1747 545 1809 sanctione
570 1745 702 1828 stabile,
726 1755 786 1810 aut
816 1749 956 1830 perenni
980 1769 1044 1812 usu
1067 1771 1107 1813 ac
1131 1751 1347 1816 observantia

60 1853 262 1935 roboratum,
301 1853 359 1917 sed
384 1877 425 1917 ex
465 1855 629 1940 cuiusque
669 1853 739 1920 fere
773 1857 937 1940 principis
976 1879 1015 1920 ac
1054 1859 1149 1942 regio
1187 1865 1277 1923 nutu
1316 1867 1349 1923 01
1415 1875 1418 1884 ·

60 1959 199 2026 arbitrio
223 1981 331 2026 novae
351 1964 615 2027 constitutiones
639 1985 795 2050 novaque
819 1964 940 2046 edicta,
964 1985 1024 2048 per
1047 1965 1200 2050 singulas
1223 1966 1350 2030 nedum

60 2075 204 2132 aetates:
228 2069 287 2132 sed
313 2069 595 2153 paucissimorum
617 2092 751 2157 qnoque
774 2092 942 2136 annorum
965 2073 1075 2155 spatia
1096 2075 1349 2138 emanaverint:

11 2357 14 2426 Ι

62 2173 150 2251 Quae
185 2197 263 2240 cum
295 2177 387 2240 inter
411 2198 482 2240 sese
516 2175 714 2263 plerumque
757 2179 948 2260 dissidiant,
988 2183 1023 2242 et
1060 2181 1214 2246 adversis
1252 2185 1350 2266 qnasi

60 2279 229 2348 frontibus
252 2282 480 2367 obluctentur,
503 2287 540 2348 in
564 2307 670 2349 unum
693 2285 790 2350 velut
818 2307 939 2368 corpus
962 2283 1144 2352 convenire
1168 2297 1203 2353 et
1226 2291 1350 2354 coales-

59 2415 136 2476 cere.
169 2394 262 2458 haud
289 2393 389 2458 facile
416 2402 557 2477 possunt
582 2433 622 2441 -
647 2401 782 2460 vestrae
806 2401 921 2460 tamen
955 2397 1146 2460 maiestatis
1178 2399 1349 2464 secundis-

59 2503 138 2566 simo
173 2501 289 2583 ductu,
322 2505 513 2588 vestrisque
547 2503 705 2568 felicibus
737 2505 906 2586 arrspiciis,
945 2525 1017 2567 rem
1049 2504 1103 2569 his
1135 2505 1349 2592 Regionibus
1410 2485 1433 2547 '¹

58 2609 96 2671 ad
127 2609 221 2672 hunc
255 2629 361 2692 usque
394 2609 485 2673 diam
517 2611 711 2674 inauditam
744 2618 778 2674 et
814 2633 872 2693 per
905 2617 958 2674 tot
991 2612 1203 2677 saeculorum
1235 2613 1349 2697 lapsus

59 2735 178 2801 magno
203 2715 366 2780 dedecore
391 2716 448 2780 sed
481 2719 601 2781 maiori
624 2720 756 2781 iactura
789 2718 982 2804 neglectam
1003 2719 1194 2804 aggrediar,
1218 2727 1348 2785 statuta

59 2823 187 2888 scilicet
203 2831 238 2888 et
255 2823 400 2908 decreta,
416 2847 454 2888 ac
471 2823 563 2910 leges
580 2833 614 2890 et
631 2826 893 2890 consuetudines
910 2829 1008 2911 regni
1023 2825 1188 2890 hactenus
1205 2827 1349 2910 divulsa,

59 2932 186 3012 mutila,
226 2929 367 2995 confusa
403 2940 436 2996 et
469 2933 557 2996 male
596 2933 812 2998 cohaerentia
851 2935 888 2996 in
926 2956 1033 2998 unum
1072 2940 1271 2998 connectere
1310 2957 1349 2996 ac

57 3037 309 3123 conglutinare,
334 3039 372 3101 in
405 3041 609 3125 scriptisque
641 3041 779 3104 redacta
803 3040 843 3104 V.
868 3040 1045 3105 Maiestati
1067 3041 1110 3106 ad
1136 3063 1348 3105 communem

57 3163 153 3209 usum
182 3143 429 3230 provulganda,
461 3153 594 3211 summa
627 3169 705 3211 cum
728 3146 938 3232 obsequendi
962 3149 1193 3233 propensitate
1217 3147 1348 3212 offerre.

57 3251 124 3317 Nec
164 3253 237 3318 ulla
270 3261 322 3318 est
363 3277 425 3340 res,
464 3278 567 3341 quam
606 3255 646 3320 V.
685 3255 732 3319 M.
764 3255 851 3320 mihi
883 3258 1006 3320 maiori
1044 3279 1122 3320 cum
1160 3255 1260 3320 laude
1293 3257 1349 3320 de-

56 3362 227 3444 mandare,
267 3361 324 3425 vcl
363 3384 425 3448 ego
458 3363 615 3428 alacriori
656 3363 770 3426 animo
813 3365 982 3446 suscipere
1024 3365 1219 3448 quivissem.
1257 3363 1348 3440 Quid

56 3470 144 3532 enim
184 3469 296 3553 Regio
325 3468 512 3552 Splendore
554 3469 702 3554 dignius
736 3489 874 3532 suorum
913 3469 1130 3533 subditorum
1168 3470 1277 3553 quieti
1309 3491 1348 3531 ac

55 3575 304 3662 tranquillitati
335 3577 588 3641 accomodatius
613 3583 784 3659 praestare
818 3577 994 3660 potuisset,
1018 3599 1120 3660 quam
1150 3583 1226 3660 post
1260 3575 1348 3640 bella

55 3688 86 3747 et
118 3703 295 3749 armorum
323 3686 495 3769 strepitus,
529 3685 654 3768 quibus
686 3683 822 3749 hostilis
856 3691 967 3748 metus
1006 3686 1124 3768 procul
1156 3685 1348 3769 depellitur,

55 3795 146 3873 pacis
176 3813 293 3864 curam
315 3813 441 3877 gerere,
466 3814 552 3877 quae
575 3793 643 3855 nisi
666 3793 751 3855 iuris
774 3791 1007 3856 moderatione
1032 3794 1257 3874 contineatur,
1282 3799 1348 3856 sta-

54 3895 141 3980 bilis,
183 3897 348 3984 firmaque
381 3921 452 3964 esse
494 3921 562 3963 non
603 3897 726 3962 valeat.
764 3899 989 3983 Perspicuum
1031 3908 1082 3964 est
1114 3906 1239 3984 autem,
1272 3899 1348 3982 plus

54 4005 165 4070 multo
188 4005 304 4070 obesse
328 4009 510 4072 intestinas
534 4007 730 4090 discordias
753 4029 856 4092 quam
880 4015 1020 4071 externa
1050 4005 1148 4090 bella,
1172 4028 1211 4069 ac
1235 4005 1348 4090 plures

53 4113 331 4198 potentioresque
354 4113 564 4198 respublicas
588 4136 658 4178 0000
682 4135 814 4180 veneno
831 4114 1026 4196 domestico,
1046 4135 1149 4197 quam
1164 4111 1348 4176 hostilibus

53 4237 87 4280 ar
99 4221 158 4282 1110
192 4216 379 4283 subversas.
413 4219 542 4305 Operae
576 4223 727 4305 precium
758 4227 874 4284 autem
907 4221 991 4284 duxi
1031 4241 1090 4303 pro
1114 4219 1160 4284 M.
1193 4221 1234 4286 V.
1257 4228 1348 4302 vote,
1390 4209 1391 4212 ¹

53 4345 87 4388 ur
103 4326 225 4390 iversis
248 4327 347 4412 regni
363 4329 626 4393 consuetudines
650 4351 689 4392 ac
712 4311 805 4414 leges
829 4335 863 4392 et
880 4327 1016 4391 decreta
1042 4327 1201 4411 dilucide,
1229 4335 1347 4410 aperto

53 4439 86 4494 et
128 4434 315 4518 unicuique
362 4433 462 4498 facile
505 4437 659 4518 exposito
707 4436 786 4499 stilo
826 4433 1033 4519 perscribere
1072 4443 1107 4498 et
1148 4437 1185 4498 111
1226 4438 1348 4520 capita,

52 4540 177 4604 titulos
208 4549 244 4606 et
276 4543 438 4608 articulos
471 4541 634 4627 redigere,
667 4549 706 4607 ut
746 4543 905 4627 deinceps
948 4545 1056 4627 prima
1089 4543 1206 4628 legum
1238 4546 1349 4608 nostri

52 4667 86 4711 re
103 4649 162 4732 uri,
172 4649 375 4735 rudimenta,
388 4673 458 4715 11011
474 4651 517 4715 ab
527 4654 678 4737 antiquis
694 4652 764 4717 illis
781 4651 907 4716 fabulis
924 4648 1048 4736 quibus
1068 4651 1232 4716 hactenus
1248 4673 1346 4716 omne
