3182 5210
1306 353 1374 418 219

12 571 14 628 1
84 564 199 632 torum,
234 550 479 614 archidiaconi
512 551 601 615 mala
633 553 888 626 consuetudine,
921 556 1011 616 sicut
1043 556 1098 616 usi
1139 559 1228 635 sunt,
1271 575 1375 616 unani

84 679 226 720 marcam
251 661 389 746 exigere
413 655 551 720 valeant
574 665 678 742 atque
702 663 841 741 possint.

184 765 250 829 [[l.
267 765 398 830 Minuti
414 768 518 828 etiam
535 773 724 830 conventus
741 767 784 831 ab
800 770 1017 830 emanatione
1033 767 1212 830 literarum
1229 787 1375 841 suarum,

84 897 181 956 super
205 875 465 956 perpetuatione
483 875 731 955 possessionum
748 873 1034 940 conficiendarum
1052 880 1192 956 cessent,
1208 881 1243 936 et
1259 890 1375 936 00111111

83 981 192 1066 sigilla
216 985 311 1045 omni
335 988 473 1044 careant
496 979 670 1046 firmitate.

185 1091 246 1154 IV.
263 1091 415 1154 Lucrum
431 1112 513 1154 1010
529 1091 679 1174 Camere⁷
697 1099 798 1174 prout
814 1103 965 1176 tempore
985 1088 1104 1153 Incliti
1129 1091 1294 1172 principis
1318 1089 1376 1152 do-

83 1203 164 1263 mini
197 1198 322 1262 Karoli
354 1197 448 1281 olym
480 1199 588 1282 Regis
621 1199 800 1285 Hungarie
821 1201 824 1280 1
847 1201 1013 1283 genitoris
1045 1201 1156 1262 nostri
1193 1197 1375 1286 karissimi,

12 1295 13 1332 ³
83 1311 132 1390 pie
156 1309 329 1387 memorie,
352 1307 395 1369 de
418 1305 573 1390 quolibet
596 1310 732 1391 integro
749 1306 858 1370 fundo
874 1307 1015 1370 Camere
1034 1305 1250 1385 (0111011100
1266 1307 1376 1388 grossi

82 1413 311 1496 solvebantur,
326 1417 374 1477 sic
391 1421 426 1477 et
442 1435 533 1478 nunc
550 1436 627 1478 cum
643 1414 755 1478 tribus
771 1419 906 1500 grossis,
917 1418 953 1478 in
963 1421 1079 1478 nostra
1090 1415 1233 1479 (lamera
1251 1413 1376 1476 cuden-
1447 1466 1448 1470 ,

82 1524 139 1600 dis,
163 1545 312 1608 quorum
335 1543 531 1606 grossorum
555 1544 643 1586 unus
667 1547 725 1587 sex
742 1523 899 1588 denarios
915 1524 1059 1588 Camere
1076 1529 1192 1588 nostre
1210 1525 1246 1584 in
1260 1519 1375 1583 valore

82 1638 113 1694 01
150 1633 349 1716 quantitate
388 1651 447 1692 sex
487 1629 634 1694 latorum
674 1631 946 1714 Wycnnensium
985 1630 1108 1711 valeat,
1148 1637 1182 1694 et
1226 1631 1377 1710 ipsorum

82 1758 276 1822 grossorum
315 1738 574 1821 quatuordecim
614 1759 722 1802 unum
762 1737 930 1801 fertonem
971 1737 1109 1818 faciant,
1153 1734 1376 1819 persolvatur.

83 1842 276 1927 Superfluos
309 1849 425 1906 autem
458 1844 614 1907 denarios
656 1845 818 1908 videlicet
852 1845 1006 1906 ‹lioarum
1039 1844 1309 1924 redemptionem
1342 1847 1376 1904 et

82 1949 246 2015 victualia
270 1953 418 2032 recipere
441 1949 533 2028 111011
558 1950 703 2015 valeant.

12 2041 13 2052 ¹
187 2058 229 2121 V.
247 2058 389 2123 Villicos
405 2065 441 2122 01
457 2061 645 2124 servientes
661 2062 697 2123 in
717 2063 860 2142 propriis
877 2081 994 2124 eorum
1011 2058 1278 2141 possessionibus
1289 2078 1378 2120 conr-

83 2175 262 2248 morantes‚
285 2189 323 2230 ac
348 2188 471 2248 servos
488 2170 595 2250 ipsius
619 2167 706 2231 lucri
730 2168 871 2232 Camere
891 2168 1060 2230 dicatores
1084 2168 1197 2230 dicare
1222 2173 1257 2229 et
1276 2186 1378 2247 super

84 2277 169 2357 ipsos
194 2273 330 2338 lucnrm
352 2275 494 2339 Camere
518 2279 654 2361 exigere
687 2299 756 2342 non
782 2279 919 2357 possint,
944 2283 979 2338 et
1001 2275 1208 2360 generaliter
1233 2273 1376 2337 dicendo

83 2381 188 2446 nichil
213 2381 291 2464 plus
314 2403 417 2465 quam
440 2389 509 2445 tres
532 2405 667 2467 grossos
691 2387 840 2466 recipere
864 2383 1004 2446 valeant
1027 2390 1062 2446 et
1085 2389 1296 2466 extorquere.

189 2487 250 2552 VI.
274 2488 455 2552 Praeterea
479 2488 522 2552 ab
546 2491 704 2554 omnibus
728 2489 921 2554 aratoribus
938 2488 1184 2572 lobagionibus
1200 2491 1326 2552 nostris
1343 2497 1377 2549 et

83 2599 200 2658 vineas
223 2594 431 2658 habentibus
455 2599 491 2659 in
515 2595 727 2680 quibuslibet
751 2597 846 2661 villis
870 2596 987 2661 liberis
1011 2619 1049 2660 ao
1078 2599 1183 2660 etiam
1217 2595 1378 2658 1111101111-

84 2701 212 2766 colibus
236 2701 331 2765 villis
354 2723 556 2786 quocunque
579 2707 716 2768 nornine
740 2707 901 2768 vocitatis
924 2704 986 2784 100
1011 2701 1221 2788 reginalibus
1254 2704 1378 2765 consti-

84 2811 175 2888 tutis
201 2811 353 2890 exceptis
370 2807 582 2874 Civitatibus
600 2814 751 2892 muratis.
768 2811 902 2875 Nonam
920 2818 1051 2894 partem
1068 2813 1220 2874 omnium
1237 2809 1378 2894 frugum

84 2937 229 2996 suarum,
263 2925 299 2978 et
330 2919 490 2982 vinorum
523 2920 674 3000 ipsorum
707 2921 800 3002 exigi
834 2918 1006 2999 iaciemus,
1040 2925 1074 2980 et
1099 2917 1236 2981 [lomina
1260 2919 1377 3000 regina

12 3025 13 3096 ζ
83 3027 174 3108 exigi
199 3022 314 3096 faciet,
338 3045 376 3086 ao
401 3024 548 3105 predicti
571 3025 722 3088 Berones
755 3033 790 3088 et
813 3024 945 3089 nobiles
969 3025 1130 3088 similiter
1153 3023 1196 3086 ab
1220 3023 1378 3088 omnibus

12 3189 14 3210 ᾖ
83 3129 276 3194 aratoribus
299 3130 544 3216 Iobagionibus
568 3141 603 3196 01
626 3137 744 3198 vineas
766 3131 974 3197 habentibus
999 3136 1035 3196 in
1064 3131 1276 3217 quibuslibet
1307 3155 1379 3213 pos-

12 3225 14 3238 *
84 3235 290 3302 sessionibus
314 3241 465 3320 ipsorum
489 3238 717 3303 existentibus
747 3263 870 3304 nonam
906 3249 1037 3322 partem
1061 3225 1214 3303 omniurn
1238 3238 1379 3322 frugum

84 3366 222 3408 suarum
256 3354 290 3408 et
313 3349 476 3411 vinorum
508 3369 646 3411 suorum
679 3369 796 3412 eorum
828 3349 947 3412 usibus
976 3351 1117 3432 exigant
1142 3355 1176 3410 et
1200 3349 1378 3429 resipiant.

12 3427 14 3460 ¹
86 3453 282 3538 Prolatique
315 3462 350 3517 et
373 3457 442 3518 viri
466 3454 687 3518 ecclesiastici
711 3454 919 3540 Jobagiones
947 3453 1113 3518 habentes
1148 3456 1255 3536 primo
1290 3453 1379 3516 ‹leci-

12 3631 14 3636 ,
87 3583 164 3640 mae,
180 3571 216 3624 et
234 3569 311 3643 post
334 3561 416 3626 haec
441 3563 602 3626 similiter
624 3585 749 3626 nonam
766 3571 898 3644 partem
913 3565 1067 3626 omniurn
1084 3560 1225 3643 frugum
1241 3581 1380 3622 suarum

12 3661 14 3684 ³
86 3679 118 3730 01
147 3671 309 3732 vinorum
344 3673 494 3752 ipsorum
526 3673 675 3754 exigant.
715 3669 761 3733 Et
795 3673 823 3733 si
856 3673 915 3754 qui
949 3673 984 3732 in
1017 3672 1193 3732 exactione
1229 3667 1375 3748 predicta

87 3797 178 3840 secus
218 3775 372 3858 fecerint,
405 3798 466 3840 nos
499 3781 535 3840 in
568 3777 690 3840 talium
724 3775 902 3840 rebellium
936 3785 970 3840 et
1004 3783 1195 3858 presentem
1228 3782 1380 3836 nostram

12 3911 14 3964 1
87 3887 310 3948 statutionem
343 3883 591 3948 alternancium
625 3883 892 3966 possessionibus
926 3906 985 3965 pro
1019 3905 1083 3946 usu
1115 3888 1233 3946 nostro
1273 3885 1379 3963 ipsorn

12 4067 13 4084 1
87 4013 208 4055 nonam
242 4001 374 4074 partem
416 3993 593 4076 (ipsorum)
628 3993 768 4076 furgum
801 4000 835 4055 et
868 3995 942 4056 vini
974 3995 1068 4075 exigi
1101 3991 1274 4054 faciemus.
1307 3991 1378 4052 sine

12 4091 14 4116 ⁵
89 4101 318 4163 diminucione
359 4107 393 4162 et
417 4100 626 4163 relaxatione
659 4100 809 4184 aliquali.
843 4099 892 4164 Ut
927 4123 985 4180 per
1019 4099 1080 4161 hoc
1120 4099 1227 4162 honor
1266 4105 1381 4161 noster

124 4207 275 4290 [geaturl
299 4217 333 4269 et
359 4209 423 4288 ipsi
446 4207 617 4290 regnicole
641 4205 739 4270 nobis
764 4207 898 4270 fidelius
924 4208 1054 4287 possint
1079 4204 1253 4268 famulare.

193 4312 270 4376 VII.
296 4313 347 4376 De
373 4313 639 4395 possessionibus
663 4317 752 4376 enirn
778 4335 797 4376 a
820 4313 919 4376 nobis
936 4321 970 4376 et
988 4316 1113 4376 nostris
1131 4312 1381 4379 successoribus

124 4421 302 4484 veniendis
336 4423 432 4483 iuxta
465 4443 581 4484 aarum
615 4408 855 4504 ‹prantitatcm
888 4419 1051 4484 videlicet
1090 4420 1132 4482 de
1173 4421 1379 4502 possessione

120 4537 272 4592 'eventus
297 4529 414 4592 decem
438 4549 628 4592 marcarum
654 4528 804 4610 liicicnti,
828 4527 1128 4591 vicecancellarius
1145 4535 1261 4590 noster
1277 4547 1380 4590 unam

128 4657 233 4699 arcam
261 4643 296 4698 01
326 4639 602 4716 scriptoriorum
628 4635 796 4698 fertonem
820 4644 855 4698 et
879 4635 921 4697 110
945 4633 1131 4698 maioribus
1166 4636 1381 4716 possessioni-
