3192 5214
1 638 2 643 ,
66 553 191 639 Regis,
214 557 282 619 nisi
306 555 413 620 arduo
441 558 582 640 negocio
605 557 722 640 ingru-

1358 357 1423 422 135

776 560 843 622 nisi
866 556 973 621 arduo
997 559 1138 640 negocio
1166 556 1281 640 Regni
1304 552 1423 620 Nostri

1 665 2 668 ’
67 669 154 726 ente
169 661 227 726 vel
242 659 445 727 infirmitate
462 661 628 727 fuerimus
648 683 722 745 pro-
776 667 968 749 ingruente,
991 663 1048 727 vel
1079 661 1282 728 infirmitate
1310 661 1423 745 prohi-

66 769 190 853 hibiti,
214 769 305 836 Albe
336 779 515 836 teneamur
542 771 722 853 solempni·

1 891 2 912 ³
67 899 161 942 zare.
200 877 248 942 Et
287 880 317 942 si
354 899 417 943 nos
455 881 619 944 interesse
654 897 723 942 non
777 881 969 961 lemnizare,
1001 887 1042 942 ut
1075 878 1126 944 ibi
1166 880 1318 960 oppressi
1350 879 1423 940 sine
1544 955 1546 963 Α

71 987 274 1068 poterimus,
290 985 470 1050 Palatinus
481 985 598 1070 procul
617 983 722 1050 dubio

777 770 843 834 biti
867 769 1042 852 fuerimus,
1064 769 1177 836 Albae
1199 776 1357 833 tenemur
1373 788 1423 833 so·

777 991 900 1053 timore
923 989 1174 1071 quaerimonias
1191 1007 1268 1050 suas
1292 986 1423 1067 possint

68 1091 123 1156 ibi
148 1093 218 1155 erit
242 1112 302 1174 pro
325 1090 433 1174 nobis,
452 1097 492 1156 vt
514 1093 591 1155 vice
607 1097 723 1156 nostra
777 1115 952 1180 exponere.
987 1093 1054 1158 Sed
1079 1096 1108 1158 si
1130 1113 1192 1158 nos
1215 1113 1287 1166 non,
1308 1111 1423 1175 possu-

68 1219 194 1263 eausas
218 1198 338 1264 audiat
369 1205 404 1264 et
435 1220 551 1265 omnes
575 1200 723 1262 seruien-

777 1225 853 1268 mus
876 1207 1048 1284 interesse,
1064 1201 1244 1266 Palatinus
1260 1202 1424 1264 interesse

1 1357 2 1371 ,
68 1313 135 1386 tes,
175 1307 236 1390 qui
274 1305 458 1390 uoluerint,
496 1304 602 1372 libere
640 1305 723 1370 illuc
777 1317 924 1392 tenetur,
957 1316 992 1374 et
1026 1311 1101 1372 vice
1140 1307 1267 1372 Nostra
1306 1327 1424 1370 causas

776 1418 905 1501 audiat,
915 1423 950 1482 et
960 1437 1076 1482 omnes
1093 1417 1280 1480 servientes
1296 1411 1424 1488 Nostri,

68 1415 292 1478 conueniant.

777 1533 813 1592 et
836 1527 905 1609 alii,
928 1528 988 1611 qui
1011 1525 1144 1606 volunt,
1161 1521 1276 1604 libere,
1300 1528 1335 1586 et
1350 1524 1423 1586 sine

777 1637 901 1698 timore
924 1632 1007 1696 illuc
1030 1632 1246 1696 conveniant.

823 1741 851 1802 2.
876 1739 1028 1804 Praelati
1051 1737 1293 1817 Ecclesiarum,
1309 1739 1344 1797 et
1359 1731 1424 1798 Ar·

777 1847 1020 1930 chi-Episcopi,
1044 1853 1079 1910 et
1094 1845 1257 1928 Episcopi
1280 1842 1323 1906 ad
1344 1862 1424 1925 pau-

778 1977 897 2038 perum
920 1955 1191 2039 quaerimoniam
1217 1949 1424 2016 audiendam

777 2069 813 2127 et
836 2060 1005 2127 infractae
1027 2058 1118 2124 forte
1151 2058 1323 2124 libertatis
1347 2077 1424 2120 con-

777 2169 1016 2251 firmationem,
1047 2170 1116 2232 nisi
1140 2169 1302 2231 canonica
1331 2186 1424 2248 prae-

778 2279 952 2361 peditione
976 2275 1107 2340 fuerint
1123 2275 1291 2358 impediti,
1307 2279 1424 2336 tenen·

778 2393 836 2450 tur
859 2387 1031 2450 interesse.

823 2493 852 2556 3.
881 2491 917 2556 Si
950 2491 1131 2556 Palatinus
1164 2489 1304 2552 interim
1336 2486 1424 2552 male

693 2637 713 2671 ¹,
777 2600 1075 2664 administraverit
1120 2596 1270 2680 Negotia
1307 2595 1424 2680 Regis,

117 3139 148 3202 2.
183 3137 353 3202 Volumus
384 3138 500 3220 eciem,
538 3137 627 3220 quod
661 3159 723 3202 neo

68 3267 143 3329 nos,
184 3265 249 3308 neo
288 3246 415 3327 posteri
452 3247 562 3308 nostri
607 3243 723 3329 aliquo

68 3364 230 3436 tempore
262 3353 450 3416 servientes
488 3354 635 3434 capient,
666 3349 724 3415 vel

69 3461 267 3542 destruant,
291 3457 410 3526 fauore
437 3459 582 3524 alicuius
605 3465 723 3543 poten-

1 3569 2 3580 ’
69 3571 127 3651 tis,
152 3569 224 3632 nisi
257 3570 367 3651 primo
400 3569 500 3632 citati
533 3565 664 3632 fuerint
688 3573 723 3630 et

0 3724 5 3735 .
69 3674 196 3740 ordine
221 3673 401 3740 iudiciario
425 3677 584 3740 conuicti.

121 4643 151 4708 3.
174 4641 267 4708 Item
290 4639 422 4706 nullam
451 4641 637 4724 collectam,
662 4664 724 4706 nec

778 2715 814 2772 et
836 2707 961 2792 Regni,
984 2702 1228 2788 supplicabunt
1251 2703 1369 2784 Nobis,
1385 2707 1425 2764 ut

778 2814 953 2878 utiliorem
976 2813 1049 2877 loco
1072 2810 1146 2895 ejus
1175 2813 1424 2876 constituamus

778 2944 880 3007 quem
912 2921 1080 3003 volumus,
1104 2925 1139 2984 et
1163 2918 1234 2983 Nos
1268 2914 1429 3000 precibus,

778 3050 896 3094 eorum
918 3048 1115 3092 annuemus.

823 3138 853 3201 4.
877 3137 1045 3202 Volumus
1069 3134 1160 3220 quod
1184 3155 1246 3197 neo
1269 3131 1349 3212 Nos,
1363 3149 1425 3192 neo

779 3247 907 3329 posteri
944 3243 1065 3308 Nostri
1103 3241 1235 3325 aliquos
1274 3257 1426 3322 unquam

778 3355 916 3437 capiant
939 3351 996 3416 vel
1029 3351 1210 3414 destruant
1240 3347 1307 3410 nisi
1332 3345 1425 3426 prius

778 3460 897 3524 ordine
917 3455 1102 3542 judiciario
1128 3457 1385 3520 conveniantur.

825 3783 854 3846 ὃ.
893 3780 941 3846 Et
979 3800 1058 3843 cum
1092 3781 1159 3844 ista
1206 3777 1426 3842 Sacramento

778 3889 915 3971 Nostro,
939 3894 974 3951 et
997 3887 1198 3970 Principum
1221 3885 1427 3951 Nostrorum

780 3995 911 4060 fuerint
927 3993 1136 4077 confirmata,
1154 3997 1183 4058 si
1199 3996 1259 4078 qui
1275 3992 1426 4075 perNoa

779 4105 836 4169 vel
867 4126 928 4188 per
959 4102 1048 4168 filios
1080 4102 1234 4184 Nostros,
1271 4101 1328 4164 vel
1368 4121 1428 4182 per

779 4233 998 4298 quoscunque
1014 4211 1193 4296 postidem
1203 4216 1347 4292 tempus,
1364 4211 1426 4272 sei-

779 4319 861 4384 licet
880 4319 996 4386 XVII.
1016 4340 1145 4383 annum
1163 4319 1278 4403 Regni
1297 4317 1425 4396 Nostri,

779 4430 852 4491 sine
882 4423 1015 4510 judicio
1048 4432 1128 4491 sunt
1155 4425 1302 4510 spoliati,
1326 4424 1424 4507 plene

779 4537 1017 4600 restituantur.

825 4642 854 4705 6.
878 4641 967 4707 Item
991 4643 1122 4706 nullam
1138 4641 1335 4722 Collectam,
1351 4639 1426 4703 nul-
