3192 5214
1314 354 1379 418 159
1459 417 1462 430 ,

190 553 243 616 10.
265 551 357 616 Item
381 554 411 616 si
433 551 652 617 Christianus
676 551 829 618 Judeum
854 554 1077 635 interemerit,
1112 552 1218 637 digno
1251 553 1378 618 iudicio

82 663 256 743 puniatur,
280 667 316 724 et
341 661 456 724 omnia
473 661 546 724 eins
562 659 704 724 mobilia
720 668 756 724 et
771 658 965 724 immobilia
981 662 1019 724 in
1033 669 1187 724 nostram
1202 667 1379 724 transeant

82 775 299 850 potestatem.
1094 759 1096 766 ’

192 876 244 938 11.
268 873 359 938 Item
383 875 413 937 si
436 873 655 942 Christianus
678 875 831 941 Judeum
854 875 1025 954 ceciderit,
1057 877 1106 938 110
1139 882 1255 938 tamen
1287 873 1379 958 quod

81 983 289 1066 sanguinem
312 983 386 1044 eius
409 1003 478 1045 non
513 980 684 1064 effuderit,
718 982 829 1048 solvat
861 981 960 1048 nobis
993 981 1161 1046 iudicium
1192 982 1379 1046 secundum

80 1089 368 1154 consuetudinem
391 1091 490 1173 regni
513 1109 689 1173 percussor
712 1097 860 1174 quatuor
883 1110 1013 1154 marcas
1036 1090 1181 1173 argenti.
1213 1088 1251 1153 Si
1281 1111 1380 1172 pecu-

80 1199 175 1261 niam
199 1195 327 1261 habere
349 1217 419 1260 non
442 1199 578 1279 poterit,
601 1196 669 1261 alia
694 1218 779 1280 pena
802 1219 868 1282 que
891 1196 990 1262 nobis
1012 1196 1190 1262 videbitur
1208 1199 1379 1280 puniatur.

193 1305 245 1368 12.
269 1303 360 1368 Item
387 1301 583 1388 ubicunque
616 1303 641 1369 J
643 1305 749 1368 udeus
782 1304 973 1368 dominium
1005 1313 1162 1368 nostrum
1195 1305 1379 1384 transierit,

79 1410 198 1475 nullus
227 1411 260 1474 ei
283 1409 422 1495 aliquod
446 1411 733 1494 impedimentum
757 1409 925 1494 prestabit
948 1419 1008 1476 aut
1041 1410 1177 1494 inferet,
1209 1433 1272 1476 nec
1303 1433 1380 1496 gra-

1 1501 3 1522 1
79 1541 215 1584 vamen.
240 1519 307 1583 Sed
340 1520 370 1582 si
402 1517 533 1603 aliquas
566 1539 694 1584 merces
727 1519 784 1584 vel
815 1519 900 1583 alias
933 1540 986 1582 res
1018 1519 1165 1600 duxerit,
1189 1517 1379 1603 dequibus

80 1627 216 1691 tributa
251 1627 400 1692 debeant
431 1630 620 1712 provenire,
653 1650 714 1712 per
746 1631 860 1694 omnia
894 1627 1106 1694 tributorum
1137 1627 1211 1692 1000
1243 1629 1380 1692 nonnisi

79 1734 240 1799 debitum
265 1734 379 1799 solvat
402 1735 584 1819 tributum,
607 1736 699 1821 quod
723 1735 871 1801 solveret
896 1756 984 1800 unus
1007 1737 1138 1799 civium
1170 1734 1264 1798 illius
1296 1737 1379 1800 eivi-

79 1845 175 1925 tatis,
199 1864 267 1928 qua
290 1842 424 1907 Judeus
447 1864 485 1907 eo
509 1849 663 1927 tempore
687 1842 929 1908 demorabitur.

193 1952 244 2014 14.
268 1950 359 2014 Item
382 1952 412 2014 si
436 1950 561 2035 aliquis
584 1953 768 2015 iactaverit
791 1953 972 2016 temerarie
988 1973 1089 2034 super
1105 1949 1380 2015 8010108101οο-

80 2081 168 2123 rum.
193 2059 302 2123 iudici
332 2057 357 2123 J
360 2057 524 2122 udeorum
548 2079 698 2122 marcam
717 2065 752 2122 et
769 2057 952 2124 dimidium
968 2057 1126 2123 volumus
1143 2065 1182 2122 ut
1198 2057 1379 2142 persolvat.

1 2239 2 2254 ,
192 2167 244 2230 18.
268 2165 359 2230 Item
391 2168 574 2232 statuimus
607 2173 646 2229 ut
679 2165 794 2230 nullus
826 2169 917 2231 iuret
950 2187 1010 2250 1110
1044 2167 1246 2232 1011011100
1279 2189 1380 2250 super

1 2265 2 2326 Ῑ
79 2273 213 2338 librum
245 2275 385 2359 Moysis,
418 2277 479 2360 qui
512 2274 632 2358 podale
665 2274 867 2358 appellatur,
900 2277 968 2339 nisi
990 2275 1034 2339 ad
1058 2283 1211 2340 nostram
1235 2282 1379 2340 vocatus

1 2407 2 2428 1
80 2381 191 2447 fuerit
215 2384 439 2446 maiestatem.

192 2490 244 2554 23.
267 2488 359 2554 Item
381 2489 418 2554 in
442 2490 542 2554 domo
566 2488 673 2555 Judei
695 2489 854 2555 nolumus
877 2488 1054 2573 hospitari.

192 2598 245 2662 24.
267 2596 358 2662 Item
381 2599 411 2661 81
433 2597 567 2662 Judeus
590 2619 692 2681 super
708 2598 953 2682 possessionem
968 2605 1028 2662 aut
1044 2597 1162 2662 literas
1178 2603 1379 2682 magnatum

80 2705 182 2789 regni
207 2706 386 2788 pecuniam
408 2705 630 2787 mutuaverit,
653 2712 689 2768 et
712 2705 776 2769 hoo
809 2725 869 2786 per
901 2725 978 2768 suas
1010 2703 1128 2768 1110108
1160 2711 1195 2768 01
1227 2703 1380 2788 sigillum

81 2809 293 2895 probaverit,
324 2833 385 2876 nos
417 2811 530 2876 Judeo
563 2813 808 2895 possessionem
840 2809 1091 2896 assignabimus
1123 2810 1321 2896 obligatam,
1345 2819 1379 2874 et

1 2967 2 2971 ,
82 2941 139 2983 eos
173 2925 294 2983 contra
326 2918 531 2984 violenciam
560 2917 824 3002 defensabimus,
848 2926 883 2983 et
907 2917 1072 2984 faciemus
1096 2941 1175 2984 eum
1209 2920 1379 3002 percipere

1 3103 2 3118 ,
82 3025 220 3090 fructus
244 3029 494 3110 provenientes,
518 3027 626 3091 donec
650 3026 869 3092 Christianus
893 3036 1064 3110 appareat,
1088 3030 1148 3114 qui
1171 3026 1258 3093 velit
1291 3028 1380 3092 redi-

1 3127 3 3150 *
81 3155 176 3198 mere
200 3153 317 3198 omnes
342 3137 568 3218 possessiones
584 3135 702 3198 taliter
718 3134 897 3220 obligatas.
915 3134 1024 3218 Super
1039 3134 1247 3200 Christianis
1264 3141 1380 3198 tamen

1 3235 2 3275 1
82 3245 119 3307 in
144 3243 275 3307 eisdem
299 3241 567 3326 possessionibus
590 3241 820 3307 existentibus
836 3242 989 3307 Judeum
1004 3243 1156 3328 aliquam
1172 3243 1380 3308 iurisdictio-

84 3371 165 3414 nem
189 3347 349 3412 nolumus
373 3371 536 3414 exercere.

194 3456 246 3520 26.
269 3455 360 3521 Item
376 3458 406 3520 si
420 3456 554 3522 Judeus
567 3462 744 3539 receptum
760 3479 779 3519 a
796 3456 993 3521 Christiano
1010 3459 1135 3542 pignus
1151 3479 1212 3540 per
1227 3458 1379 3539 spacium

81 3567 165 3630 anni
189 3566 312 3647 tenuit,
336 3565 366 3628 si
389 3566 542 3650 pignoris
565 3563 663 3628 valor
686 3571 880 3628 mutuatam
905 3567 1084 3648 pecuniam
1108 3573 1143 3630 et
1167 3587 1289 3649 penam
1311 3566 1383 3628 non¹

1 3721 2 3736 .
82 3673 278 3755 excesserit,
310 3671 444 3738 Judeus
477 3672 584 3736 iudici
617 3693 678 3736 suo
712 3673 837 3757 pignus
870 3672 1131 3754 demonstrabit,
1164 3680 1199 3737 et
1223 3675 1317 3756 prius
1341 3695 1379 3736 ea

1 3766 2 3771 ¹
82 3779 260 3845 vendendi
281 3778 409 3844 habeat
433 3777 640 3844 libertatem.

194 3887 246 3952 27.
279 3886 317 3952 Si
349 3889 440 3974 quod
474 3889 598 3972 pignus
632 3909 691 3970 per
723 3908 852 3950 annum
884 3895 920 3952 et
953 3889 1035 3953 dum
1067 3887 1160 3952 ultra
1192 3889 1380 3952 terminum

82 3995 327 4058 convencionis
350 3994 441 4078 apud
465 3992 618 4058 Judeum
640 3992 768 4077 absque
792 3992 862 4056 ulla
888 3996 1136 4076 protestacione
1168 3995 1379 4074 remanserit,

82 4099 173 4164 111111
196 4121 299 4184 supra
321 4099 386 4166 hoo
410 4107 526 4186 postea
549 4098 778 4184 respondebit.

194 4208 246 4271 28.
274 4207 365 4272 Item
397 4207 556 4274 volumus
589 4215 627 4271 111
661 4207 776 4272 nullus
809 4207 960 4272 Judeum
993 4231 1094 4292 super
1126 4209 1297 4274 solucione
1331 4210 1380 4290 pi-

82 4337 233 4402 gnorum
255 4316 293 4378 in
315 4336 376 4379 sua
396 4313 509 4380 feriali
533 4315 588 4379 die
611 4315 736 4378 audeat
761 4336 922 4378 00010010.

194 4421 246 4486 29.
269 4420 578 4508 Itemquicunque
602 4421 820 4487 Christianus
853 4421 966 4486 Judeo
1000 4445 1060 4506 per
1091 4425 1164 4485 vim
1197 4420 1379 4486 abstulerit

83 4531 211 4615 pignus
235 4549 344 4612 suum,
368 4539 403 4594 et
427 4529 511 4614 quid
534 4528 705 4593 violenter
727 4531 763 4592 in
787 4529 887 4592 domo
912 4551 972 4592 sua
1005 4530 1204 4611 exercuerit,
1237 4538 1276 4594 ut
1309 4533 1379 4594 vio-

84 4635 177 4701 lator
199 4658 331 4701 camere
356 4643 471 4702 nostre
494 4638 651 4722 graviter
675 4637 848 4718 puniatur.
