3138 5212
65 564 221 654 aporta
259 557 472 654 elfogadott
509 560 547 632 ds
585 559 730 634 kasdbb
766 559 897 634 Miksa
924 562 957 635 is
986 563 1258 658 magerbeitett,
1287 563 1351 638 fel·

64 683 224 778 talaljuk
251 683 478 758 Veranceics
504 685 620 758 iratai
648 687 782 760 kiiziitt
810 681 1064 786 (Verancaics,
1092 694 1213 774 iisszes
1241 689 1351 763 Mun-

64 809 134 898 ka,
164 817 196 885 5.
223 811 261 883 k.
290 814 511 885 soa-raa.
538 805 588 908 1.).

62 1053 98 1120 A
128 1052 441 1124 bekekdteenek
463 1052 602 1124 Mikea
633 1073 809 1145 magyar
831 1053 971 1145 kirtly
1006 1056 1112 1128 altal
1144 1057 1351 1130 kialiitott

164 1418 329 1502 Inprimis
361 1419 538 1484 decretum
562 1425 622 1502 est,
646 1425 688 1483 ut
710 1418 794 1483 haec
818 1439 884 1503 pax
917 1419 1009 1484 inter
1031 1441 1092 1486 nos
1115 1444 1155 1487 ac
1178 1425 1351 1490 serenissi-

60 1546 129 1590 mos
156 1524 355 1590 archiduces
387 1525 549 1591 Austriae
587 1526 846 1592 Ferdinandum
878 1533 914 1592 at
936 1521 1098 1592 Carolum
1131 1527 1255 1596 fratres
1293 1553 1351 1597 no-

59 1641 144 1699 stros
170 1633 385 1698 charissimos
400 1633 444 1699 ab
467 1657 545 1718 una,
561 1643 596 1700 01
613 1637 890 1718 potentissimum
913 1658 952 1700 ac
976 1627 1230 1704 serenissimum
1246 1640 1351 1705 sulta-

59 1765 139 1806 num
179 1741 356 1825 Solymum
394 1741 584 1808 'furcarum
616 1745 858 1826 imperatorem
890 1750 987 1827 parte
1025 1744 1069 1810 ab
1107 1747 1215 1812 altera
1254 1750 1350 1814 inita.

58 1847 147 1913 sacta
172 1855 208 1912 et
231 1848 388 1913 conclusa
404 1853 441 1914 in
463 1871 570 1915 annos
593 1857 669 1914 octo
694 1852 847 1933 proxime
863 1858 1051 1936 sequentes,
1075 1875 1135 1936 per
1157 1855 1221 1920 hoc
1237 1862 1350 1920 totum

59 1965 202 2039 tempus,
225 1957 400 2021 internos
425 1955 589 2020 videlicet
612 1978 651 2020 ac
674 1957 854 2040 utriusque
878 1959 985 2040 partis
1009 1980 1123 2044 regna,
1148 1964 1350 2045 provinciae,

59 2065 278 2145 principatus,
312 2062 472 2146 dominia,
513 2062 624 2146 urbes,
657 2069 775 2144 terrae,
806 2064 933 2147 oppida
964 2085 1004 2128 ac
1036 2066 1109 2131 loca
1141 2075 1214 2132 tam
1245 2075 1350 2133 10110-

58 2173 149 2252 stria,
175 2191 279 2255 quam
311 2172 493 2252 maritima,
517 2191 700 2255 omnesque
740 2177 775 2234 01
807 2169 964 2236 subditos
996 2181 1031 2238 01
1064 2174 1192 2240 milites
1224 2197 1350 2259 eorum,

59 2283 187 2358 mutua,
226 2275 323 2359 bona,
348 2298 438 2357 vera,
476 2277 584 2361 firma,
623 2283 849 2362 constansque
881 2286 917 2343 et
940 2282 1071 2345 sincera
1110 2305 1181 2348 csse
1218 2283 1350 2366 debeat,

58 2403 162 2470 eaque
186 2407 206 2448 a
229 2384 328 2450 nobie
357 2383 459 2468 juxta
484 2386 696 2451 conditiones
728 2408 806 2451 suas
838 2387 1075 2472 infrascriptae
1104 2411 1193 2474 vere,
1234 2399 1350 2456 sancte

57 2499 90 2555 01
113 2491 365 2557 inviolabiliter
387 2493 521 2558 colatur
543 2501 579 2558 et
602 2493 812 2559 observetur.

162 2706 254 2771 Item
277 2709 357 2792 quia
391 2710 545 2791 proxima
568 2709 756 2773 octennalis
796 2731 860 2794 pax
892 2710 1151 2776 aconclusione
1183 2709 1257 2795 ejus
1290 2736 1351 2796 per

57 2821 170 2879 totum
212 2822 348 2898 tempus
387 2833 486 2878 suum
519 2813 685 2895 impedita
719 2813 834 2898 fuerit,
866 2816 1105 2901 inquietudine
1143 2825 1179 2881 et
1217 2817 1350 2882 bellicis

57 2919 265 2986 tumultibus
297 2921 522 2986 illustrissimi
556 2921 686 2985 domini
718 2922 863 2988 Joannis
887 2924 1108 3009 Sigismundi,
1140 2925 1223 2990 haec
1256 2949 1350 3009 prae-

58 3049 140 3109 sens,
165 3035 207 3091 ut
230 3026 361 3092 firmior
384 3049 423 3091 ac
447 3027 605 3092 stabilior
628 3051 699 3093 esse
723 3033 840 3113 possit,
864 3054 926 3094 nec
959 3028 1032 3113 ejus
1057 3052 1175 3096 cursus
1199 3032 1349 3098 motibus

58 3143 90 3199 01
112 3133 426 3200 machinationibus
449 3136 667 3222 quibuspiam
691 3135 844 3221 ejusdem
868 3139 965 3202 ducis
996 3140 1212 3223 impediatur,
1237 3142 1350 3206 decre-

58 3249 130 3307 tum
154 3249 227 3306 ast:
250 3250 290 3307 ut
319 3246 543 3327 imposterum
566 3268 586 3308 a
610 3245 826 3309 conclusione
850 3246 962 3309 dictae
997 3247 1087 3328 pacis
1111 3248 1148 3310 in
1171 3247 1350 3332 Transsyl-

58 3352 157 3414 vania
182 3357 218 3414 et
240 3352 332 3415 intra
364 3347 437 3433 ejus
471 3351 666 3434 provinciae
699 3351 826 3415 limites
860 3351 1032 3436 legitimos
1065 3373 1135 3417 sese
1176 3357 1349 3420 contiueat

56 3477 200 3544 suosque
233 3460 338 3523 etiam
369 3479 486 3523 omnes
518 3479 602 3544 quos
626 3459 725 3524 vela
759 3459 918 3542 consiliis,
958 3460 1013 3524 vel
1046 3481 1066 3523 a
1098 3459 1199 3525 rebus
1223 3462 1349 3526 11111110-

57 3563 149 3630 ribus
175 3565 288 3646 habet,
312 3588 414 3648 penes
438 3589 473 3631 se
496 3589 569 3632 esse
593 3589 796 3652 manereque
817 3565 939 3651 jubeat
963 3619 1221 3634 .........

163 3672 254 3737 Item
277 3673 454 3738 decretum
486 3683 547 3758 est,
570 3681 610 3740 ut
634 3677 663 3738 si
688 3673 776 3738 forte
801 3675 893 3739 idem
918 3676 988 3740 dux
1021 3678 1156 3760 quietis,
1190 3679 1348 3762 pacisque

57 3781 247 3864 impatiens,
271 3803 332 3845 1100
357 3782 571 3847 decretorum
594 3780 748 3866 ejusdem
782 3786 873 3866 pacis
897 3786 1065 3848 rationem
1089 3781 1227 3864 habene,
1251 3785 1349 3849 nobis

56 3907 92 3949 ac
125 3885 276 3952 subditis
307 3891 434 3953 nostris
467 3911 604 3954 movere
643 3889 881 3972 hostilitatem,
915 3891 1105 3975 damnaque
1138 3898 1173 3955 et
1205 3889 1349 3974 injurias

56 4003 183 4060 temera
206 3994 334 4060 inferre
358 4017 427 4060 non
450 4005 636 4078 vereretur,
660 4017 788 4082 nosque
812 4005 846 4061 et
871 3998 1007 4061 eosdem
1036 3996 1192 4061 subditos
1215 4005 1348 4062 nostros

56 4103 245 4185 molestare,
284 4101 385 4166 villas
424 4101 562 4167 illorum
595 4104 742 4186 diripere
781 4111 816 4167 et
849 4106 1065 4167 excursiones
1104 4105 1140 4166 in
1182 4105 1349 4168 ditionem

57 4219 207 4274 nostram
231 4208 351 4292 facere,
367 4229 528 4294 arcesque
551 4217 587 4274 01
611 4210 750 4274 castella
767 4218 891 4292 nostra,
915 4231 955 4273 ac
978 4209 1195 4274 subditorum
1218 4219 1349 4274 nostro·

56 4335 130 4381 rum
155 4322 312 4402 pergeret
335 4337 542 4401 oppugnare,
575 4317 631 4382 vel
654 4317 722 4380 alia
746 4337 834 4381 nova
858 4319 895 4380 in
919 4317 1165 4380 detrimentum
1197 4313 1348 4398 cujusvis

57 4421 197 4488 ditionis
236 4431 371 4489 nostrae
395 4422 679 4509 subditorumque
711 4433 921 4488 'nostrorum
960 4433 1134 4488 exstruere
1174 4426 1348 4507 inciperet,

58 4527 211 4616 bonaque
253 4531 392 4597 mobilia
430 4541 466 4597 01
504 4532 703 4615 immobilia,
743 4531 1023 4614 contributiones
1056 4533 1158 4616 dicas,
1200 4534 1348 4596 decimas

58 4643 91 4700 et
115 4645 302 4721 proventus
325 4637 570 4724 qualiscunque
594 4642 738 4723 generiS,
762 4639 804 4702 ad
823 4661 883 4702 nos
907 4647 942 4703 01
966 4641 1009 4703 ad
1033 4640 1169 4704 eosdem
1192 4637 1348 4703 subditos
