3160 5212
1287 357 1352 422 329

63 575 164 617 vnum
181 555 431 634 convenientes
447 561 482 616 et
507 555 599 616 inter
623 552 772 636 prefatos
797 553 976 637 principes,
1009 577 1140 618 necnon
1162 555 1293 640 Regna,
1319 563 1351 618 et

62 661 218 726 dominia.
234 668 338 745 atque
361 660 517 724 subditos
541 681 666 742 eorum,
691 663 783 743 pacis
806 664 986 726 materiam
1003 663 1062 726 diu
1078 662 1246 747 longeque
1264 670 1352 726 trao-

62 776 180 834 tantes
219 768 359 832 tandem
398 776 473 852 post
512 768 693 832 diuturnos
726 746 761 831 e't
793 768 1015 833 inexhaustos
1054 769 1194 852 labores
1233 770 1349 834 diuina

60 879 230 959 aspirante
254 877 447 944 clemencia.
471 884 505 940 et
530 879 701 941 communi
725 885 760 940 ct
783 879 938 940 vnammi
962 899 1126 941 consensu
1150 899 1188 940 ao
1217 899 1353 942 coneor-

61 983 122 1046 dia.
147 1005 225 1046 cum
250 983 392 1067 prefatis
416 983 626 1066 Oratoribus,
652 1007 712 1068 pro
730 987 845 1069 quiete
862 995 896 1048 et
912 983 1166 1069 tranquillitate
1182 985 1352 1049 dictorum

62 1095 314 1174 principatuum
338 1099 372 1155 et
389 1092 613 1172 dominorum,
629 1101 704 1155 tum
720 1099 755 1154 et
770 1094 929 1156 vniuerse
947 1091 1142 1156 Christiane
1158 1091 1352 1176 Religionis

60 1199 299 1264 consolacione.
323 1199 519 1264 huiusmodi
545 1199 642 1280 bella,
665 1220 814 1284 guerrae,
832 1199 1058 1263 dissensiones
1074 1207 1108 1262 et
1125 1199 1351 1265 differencias

1 1363 2 1382 ,
63 1307 271 1387 presencium
295 1312 412 1370 tenore
434 1309 623 1389 sopiuimus
646 1313 682 1370 et
706 1327 842 1389 prorsus
865 1307 1084 1373 extinximus.
1108 1305 1172 1368 sub
1192 1306 1292 1369 modo
1318 1313 1351 1370 et

1 1443 2 1456 1
62 1413 168 1476 forma.
193 1411 416 1476 articulorum
439 1412 745 1494 infrascriptorum.
778 1413 820 1475 ad
855 1433 939 1497 quos
972 1412 1181 1475 deuenimus.
1214 1411 1349 1496 Eosque

62 1522 94 1582 in
117 1523 250 1584 virtute
275 1519 401 1602 prefati
425 1521 582 1584 Mandati
605 1522 714 1584 nostri
738 1520 973 1598 conclusimus,
999 1523 1035 1583 in
1058 1519 1148 1583 huuc
1165 1522 1224 1604 qui
1241 1522 1352 1603 sequi-

61 1628 288 1690 turmodum.

166 1734 284 1798 Primo
333 1737 563 1800 conuenimus.
610 1735 706 1812 Quod
755 1734 998 1798 Serenissimus
1053 1734 1211 1797 dominus
1258 1733 1353 1798 Wla-

59 1841 188 1904 dislaus
220 1843 305 1924 Rex,
339 1843 507 1926 deinceps.
541 1865 600 1926 pro
634 1865 715 1906 vero
747 1849 781 1905 et
815 1841 1012 1905 indubitato
1046 1841 1224 1925 Hungarie
1256 1841 1353 1923 Rege

59 1963 204 2016 maneat.
237 1951 464 2036 Regnumque
507 1955 627 2034 ipsum.
666 1954 771 2014 etiam
809 1953 845 2014 in
884 1949 1024 2013 heredes
1064 1971 1141 2012 suos
1180 1947 1348 2012 masculos

61 2057 258 2140 legittimos,
290 2083 331 2122 ex
365 2059 491 2123 lumbis
523 2062 592 2122 suis
627 2067 828 2141 procreatos
862 2058 926 2122 sub
959 2055 1216 2122 condicionibus
1245 2055 1351 2119 infra-

58 2168 204 2248 scriptis
227 2169 485 2230 transmittatur
508 2175 541 2228 et
566 2165 779 2230 deuolvatur.
802 2165 968 2249 Quodque
993 2167 1083 2228 inter
1108 2161 1258 2247 prefatos
1282 2163 1351 2226 Ro-

59 2294 237 2336 manorum
261 2273 506 2356 Imperatorem
530 2283 563 2336 et
588 2281 751 2357 utrosque
775 2273 897 2356 Reges,
921 2295 1038 2336 eorum
1062 2273 1192 2355 Regna,
1227 2273 1352 2354 prinei-

61 2389 168 2460 patus
193 2379 323 2446 Terras.
348 2382 507 2447 dominia.
531 2380 696 2462 subditos,
719 2379 852 2444 incolas
886 2387 919 2443 et
953 2378 1201 2443 inhabitatores
1235 2399 1354 2441 eorun-

59 2488 145 2552 dem.
180 2489 270 2552 Hinc
303 2493 340 2553 in
372 2499 480 2560 antea,
514 2489 611 2553 firma
644 2496 747 2574 atque
781 2495 942 2572 perpetua
977 2491 1022 2551 sit
1056 2496 1090 2550 et
1115 2491 1251 2550 maneat
1279 2507 1353 2568 pax,

60 2599 149 2662 unio.
174 2608 207 2658 et
233 2595 420 2663 concordia.
445 2619 483 2659 ao
507 2597 668 2681 quicquid
700 2596 874 2660 hactenus,
898 2595 942 2658 ab
966 2597 1067 2658 initio
1092 2593 1174 2656 belii
1198 2591 1308 2667 huius,
1333 2615 1349 2656 a

59 2715 212 2785 tempore
247 2701 372 2785 prefati
405 2703 548 2766 condam
580 2704 687 2786 Regis
720 2703 861 2769 Mathis.
894 2724 1000 2787 usque
1033 2704 1070 2765 in
1103 2700 1190 2764 hano
1224 2700 1351 2768 horam.

59 2809 180 2874 Preda.
204 2812 416 2892 captiuitate.
449 2811 642 2892 homicidio.
675 2813 862 2874 exustione.
895 2816 955 2872 aut
989 2829 1190 2893 quacunque
1225 2808 1292 2871 alia
1316 2810 1352 2871 vi

60 2916 192 2998 bellica,
216 2919 307 2980 inter
329 2917 391 2981 heo
415 2919 574 2998 dominia,
598 2917 763 2984 subditos.
787 2916 1007 2994 habitatores,
1033 2915 1291 2997 stipendiarios.
1315 2923 1349 2976 et

60 3027 246 3106 ministros,
270 3028 487 3089 commissum
511 3033 571 3106 est,
592 3022 630 3104 jd
657 3024 900 3088 vniuersaliter
922 3023 1091 3086 abolitum
1123 3025 1177 3088 sit.
1212 3031 1243 3084 et
1280 3043 1352 3104 per-

2 3201 3 3208 ,
60 3144 165 3213 petuo
198 3136 399 3214 extinctum,
431 3133 478 3197 Et
512 3134 689 3216 Principes
724 3135 797 3214 ipsi.
831 3131 1008 3196 Amicieia.
1043 3129 1293 3197 beneuolencia,
1319 3139 1352 3190 et

60 3237 179 3302 fauore
204 3263 238 3303 se
263 3247 383 3304 mutuo
406 3241 686 3324 complectantur,
711 3241 875 3321 Precipue
900 3260 981 3302 vero
1010 3238 1152 3301 Cesarea
1177 3244 1211 3298 et
1244 3237 1351 3318 Regia

58 3346 296 3410 Romanorum
319 3347 525 3413 Maiestates.
549 3347 666 3429 Ipsum
690 3347 867 3409 dominum
891 3346 1023 3426 Regem
1047 3343 1285 3425 Wladislaum,
1302 3345 1352 3405 uti

57 3475 200 3517 suarum
224 3454 445 3517 Maiestalum
468 3454 777 3535 Consanguineum,
802 3454 982 3537 Regnique
1007 3454 1060 3514 sui
1084 3452 1262 3534 Hungarie
1280 3451 1355 3514 Sta·

58 3576 144 3640 tum,
169 3561 260 3643 apud
285 3560 545 3624 Sanctissimum
569 3560 745 3624 dominum
769 3567 924 3623 nostrum
948 3581 1118 3622 summum
1142 3557 1354 3625 Pontificem,

58 3671 184 3732 Sedem
208 3667 451 3751 Apostolioam,
475 3669 653 3750 Principes
677 3669 771 3731 Sacri
795 3668 943 3731 Romani
967 3667 1116 3748 Imperii.
1141 3673 1173 3728 et
1194 3665 1278 3728 alias
1294 3663 1354 3728 ubi

57 3798 145 3859 opem
180 3777 296 3857 fuerit,
330 3779 508 3859 presertim
541 3779 577 3839 in
612 3777 704 3839 facto
737 3775 945 3838 defensionis
986 3773 1110 3855 prelati
1149 3774 1271 3856 Regni,
1311 3771 1355 3833 ab

59 3885 255 3945 incursione
294 3891 329 3946 et
370 3886 566 3947 vastacione
610 3883 770 3966 nepharie
813 3883 927 3964 gentis
970 3879 1183 3942 Thnrcorum
1225 3883 1354 3942 sincere

59 3998 295 4070 promoueant,
323 4000 357 4052 et
387 3991 526 4052 faueant
561 3990 697 4067 eisdem,
731 3989 891 4050 Vicissim
924 4008 1057 4070 quoque
1090 3987 1162 4066 ipse
1196 3985 1354 4047 dominus

3 4123 5 4132 ³
60 4095 274 4160 Wladislaus
297 4097 373 4161 Rex
396 4103 431 4161 et
455 4097 624 4179 Regnum,
642 4097 886 4179 prenominatis
902 4093 1135 4157 Romanorum
1152 4091 1355 4173 Imperatori

56 4215 89 4267 et
116 4205 220 4286 Regi,
245 4207 337 4268 omni
360 4205 483 4286 studi0,
507 4204 660 4268 Consilio
684 4211 718 4266 et
743 4203 860 4265 fauore
884 4201 1002 4264 adesse
1036 4199 1192 4276 debeant,
1225 4206 1354 4261 statum

57 4323 88 4374 et
117 4312 330 4395 dignitatem
354 4333 478 4393 eorum,
503 4332 563 4393 pro
589 4334 682 4393 posse
707 4331 767 4373 suo
784 4308 978 4372 adiuuaudo
996 4313 1031 4369 et
1047 4305 1265 4388 ampliando.¹

169 4419 261 4483 Item
284 4419 482 4484 conclusum
506 4426 565 4500 est,
590 4419 688 4495 Quod
712 4420 822 4481 omma
850 4416 962 4479 allata
986 4418 1021 4478 in
1038 4414 1099 4476 hoc
1120 4414 1224 4490 Bello,
1242 4420 1355 4496 preter

172 4657 179 4682 ¹
202 4645 236 4698 Υ.
250 4651 274 4698 ὃ.
295 4663 311 4698 a
330 4647 449 4717 soproni
468 4644 640 4700 szeraddest.
