3124 5216
1268 369 1330 434 771

43 568 212 650 RectoreS,
229 565 447 631 Subreotores
470 586 600 646 vocare,
617 577 649 630 et
667 567 850 650 dimittere,
867 588 1046 631 numerum
1062 587 1179 630 eorum
1195 586 1331 649 augere,

43 673 99 736 vel
121 675 282 756 minuere,
298 695 359 737 nec
380 694 448 736 non
464 671 666 756 DirectoreS,
684 695 743 737 seu
759 673 941 738 Curatores
957 672 1157 737 Scholarum
1173 694 1332 756 quarum-

44 783 97 844 vis
119 789 192 845 tam
215 781 363 864 Locales,
387 801 490 865 quam
509 778 707 862 Superiores
730 787 765 844 01
789 779 1013 864 Supremos,e
1037 801 1116 843 suae
1141 777 1333 843 Confessio·

44 890 97 950 nis
129 886 324 951 hominibus
356 887 490 971 eligere,
515 889 690 970 rationem,
724 909 886 970 normam,
919 895 953 951 et
986 887 1140 951 ordinem
1179 887 1331 970 docendi,

43 1003 144 1078 atque
168 995 322 1059 discendi
351 995 458 1076 (salva
490 995 667 1060 Altefatae
701 995 788 1061 Suae
822 993 1015 1080 Majestatis
1047 996 1159 1080 quoad
1192 994 1332 1060 Scholas

43 1105 146 1166 etiam
169 1103 269 1167 hasce
301 1103 431 1187 Regiae
455 1125 630 1187 supremae
663 1105 898 1188 inspectionis,
931 1106 984 1167 uti
1013 1105 1242 1187 praemissum,
1274 1104 1331 1166 via

43 1209 205 1292 legalium
243 1211 357 1295 Regni
395 1209 664 1276 Dicastericrum
702 1213 908 1276 exercendae
955 1211 1136 1296 potestate)
1167 1212 1331 1294 ordinare,

43 1316 170 1380 futuris
193 1339 324 1401 semper
347 1317 557 1400 temporibus
581 1319 681 1383 liceat
705 1320 924 1404 Evangelicis
941 1321 1118 1403 utriusque
1142 1316 1332 1382 Confessio-

40 1427 103 1506 010,
137 1423 391 1488 coordinatione
415 1431 531 1487 tamen
565 1423 736 1488 literariae
758 1425 1003 1507 Institutionis,
1036 1445 1117 1508 erga
1150 1424 1331 1489 demissam

39 1530 203 1596 Statuam
235 1541 270 1596 et
303 1532 371 1598 00.
396 1535 668 1617 propositionem,
702 1557 761 1618 per
793 1533 897 1598 Suam
929 1531 1146 1616 Majestatem
1174 1535 1332 1599 determi-

39 1640 163 1722 nanda,
187 1641 231 1704 ad
255 1641 316 1706 hes
341 1642 480 1724 perinde
504 1641 652 1724 Scholes,
676 1642 742 1706 huc
766 1650 881 1706 tamen
905 1643 997 1706 haud
1030 1642 1215 1706 intellectis
1239 1641 1332 1706 Reli-

37 1747 154 1829 gionis
193 1744 344 1832 objectis,
368 1771 454 1834 quae
492 1751 602 1814 cuivis
640 1749 815 1833 Religioni
855 1752 989 1833 propria
1022 1771 1158 1813 manere
1197 1749 1331 1833 debent,

38 1854 266 1918 extendenda.
291 1853 461 1920 Studiosis
491 1864 663 1940 praeterea
691 1857 851 1939 ipsorum,
874 1877 943 1918 non
966 1855 1066 1918 modo
1090 1854 1332 1919 Benefaotores

38 1981 159 2024 eorum
183 1983 242 2044 pro
258 1962 451 2045 recipienda
471 1965 566 2046 011110,
586 1971 621 2026 01
637 1959 833 2046 adjuvando
856 1963 1049 2027 Ministerio
1065 1969 1142 2026 tuto
1165 1963 1331 2046 accedere,

39 2069 100 2132 sed
126 2069 230 2131 etiam
254 2067 454 2132 Studiorum
477 2091 577 2132 causa
595 2090 733 2152 peregre
757 2070 799 2134 ad
823 2067 1027 2134 Academias
1049 2077 1243 2134 exterorum
1260 2072 1332 2134 sine

38 2175 112 2238 ullo
151 2176 396 2258 impedimento
421 2175 597 2260 proficisci,
621 2199 735 2262 eaque,
759 2199 845 2261 quae
877 2177 944 2241 sibi
976 2180 1164 2242 constituta
1195 2176 1331 2260 habent,

37 2283 212 2365 stipendia
246 2286 416 2367 percipere
452 2286 704 2367 permittantur.
737 2283 860 2348 Libros
889 2306 987 2369 porro
1011 2292 1083 2349 tam
1111 2283 1332 2370 Symbolioos,

36 2413 145 2476 quam
184 2390 414 2474 Theologicos,
454 2401 490 2455 et
528 2391 571 2454 ad
611 2393 750 2475 pietatis
788 2394 991 2456 exercitium
1029 2399 1230 2475 spectantes,
1269 2391 1332 2456 sub

37 2501 251 2581 inspectione
285 2498 508 2582 peculiarium
542 2521 600 2581 per
633 2501 724 2582 ipsos
758 2500 1082 2582 constituendorum,
1110 2523 1149 2564 00
1181 2500 1332 2565 Consilio

37 2605 152 2688 Regio
190 2608 428 2670 nominetenus
472 2604 727 2670 referendorum
761 2605 948 2670 Censorum
980 2628 1059 2670 suae
1093 2605 1331 2691 Confessionis,

37 2710 148 2776 libero
172 2715 265 2798 typis
285 2714 409 2778 excudi
425 2713 545 2796 facere,
569 2735 607 2777 ea
629 2720 746 2777 tamen
761 2713 836 2797 lege
860 2713 1098 2796 admittantur,
1123 2721 1161 2778 ut
1185 2714 1279 2777 nulla
1296 2716 1331 2778 in

36 2820 259 2905 Religionem
283 2821 497 2885 Catholicam
520 2819 722 2903 Soommata,
754 2821 810 2884 vel
835 2819 1003 2884 Sarcasmi
1026 2819 1141 2884 Libris
1169 2820 1223 2884 his
1246 2823 1332 2884 inse-

35 2937 170 3012 rantur,
195 2949 294 2992 onere
311 2930 538 3011 responsionis
561 2927 673 3012 quoad
698 2928 815 2991 eadem
835 2927 1036 3009 Scommata,
1059 2927 1116 2991 vel
1140 2926 1332 2991 Saroasmos

36 3038 181 3119 inprimi
205 3037 428 3100 admittentes
452 3056 629 3115 mansum,
654 3034 877 3100 Ordinatione
901 3036 985 3097 item
1008 3033 1126 3117 Regia,
1150 3032 1332 3097 011111110-

38 3166 118 3207 rum
142 3146 266 3208 novius
289 3165 489 3208 excusorum
505 3145 572 3206 tria
589 3164 721 3225 semper
744 3141 962 3224 Exemplaria
985 3142 1041 3204 via
1062 3140 1166 3224 Regii
1189 3139 1332 3204 Locum-

38 3253 253 3316 tenientialis
286 3251 430 3316 Consilii
453 3249 540 3314 Suae
564 3248 739 3333 Majestati
772 3247 1029 3331 submittantur,
1062 3248 1104 3312 ad
1134 3248 1195 3312 hos
1228 3251 1332 3312 011010

35 3358 166 3423 Libros
189 3368 337 3424 extensa.

150 3467 178 3530 6.
203 3466 335 3531 Solutio
368 3465 491 3550 Stolae,
522 3472 584 3529 001
606 3463 789 3528 Lecticelis
820 3463 986 3527 hactenus
1014 3485 1074 3546 per
1105 3460 1332 3544 Evangelioos

36 3574 205 3639 Paroohis
230 3573 427 3656 Catholicis,
460 3581 494 3637 et
518 3572 794 3653 Ludimagistris,
822 3579 882 3634 aut
914 3570 991 3634 01110
1024 3570 1195 3634 Ecclesiae
1220 3568 1332 3632 Servi-

36 3681 183 3764 toribus,
210 3704 268 3745 seu
293 3684 428 3745 100010
463 3686 673 3764 1101010000
695 3679 732 3740 in
760 3661 1127 3760 0010100000001110
1159 3674 1332 3740 laboribus

38 3793 216 3874 praestita,
241 3792 277 3853 in
311 3797 484 3873 posterum
507 3809 550 3850 011
573 3788 708 3868 integro
741 3793 856 3866 cesset,
881 3791 916 3848 ct
940 3807 959 3848 0
984 3785 1149 3847 trimestri
1183 3782 1332 3866 publica-

34 3900 146 3962 tionis
162 3897 398 3962 Articulorum
415 3895 602 3979 praesentis
613 3893 753 3956 Diaetae
767 3892 1003 3976 computando,
1014 3893 1171 3975 nuspiam
1185 3889 1331 3974 amplius

35 4007 136 4089 exigi
160 4006 282 4087 valeat,
307 4006 373 4068 0101
397 4002 600 4086 Evangelioi
624 4021 724 4083 opera
750 4000 920 4062 dictorum
943 3999 1173 4064 Paroohorum
1211 4005 1331 4080 sponte

35 4114 93 4176 usi
119 4109 258 4194 fuerint,
292 4131 358 4194 quo
392 4131 479 4190 casu,
514 4129 574 4190 pro
606 4106 675 4170 illis
703 4105 837 4169 actibus
871 4105 1001 4170 Stolam
1034 4127 1112 4170 oum
1144 4103 1331 4168 Catholicis

32 4219 217 4304 aequalem
241 4219 407 4300 deponere
441 4214 658 4279 tenebuntur.
686 4213 841 4289 Quonam
864 4221 979 4276 001010
1011 4212 1129 4276 modo·
1145 4210 1331 4274 Catholicis

33 4327 213 4410 ParochiS,
239 4347 297 4410 pro
321 4327 455 4388 00110010
478 4323 570 4387 hisce
603 4319 797 4384 redditibus
821 4322 995 4384 resarcitio
1024 4319 1226 4402 praestanda
1258 4316 1330 4382 sit?

34 4435 187 4517 desuper
206 4433 396 4498 Consilium
419 4428 736 4494 Locumtenentiale
753 4427 920 4508 audietur,
945 4448 1011 4489 una
1035 4447 1116 4490 vero
1140 4425 1209 4490 illis
1227 4427 1331 4510 signi-

32 4541 219 4606 ficabitur:
235 4563 412 4625 nunquam
435 4539 539 4602 Suam
562 4533 780 4618 Majestatem
802 4535 845 4598 011
870 4535 905 4598 id
924 4557 1142 4616 accessuram,
1166 4541 1205 4597 ut
1228 4531 1331 4616 hujus

33 4649 343 4714 indemnisationis
384 4647 495 4726 titulo,
534 4653 595 4708 aut
631 4642 873 4708 Contribuenti
912 4641 1051 4725 Popula,
1089 4651 1150 4704 aut
1187 4637 1330 4704 Aerario

1171 4762 1222 4815 49*
