<?xml version="1.0" encoding="UTF-8"?>
<!DOCTYPE html PUBLIC "-//W3C//DTD XHTML 1.0 Transitional//EN"
    "http://www.w3.org/TR/xhtml1/DTD/xhtml1-transitional.dtd">
<html xmlns="http://www.w3.org/1999/xhtml" xml:lang="en" lang="en">
 <head>
  <title>
</title>
<meta http-equiv="Content-Type" content="text/html;charset=utf-8" />
  <meta name='ocr-system' content='tesseract 3.04.00' />
  <meta name='ocr-capabilities' content='ocr_page ocr_carea ocr_par ocr_line ocrx_word'/>
</head>
<body>
  <div class='ocr_page' id='page_1' title='image "./enchiridionfont00marcgoog_0733.png"; bbox 0 0 3124 5216; ppageno 0'>
   <div class='ocr_carea' id='block_1_1' title="bbox 1278 337 1342 404">
    <p class='ocr_par' dir='ltr' id='par_1_1' title="bbox 1278 337 1342 404">
     <span class='ocr_line' id='line_1_1' title="bbox 1278 337 1342 404; baseline -0.031 0"><span class='ocrx_word' id='word_1_1' title='bbox 1278 337 1342 404; x_wconf 83' lang='grc'>711</span> 
     </span>
    </p>
   </div>
   <div class='ocr_carea' id='block_1_2' title="bbox 33 537 1353 3846">
    <p class='ocr_par' dir='ltr' id='par_1_2' title="bbox 33 537 1345 712">
     <span class='ocr_line' id='line_1_2' title="bbox 33 537 1345 624; baseline -0.002 -20"><span class='ocrx_word' id='word_1_2' title='bbox 33 537 245 624; x_wconf 84' lang='lat' dir='ltr'>Religionis</span> <span class='ocrx_word' id='word_1_3' title='bbox 283 539 469 622; x_wconf 85' lang='lat' dir='ltr'>Principiis</span> <span class='ocrx_word' id='word_1_4' title='bbox 508 541 679 622; x_wconf 91' lang='lat' dir='ltr'>convenit,</span> <span class='ocrx_word' id='word_1_5' title='bbox 721 544 893 622; x_wconf 90' lang='lat' dir='ltr'>praestare</span> <span class='ocrx_word' id='word_1_6' title='bbox 926 542 1126 618; x_wconf 78' lang='lat' dir='ltr'>teneantur,</span> <span class='ocrx_word' id='word_1_7' title='bbox 1166 557 1265 620; x_wconf 91' lang='lat' dir='ltr'>porro</span> <span class='ocrx_word' id='word_1_8' title='bbox 1303 559 1345 601; x_wconf 88' lang='lat' dir='ltr'>cx</span> 
     </span>
     <span class='ocr_line' id='line_1_3' title="bbox 35 647 327 712; baseline 0 -2"><span class='ocrx_word' id='word_1_9' title='bbox 35 647 172 712; x_wconf 90' lang='lat' dir='ltr'>eadem</span> <span class='ocrx_word' id='word_1_10' title='bbox 194 649 327 712; x_wconf 89' lang='lat' dir='ltr'>ratione</span> 
     </span>
    </p>

    <p class='ocr_par' dir='ltr' id='par_1_3' title="bbox 36 750 1347 1162">
     <span class='ocr_line' id='line_1_4' title="bbox 162 750 1347 836; baseline -0.003 -18"><span class='ocrx_word' id='word_1_11' title='bbox 162 751 311 836; x_wconf 76' lang='lat' dir='ltr'>Quinto:</span> <span class='ocrx_word' id='word_1_12' title='bbox 334 754 461 820; x_wconf 87' lang='lat' dir='ltr'>Nullus</span> <span class='ocrx_word' id='word_1_13' title='bbox 483 751 765 820; x_wconf 79' lang='lat' dir='ltr'>Acatholicorum</span> <span class='ocrx_word' id='word_1_14' title='bbox 789 752 898 816; x_wconf 89' lang='lat' dir='ltr'>cultui</span> <span class='ocrx_word' id='word_1_15' title='bbox 922 751 1051 816; x_wconf 90' lang='lat' dir='ltr'>Divino</span> <span class='ocrx_word' id='word_1_16' title='bbox 1080 750 1347 834; x_wconf 89' lang='lat' dir='ltr'>Catholicorum,</span> 
     </span>
     <span class='ocr_line' id='line_1_5' title="bbox 36 858 1346 946; baseline -0.002 -22"><span class='ocrx_word' id='word_1_17' title='bbox 36 870 112 928; x_wconf 86' lang='lat' dir='ltr'>aut</span> <span class='ocrx_word' id='word_1_18' title='bbox 151 861 364 927; x_wconf 88' lang='lat' dir='ltr'>Ceremoniis</span> <span class='ocrx_word' id='word_1_19' title='bbox 395 863 559 926; x_wconf 73' lang='lat' dir='ltr'>interesse</span> <span class='ocrx_word' id='word_1_20' title='bbox 598 861 831 946; x_wconf 88' lang='lat' dir='ltr'>compellatur,</span> <span class='ocrx_word' id='word_1_21' title='bbox 873 861 987 924; x_wconf 89' lang='lat' dir='ltr'>minus</span> <span class='ocrx_word' id='word_1_22' title='bbox 1018 858 1168 924; x_wconf 87' lang='lat' dir='ltr'>mulctae</span> <span class='ocrx_word' id='word_1_23' title='bbox 1209 860 1346 923; x_wconf 90' lang='lat' dir='ltr'>cuidam</span> 
     </span>
     <span class='ocr_line' id='line_1_6' title="bbox 36 965 1347 1054; baseline -0.002 -20"><span class='ocrx_word' id='word_1_24' title='bbox 36 972 181 1034; x_wconf 89' lang='lat' dir='ltr'>ideirco</span> <span class='ocrx_word' id='word_1_25' title='bbox 219 965 432 1052; x_wconf 78' lang='lat' dir='ltr'>subjiciatur,</span> <span class='ocrx_word' id='word_1_26' title='bbox 470 990 579 1054; x_wconf 88' lang='lat' dir='ltr'>neque</span> <span class='ocrx_word' id='word_1_27' title='bbox 617 967 770 1032; x_wconf 78' lang='lat' dir='ltr'>Articuli</span> <span class='ocrx_word' id='word_1_28' title='bbox 809 966 961 1050; x_wconf 90' lang='lat' dir='ltr'>Cehales,</span> <span class='ocrx_word' id='word_1_29' title='bbox 1002 965 1058 1030; x_wconf 91' lang='grc'>161</span> <span class='ocrx_word' id='word_1_30' title='bbox 1100 965 1241 1032; x_wconf 86' lang='lat' dir='ltr'>Statu&#39;ta</span> <span class='ocrx_word' id='word_1_31' title='bbox 1278 967 1347 1031; x_wconf 90' lang='lat' dir='ltr'>alia</span> 
     </span>
     <span class='ocr_line' id='line_1_7' title="bbox 36 1079 560 1162; baseline -0.004 -19"><span class='ocrx_word' id='word_1_32' title='bbox 36 1080 194 1162; x_wconf 77' lang='lat' dir='ltr'>quaevis</span> <span class='ocrx_word' id='word_1_33' title='bbox 217 1082 357 1140; x_wconf 87' lang='lat' dir='ltr'>eatenus</span> <span class='ocrx_word' id='word_1_34' title='bbox 376 1079 560 1161; x_wconf 87' lang='lat' dir='ltr'>stringant.</span> 
     </span>
    </p>

    <p class='ocr_par' dir='ltr' id='par_1_4' title="bbox 38 1179 1353 3090">
     <span class='ocr_line' id='line_1_8' title="bbox 161 1179 1348 1267; baseline -0.004 -18"><span class='ocrx_word' id='word_1_35' title='bbox 161 1181 285 1249; x_wconf 75' lang='lat' dir='ltr'>Sexto:</span> <span class='ocrx_word' id='word_1_36' title='bbox 308 1183 375 1249; x_wconf 90' lang='lat' dir='ltr'>Per</span> <span class='ocrx_word' id='word_1_37' title='bbox 396 1183 462 1249; x_wconf 91' lang='lat' dir='ltr'>hoc</span> <span class='ocrx_word' id='word_1_38' title='bbox 484 1191 601 1249; x_wconf 89' lang='lat' dir='ltr'>autem</span> <span class='ocrx_word' id='word_1_39' title='bbox 624 1186 674 1248; x_wconf 90' lang='lat' dir='ltr'>ita</span> <span class='ocrx_word' id='word_1_40' title='bbox 712 1182 922 1267; x_wconf 87' lang='lat' dir='ltr'>explicatum</span> <span class='ocrx_word' id='word_1_41' title='bbox 946 1182 1121 1265; x_wconf 86' lang='lat' dir='ltr'>privatum</span> <span class='ocrx_word' id='word_1_42' title='bbox 1153 1179 1348 1265; x_wconf 85' lang='lat' dir='ltr'>Religionis</span> 
     </span>
     <span class='ocr_line' id='line_1_9' title="bbox 38 1287 1347 1376; baseline -0.007 -18"><span class='ocrx_word' id='word_1_43' title='bbox 38 1293 279 1374; x_wconf 84' lang='lat' dir='ltr'>Exercitium,</span> <span class='ocrx_word' id='word_1_44' title='bbox 311 1299 415 1376; x_wconf 90' lang='lat' dir='ltr'>atque</span> <span class='ocrx_word' id='word_1_45' title='bbox 438 1291 656 1356; x_wconf 83' lang='lat' dir='ltr'>Christianae</span> <span class='ocrx_word' id='word_1_46' title='bbox 694 1291 911 1355; x_wconf 81' lang='lat' dir='ltr'>Tolerantiae</span> <span class='ocrx_word' id='word_1_47' title='bbox 939 1289 1085 1354; x_wconf 80' lang='lat' dir='ltr'>Limites</span> <span class='ocrx_word' id='word_1_48' title='bbox 1109 1288 1204 1353; x_wconf 92' lang='lat' dir='ltr'>nullo</span> <span class='ocrx_word' id='word_1_49' title='bbox 1237 1287 1347 1368; x_wconf 87' lang='lat' dir='ltr'>mode,</span> 
     </span>
     <span class='ocr_line' id='line_1_10' title="bbox 39 1396 1348 1484; baseline -0.005 -20"><span class='ocrx_word' id='word_1_50' title='bbox 39 1403 103 1464; x_wconf 91' lang='lat' dir='ltr'>uti</span> <span class='ocrx_word' id='word_1_51' title='bbox 124 1397 200 1484; x_wconf 89' lang='lat' dir='ltr'>jam</span> <span class='ocrx_word' id='word_1_52' title='bbox 222 1403 260 1464; x_wconf 93' lang='lat' dir='ltr'>in</span> <span class='ocrx_word' id='word_1_53' title='bbox 282 1398 514 1484; x_wconf 90' lang='lat' dir='ltr'>superioribus</span> <span class='ocrx_word' id='word_1_54' title='bbox 537 1401 681 1465; x_wconf 90' lang='lat' dir='ltr'>Punctis</span> <span class='ocrx_word' id='word_1_55' title='bbox 705 1405 876 1464; x_wconf 88' lang='lat' dir='ltr'>attactum</span> <span class='ocrx_word' id='word_1_56' title='bbox 891 1405 952 1480; x_wconf 88' lang='lat' dir='ltr'>est,</span> <span class='ocrx_word' id='word_1_57' title='bbox 976 1396 1129 1482; x_wconf 83' lang='lat' dir='ltr'>Legibus</span> <span class='ocrx_word' id='word_1_58' title='bbox 1150 1397 1265 1481; x_wconf 86' lang='lat' dir='ltr'>Regni</span> <span class='ocrx_word' id='word_1_59' title='bbox 1282 1397 1348 1459; x_wconf 88' lang='grc'><strong>1116</strong></span> 
     </span>
     <span class='ocr_line' id='line_1_11' title="bbox 39 1502 1349 1591; baseline -0.004 -20"><span class='ocrx_word' id='word_1_60' title='bbox 39 1509 232 1591; x_wconf 81' lang='lat' dir='ltr'>expeditis,</span> <span class='ocrx_word' id='word_1_61' title='bbox 248 1509 333 1571; x_wconf 89' lang='lat' dir='ltr'>item</span> <span class='ocrx_word' id='word_1_62' title='bbox 356 1513 391 1570; x_wconf 91' lang='lat' dir='ltr'>et</span> <span class='ocrx_word' id='word_1_63' title='bbox 407 1527 472 1570; x_wconf 88' lang='lat' dir='ltr'>usu</span> <span class='ocrx_word' id='word_1_64' title='bbox 495 1505 641 1570; x_wconf 88' lang='lat' dir='ltr'>firmatis</span> <span class='ocrx_word' id='word_1_65' title='bbox 660 1504 868 1588; x_wconf 87' lang='lat' dir='ltr'>Privilegiis,</span> <span class='ocrx_word' id='word_1_66' title='bbox 884 1502 1111 1589; x_wconf 88' lang='lat' dir='ltr'>benignisque</span> <span class='ocrx_word' id='word_1_67' title='bbox 1126 1502 1349 1568; x_wconf 86' lang='lat' dir='ltr'>Normalibus</span> 
     </span>
     <span class='ocr_line' id='line_1_12' title="bbox 39 1609 1349 1697; baseline -0.006 -18"><span class='ocrx_word' id='word_1_68' title='bbox 39 1613 336 1680; x_wconf 90' lang='lat' dir='ltr'>Resolutionibus</span> <span class='ocrx_word' id='word_1_69' title='bbox 368 1612 489 1696; x_wconf 89' lang='lat' dir='ltr'>Regiis</span> <span class='ocrx_word' id='word_1_70' title='bbox 521 1634 608 1697; x_wconf 88' lang='lat' dir='ltr'>qnae</span> <span class='ocrx_word' id='word_1_71' title='bbox 641 1610 817 1695; x_wconf 88' lang='lat' dir='ltr'>publicum</span> <span class='ocrx_word' id='word_1_72' title='bbox 848 1609 1042 1694; x_wconf 85' lang='lat' dir='ltr'>Religionis</span> <span class='ocrx_word' id='word_1_73' title='bbox 1065 1609 1280 1674; x_wconf 85' lang='lat' dir='ltr'>Exercitium</span> <span class='ocrx_word' id='word_1_74' title='bbox 1311 1609 1349 1672; x_wconf 92' lang='lat' dir='ltr'>in</span> 
     </span>
     <span class='ocr_line' id='line_1_13' title="bbox 42 1714 1349 1804; baseline -0.007 -16"><span class='ocrx_word' id='word_1_75' title='bbox 42 1721 229 1788; x_wconf 87' lang='lat' dir='ltr'>nonnullis</span> <span class='ocrx_word' id='word_1_76' title='bbox 252 1720 336 1784; x_wconf 91' lang='lat' dir='ltr'>locis</span> <span class='ocrx_word' id='word_1_77' title='bbox 360 1723 581 1804; x_wconf 81' lang='lat' dir='ltr'>praeattactis</span> <span class='ocrx_word' id='word_1_78' title='bbox 604 1719 838 1802; x_wconf 78' lang='lat' dir='ltr'>Augustanus,</span> <span class='ocrx_word' id='word_1_79' title='bbox 861 1725 898 1782; x_wconf 90' lang='lat' dir='ltr'>et</span> <span class='ocrx_word' id='word_1_80' title='bbox 913 1718 1116 1783; x_wconf 83' lang='lat' dir='ltr'>Helveticae</span> <span class='ocrx_word' id='word_1_81' title='bbox 1132 1714 1349 1782; x_wconf 86' lang='lat' dir='ltr'>Confessioni</span> 
     </span>
     <span class='ocr_line' id='line_1_14' title="bbox 41 1825 1349 1911; baseline -0.006 -16"><span class='ocrx_word' id='word_1_82' title='bbox 41 1831 212 1911; x_wconf 83' lang='lat' dir='ltr'>addictis,</span> <span class='ocrx_word' id='word_1_83' title='bbox 235 1833 271 1892; x_wconf 91' lang='lat' dir='ltr'>et</span> <span class='ocrx_word' id='word_1_84' title='bbox 303 1826 426 1892; x_wconf 78' lang='grc'><strong>(116661</strong></span> <span class='ocrx_word' id='word_1_85' title='bbox 449 1828 555 1892; x_wconf 89' lang='lat' dir='ltr'>Ritus</span> <span class='ocrx_word' id='word_1_86' title='bbox 587 1848 655 1891; x_wconf 91' lang='grc'>666</span> <span class='ocrx_word' id='word_1_87' title='bbox 678 1829 795 1909; x_wconf 90' lang='lat' dir='ltr'>unitis,</span> <span class='ocrx_word' id='word_1_88' title='bbox 828 1825 981 1910; x_wconf 89' lang='lat' dir='ltr'>aliasque</span> <span class='ocrx_word' id='word_1_89' title='bbox 1013 1825 1255 1891; x_wconf 89' lang='lat' dir='ltr'>Concessiones</span> <span class='ocrx_word' id='word_1_90' title='bbox 1287 1826 1349 1888; x_wconf 91' lang='lat' dir='ltr'>tri-</span> 
     </span>
     <span class='ocr_line' id='line_1_15' title="bbox 44 1931 1349 2018; baseline -0.005 -16"><span class='ocrx_word' id='word_1_91' title='bbox 44 1938 176 2018; x_wconf 90' lang='lat' dir='ltr'>buunt,</span> <span class='ocrx_word' id='word_1_92' title='bbox 200 1935 366 2018; x_wconf 86' lang='lat' dir='ltr'>derogari,</span> <span class='ocrx_word' id='word_1_93' title='bbox 390 1936 506 2018; x_wconf 92' lang='lat' dir='ltr'>prouti</span> <span class='ocrx_word' id='word_1_94' title='bbox 530 1941 627 2017; x_wconf 86' lang='lat' dir='ltr'>parte</span> <span class='ocrx_word' id='word_1_95' title='bbox 650 1955 692 1998; x_wconf 84' lang='lat' dir='ltr'>ex</span> <span class='ocrx_word' id='word_1_96' title='bbox 716 1933 824 1998; x_wconf 90' lang='lat' dir='ltr'>altera</span> <span class='ocrx_word' id='word_1_97' title='bbox 848 1953 905 1996; x_wconf 92' lang='lat' dir='ltr'>eas</span> <span class='ocrx_word' id='word_1_98' title='bbox 933 1953 1069 2017; x_wconf 90' lang='lat' dir='ltr'>quoque</span> <span class='ocrx_word' id='word_1_99' title='bbox 1091 1932 1207 2016; x_wconf 89' lang='lat' dir='ltr'>Regni</span> <span class='ocrx_word' id='word_1_100' title='bbox 1230 1931 1349 2015; x_wconf 86' lang='lat' dir='ltr'>Leges,</span> 
     </span>
     <span class='ocr_line' id='line_1_16' title="bbox 44 2039 1351 2127; baseline -0.008 -16"><span class='ocrx_word' id='word_1_101' title='bbox 44 2056 87 2110; x_wconf 91' lang='lat' dir='ltr'>et</span> <span class='ocrx_word' id='word_1_102' title='bbox 110 2043 312 2127; x_wconf 83' lang='lat' dir='ltr'>Privilegia,</span> <span class='ocrx_word' id='word_1_103' title='bbox 343 2045 490 2126; x_wconf 91' lang='lat' dir='ltr'>quaein</span> <span class='ocrx_word' id='word_1_104' title='bbox 515 2041 670 2108; x_wconf 86' lang='lat' dir='ltr'>favorem</span> <span class='ocrx_word' id='word_1_105' title='bbox 702 2041 913 2106; x_wconf 91' lang='lat' dir='ltr'>dominantis</span> <span class='ocrx_word' id='word_1_106' title='bbox 938 2039 1131 2123; x_wconf 88' lang='lat' dir='ltr'>Religionis</span> <span class='ocrx_word' id='word_1_107' title='bbox 1173 2041 1351 2122; x_wconf 86' lang='lat' dir='ltr'>signanter</span> 
     </span>
     <span class='ocr_line' id='line_1_17' title="bbox 44 2145 1350 2238; baseline -0.008 -21"><span class='ocrx_word' id='word_1_108' title='bbox 44 2151 168 2238; x_wconf 88' lang='lat' dir='ltr'>quoad</span> <span class='ocrx_word' id='word_1_109' title='bbox 205 2150 328 2233; x_wconf 90' lang='lat' dir='ltr'>Regna</span> <span class='ocrx_word' id='word_1_110' title='bbox 364 2148 566 2231; x_wconf 86' lang='lat' dir='ltr'>Dalmatiae,</span> <span class='ocrx_word' id='word_1_111' title='bbox 600 2148 767 2230; x_wconf 84' lang='lat' dir='ltr'>Oroatiae,</span> <span class='ocrx_word' id='word_1_112' title='bbox 791 2154 827 2211; x_wconf 89' lang='lat' dir='ltr'>et</span> <span class='ocrx_word' id='word_1_113' title='bbox 860 2147 1068 2228; x_wconf 74' lang='lat' dir='ltr'>sclavoniae,</span> <span class='ocrx_word' id='word_1_114' title='bbox 1101 2145 1350 2230; x_wconf 89' lang='lat' dir='ltr'>nonnullasque</span> 
     </span>
     <span class='ocr_line' id='line_1_18' title="bbox 46 2255 1350 2341; baseline -0.008 -16"><span class='ocrx_word' id='word_1_115' title='bbox 46 2259 207 2341; x_wconf 83' lang='lat' dir='ltr'>Liberos,</span> <span class='ocrx_word' id='word_1_116' title='bbox 222 2257 418 2341; x_wconf 88' lang='lat' dir='ltr'>Regiasque</span> <span class='ocrx_word' id='word_1_117' title='bbox 441 2255 621 2338; x_wconf 88' lang='lat' dir='ltr'>Civitates,</span> <span class='ocrx_word' id='word_1_118' title='bbox 645 2263 749 2340; x_wconf 89' lang='grc'><strong>616116</strong></span> <span class='ocrx_word' id='word_1_119' title='bbox 765 2255 1038 2320; x_wconf 85' lang='lat' dir='ltr'>Communitates</span> <span class='ocrx_word' id='word_1_120' title='bbox 1054 2255 1244 2318; x_wconf 87' lang='lat' dir='ltr'>constituta</span> <span class='ocrx_word' id='word_1_121' title='bbox 1260 2257 1350 2332; x_wconf 91' lang='lat' dir='ltr'>sunt,</span> 
     </span>
     <span class='ocr_line' id='line_1_19' title="bbox 46 2358 1349 2448; baseline -0.007 -16"><span class='ocrx_word' id='word_1_122' title='bbox 46 2372 145 2432; x_wconf 89' lang='grc'><strong>61166</strong></span> <span class='ocrx_word' id='word_1_123' title='bbox 168 2387 238 2431; x_wconf 89' lang='grc'>666</span> <span class='ocrx_word' id='word_1_124' title='bbox 260 2364 526 2429; x_wconf 87' lang='grc'><strong>6111611166111161·</strong></span> <span class='ocrx_word' id='word_1_125' title='bbox 539 2363 715 2447; x_wconf 90' lang='lat' dir='ltr'>publicum</span> <span class='ocrx_word' id='word_1_126' title='bbox 738 2363 931 2448; x_wconf 90' lang='lat' dir='ltr'>Religionis</span> <span class='ocrx_word' id='word_1_127' title='bbox 953 2362 1169 2426; x_wconf 84' lang='lat' dir='ltr'>Exercitium</span> <span class='ocrx_word' id='word_1_128' title='bbox 1192 2363 1230 2424; x_wconf 90' lang='lat' dir='ltr'>in</span> <span class='ocrx_word' id='word_1_129' title='bbox 1254 2358 1349 2444; x_wconf 88' lang='lat' dir='ltr'>salvo</span> 
     </span>
     <span class='ocr_line' id='line_1_20' title="bbox 46 2468 1350 2558; baseline -0.006 -20"><span class='ocrx_word' id='word_1_130' title='bbox 46 2474 213 2558; x_wconf 89' lang='lat' dir='ltr'>relinqui,</span> <span class='ocrx_word' id='word_1_131' title='bbox 245 2493 365 2536; x_wconf 87' lang='lat' dir='ltr'>verum</span> <span class='ocrx_word' id='word_1_132' title='bbox 403 2478 655 2555; x_wconf 86' lang='lat' dir='ltr'>praeattactum</span> <span class='ocrx_word' id='word_1_133' title='bbox 693 2473 869 2555; x_wconf 88' lang='lat' dir='ltr'>privatum</span> <span class='ocrx_word' id='word_1_134' title='bbox 900 2469 1094 2553; x_wconf 87' lang='lat' dir='ltr'>Religionis</span> <span class='ocrx_word' id='word_1_135' title='bbox 1126 2468 1350 2548; x_wconf 85' lang='lat' dir='ltr'>Exercitium,</span> 
     </span>
     <span class='ocr_line' id='line_1_21' title="bbox 47 2578 1349 2667; baseline -0.007 -20"><span class='ocrx_word' id='word_1_136' title='bbox 47 2583 190 2667; x_wconf 88' lang='lat' dir='ltr'>aliaque</span> <span class='ocrx_word' id='word_1_137' title='bbox 214 2581 462 2664; x_wconf 90' lang='lat' dir='ltr'>praerecensita</span> <span class='ocrx_word' id='word_1_138' title='bbox 488 2601 589 2644; x_wconf 88' lang='lat' dir='ltr'>verae</span> <span class='ocrx_word' id='word_1_139' title='bbox 613 2578 832 2645; x_wconf 80' lang='lat' dir='ltr'>Christianae</span> <span class='ocrx_word' id='word_1_140' title='bbox 853 2578 1070 2644; x_wconf 81' lang='lat' dir='ltr'>Tolerantiae</span> <span class='ocrx_word' id='word_1_141' title='bbox 1094 2578 1279 2640; x_wconf 89' lang='lat' dir='ltr'>accessoria</span> <span class='ocrx_word' id='word_1_142' title='bbox 1308 2595 1349 2637; x_wconf 89' lang='lat' dir='ltr'>ex</span> 
     </span>
     <span class='ocr_line' id='line_1_22' title="bbox 48 2682 1351 2769; baseline -0.007 -17"><span class='ocrx_word' id='word_1_143' title='bbox 48 2689 179 2753; x_wconf 87' lang='lat' dir='ltr'>Gratia</span> <span class='ocrx_word' id='word_1_144' title='bbox 202 2687 311 2768; x_wconf 90' lang='lat' dir='ltr'>unice,</span> <span class='ocrx_word' id='word_1_145' title='bbox 333 2691 369 2749; x_wconf 88' lang='lat' dir='ltr'>et</span> <span class='ocrx_word' id='word_1_146' title='bbox 401 2684 593 2749; x_wconf 83' lang='lat' dir='ltr'>Clementia</span> <span class='ocrx_word' id='word_1_147' title='bbox 616 2685 728 2768; x_wconf 88' lang='lat' dir='ltr'>Regia</span> <span class='ocrx_word' id='word_1_148' title='bbox 762 2706 822 2769; x_wconf 90' lang='lat' dir='ltr'>per</span> <span class='ocrx_word' id='word_1_149' title='bbox 844 2684 984 2749; x_wconf 90' lang='lat' dir='ltr'>modum</span> <span class='ocrx_word' id='word_1_150' title='bbox 1007 2683 1282 2766; x_wconf 89' lang='lat' dir='ltr'>Dispensationis</span> <span class='ocrx_word' id='word_1_151' title='bbox 1314 2682 1351 2743; x_wconf 93' lang='lat' dir='ltr'>in</span> 
     </span>
     <span class='ocr_line' id='line_1_23' title="bbox 49 2785 1353 2877; baseline -0.007 -16"><span class='ocrx_word' id='word_1_152' title='bbox 49 2795 279 2862; x_wconf 89' lang='lat' dir='ltr'>mentionatis</span> <span class='ocrx_word' id='word_1_153' title='bbox 317 2813 452 2877; x_wconf 91' lang='grc'><strong>61166116</strong></span> <span class='ocrx_word' id='word_1_154' title='bbox 478 2792 619 2876; x_wconf 81' lang='lat' dir='ltr'>Regnis,</span> <span class='ocrx_word' id='word_1_155' title='bbox 651 2799 687 2856; x_wconf 92' lang='lat' dir='ltr'>et</span> <span class='ocrx_word' id='word_1_156' title='bbox 719 2790 941 2874; x_wconf 83' lang='lat' dir='ltr'>Civitatibus,</span> <span class='ocrx_word' id='word_1_157' title='bbox 964 2793 1001 2854; x_wconf 92' lang='lat' dir='ltr'>in</span> <span class='ocrx_word' id='word_1_158' title='bbox 1033 2799 1202 2876; x_wconf 89' lang='lat' dir='ltr'>quantum</span> <span class='ocrx_word' id='word_1_159' title='bbox 1233 2785 1353 2872; x_wconf 88' lang='lat' dir='ltr'>hujus-</span> 
     </span>
     <span class='ocr_line' id='line_1_24' title="bbox 50 2897 1352 2984; baseline -0.008 -15"><span class='ocrx_word' id='word_1_160' title='bbox 50 2902 151 2968; x_wconf 88' lang='lat' dir='ltr'>modi</span> <span class='ocrx_word' id='word_1_161' title='bbox 189 2901 299 2984; x_wconf 91' lang='lat' dir='ltr'>Leges</span> <span class='ocrx_word' id='word_1_162' title='bbox 331 2907 366 2963; x_wconf 90' lang='lat' dir='ltr'>et</span> <span class='ocrx_word' id='word_1_163' title='bbox 399 2899 588 2983; x_wconf 89' lang='lat' dir='ltr'>Privilegia</span> <span class='ocrx_word' id='word_1_164' title='bbox 620 2899 743 2963; x_wconf 89' lang='lat' dir='ltr'>iisdem</span> <span class='ocrx_word' id='word_1_165' title='bbox 775 2897 961 2980; x_wconf 88' lang='lat' dir='ltr'>obstarent,</span> <span class='ocrx_word' id='word_1_166' title='bbox 994 2899 1134 2963; x_wconf 88' lang='lat' dir='ltr'>concedi</span> <span class='ocrx_word' id='word_1_167' title='bbox 1166 2898 1352 2962; x_wconf 89' lang='lat' dir='ltr'>clementer</span> 
     </span>
     <span class='ocr_line' id='line_1_25' title="bbox 52 3003 974 3090; baseline -0.004 -16"><span class='ocrx_word' id='word_1_168' title='bbox 52 3009 135 3074; x_wconf 87' lang='grc'><strong>11111</strong></span> <span class='ocrx_word' id='word_1_169' title='bbox 158 3007 429 3074; x_wconf 87' lang='grc' dir='ltr'><strong>Α1161666161616</strong></span> <span class='ocrx_word' id='word_1_170' title='bbox 453 3006 522 3071; x_wconf 85' lang='lat' dir='ltr'>Sua</span> <span class='ocrx_word' id='word_1_171' title='bbox 541 3003 706 3090; x_wconf 88' lang='lat' dir='ltr'>Majestas</span> <span class='ocrx_word' id='word_1_172' title='bbox 729 3007 974 3071; x_wconf 84' lang='lat' dir='ltr'>Sacratissima.</span> 
     </span>
    </p>

    <p class='ocr_par' dir='ltr' id='par_1_5' title="bbox 53 3107 1353 3633">
     <span class='ocr_line' id='line_1_26' title="bbox 164 3107 1351 3200; baseline -0.004 -19"><span class='ocrx_word' id='word_1_173' title='bbox 164 3117 213 3181; x_wconf 86' lang='lat' dir='ltr'>Et</span> <span class='ocrx_word' id='word_1_174' title='bbox 235 3115 319 3180; x_wconf 91' lang='lat' dir='ltr'>haec</span> <span class='ocrx_word' id='word_1_175' title='bbox 341 3122 423 3179; x_wconf 90' lang='lat' dir='ltr'>sunt</span> <span class='ocrx_word' id='word_1_176' title='bbox 438 3115 518 3179; x_wconf 88' lang='lat' dir='ltr'>illae</span> <span class='ocrx_word' id='word_1_177' title='bbox 536 3115 654 3199; x_wconf 90' lang='lat' dir='ltr'>Leges,</span> <span class='ocrx_word' id='word_1_178' title='bbox 671 3115 858 3178; x_wconf 88' lang='lat' dir='ltr'>secundum</span> <span class='ocrx_word' id='word_1_179' title='bbox 873 3137 957 3200; x_wconf 91' lang='lat' dir='ltr'>quas</span> <span class='ocrx_word' id='word_1_180' title='bbox 973 3136 1092 3179; x_wconf 89' lang='lat' dir='ltr'>veram</span> <span class='ocrx_word' id='word_1_181' title='bbox 1114 3107 1351 3180; x_wconf 88' lang='lat' dir='ltr'>Christianam</span> 
     </span>
     <span class='ocr_line' id='line_1_27' title="bbox 53 3221 1351 3304; baseline -0.007 -12"><span class='ocrx_word' id='word_1_182' title='bbox 53 3225 291 3292; x_wconf 83' lang='lat' dir='ltr'>Tolerantiam</span> <span class='ocrx_word' id='word_1_183' title='bbox 313 3224 351 3287; x_wconf 93' lang='lat' dir='ltr'>in</span> <span class='ocrx_word' id='word_1_184' title='bbox 365 3224 535 3286; x_wconf 88' lang='lat' dir='ltr'>universis</span> <span class='ocrx_word' id='word_1_185' title='bbox 557 3223 808 3287; x_wconf 86' lang='lat' dir='ltr'>Haereditariis</span> <span class='ocrx_word' id='word_1_186' title='bbox 824 3224 1017 3288; x_wconf 86' lang='lat' dir='ltr'>Provinciis</span> <span class='ocrx_word' id='word_1_187' title='bbox 1040 3221 1351 3304; x_wconf 77' lang='lat' dir='ltr'>CaesareoRegiiS,</span> 
     </span>
     <span class='ocr_line' id='line_1_28' title="bbox 53 3327 1353 3416; baseline -0.006 -18"><span class='ocrx_word' id='word_1_188' title='bbox 53 3337 304 3416; x_wconf 88' lang='lat' dir='ltr'>consequenter</span> <span class='ocrx_word' id='word_1_189' title='bbox 335 3331 373 3392; x_wconf 91' lang='lat' dir='ltr'>in</span> <span class='ocrx_word' id='word_1_190' title='bbox 404 3329 526 3413; x_wconf 89' lang='lat' dir='ltr'>Regno</span> <span class='ocrx_word' id='word_1_191' title='bbox 559 3350 694 3414; x_wconf 91' lang='lat' dir='ltr'>quoque</span> <span class='ocrx_word' id='word_1_192' title='bbox 735 3329 945 3414; x_wconf 88' lang='lat' dir='ltr'>Hungan&#39;ae,</span> <span class='ocrx_word' id='word_1_193' title='bbox 977 3329 1208 3414; x_wconf 89' lang='lat' dir='ltr'>Partibusque</span> <span class='ocrx_word' id='word_1_194' title='bbox 1240 3327 1353 3392; x_wconf 90' lang='lat' dir='ltr'>eidem</span> 
     </span>
     <span class='ocr_line' id='line_1_29' title="bbox 53 3437 1353 3522; baseline -0.005 -16"><span class='ocrx_word' id='word_1_195' title='bbox 53 3441 201 3506; x_wconf 88' lang='lat' dir='ltr'>adnexis</span> <span class='ocrx_word' id='word_1_196' title='bbox 231 3437 359 3522; x_wconf 89' lang='lat' dir='ltr'>absque</span> <span class='ocrx_word' id='word_1_197' title='bbox 391 3459 486 3502; x_wconf 91' lang='lat' dir='ltr'>mora</span> <span class='ocrx_word' id='word_1_198' title='bbox 518 3438 700 3521; x_wconf 89' lang='lat' dir='ltr'>introduci,</span> <span class='ocrx_word' id='word_1_199' title='bbox 734 3444 769 3502; x_wconf 91' lang='lat' dir='ltr'>et</span> <span class='ocrx_word' id='word_1_200' title='bbox 792 3437 1007 3503; x_wconf 80' lang='lat' dir='ltr'>constabiliri</span> <span class='ocrx_word' id='word_1_201' title='bbox 1040 3438 1226 3502; x_wconf 85' lang='lat' dir='ltr'>clementer</span> <span class='ocrx_word' id='word_1_202' title='bbox 1258 3457 1353 3520; x_wconf 90' lang='lat' dir='ltr'>prae-</span> 
     </span>
     <span class='ocr_line' id='line_1_30' title="bbox 55 3545 1054 3633; baseline -0.003 -20"><span class='ocrx_word' id='word_1_203' title='bbox 55 3551 144 3633; x_wconf 89' lang='lat' dir='ltr'>cipit</span> <span class='ocrx_word' id='word_1_204' title='bbox 168 3547 505 3630; x_wconf 88' lang='lat' dir='ltr'>Summenuncupata</span> <span class='ocrx_word' id='word_1_205' title='bbox 529 3546 766 3612; x_wconf 77' lang='lat' dir='ltr'>sacratissima</span> <span class='ocrx_word' id='word_1_206' title='bbox 790 3547 859 3612; x_wconf 84' lang='lat' dir='ltr'>Sua</span> <span class='ocrx_word' id='word_1_207' title='bbox 882 3545 1054 3631; x_wconf 86' lang='lat' dir='ltr'>Majestas.</span> 
     </span>
    </p>

    <p class='ocr_par' dir='ltr' id='par_1_6' title="bbox 57 3650 1353 3846">
     <span class='ocr_line' id='line_1_31' title="bbox 166 3650 1353 3738; baseline -0.004 -19"><span class='ocrx_word' id='word_1_208' title='bbox 166 3655 394 3738; x_wconf 89' lang='lat' dir='ltr'>Posteaquam</span> <span class='ocrx_word' id='word_1_209' title='bbox 411 3660 526 3718; x_wconf 87' lang='lat' dir='ltr'>autem</span> <span class='ocrx_word' id='word_1_210' title='bbox 543 3654 727 3718; x_wconf 90' lang='lat' dir='ltr'>nonnullae</span> <span class='ocrx_word' id='word_1_211' title='bbox 743 3653 976 3737; x_wconf 87' lang='lat' dir='ltr'>Augustanae,</span> <span class='ocrx_word' id='word_1_212' title='bbox 987 3661 1022 3717; x_wconf 91' lang='lat' dir='ltr'>et</span> <span class='ocrx_word' id='word_1_213' title='bbox 1037 3653 1248 3734; x_wconf 86' lang='lat' dir='ltr'>Helveticae,</span> <span class='ocrx_word' id='word_1_214' title='bbox 1264 3650 1353 3716; x_wconf 90' lang='lat' dir='ltr'>Con-</span> 
     </span>
     <span class='ocr_line' id='line_1_32' title="bbox 57 3759 1353 3846; baseline -0.007 -17"><span class='ocrx_word' id='word_1_215' title='bbox 57 3764 200 3829; x_wconf 88' lang='lat' dir='ltr'>fessioni</span> <span class='ocrx_word' id='word_1_216' title='bbox 222 3761 448 3844; x_wconf 89' lang='lat' dir='ltr'>addictorum,</span> <span class='ocrx_word' id='word_1_217' title='bbox 475 3769 579 3846; x_wconf 88' lang='lat' dir='ltr'>atque</span> <span class='ocrx_word' id='word_1_218' title='bbox 601 3761 724 3826; x_wconf 82' lang='lat' dir='ltr'>Graeci</span> <span class='ocrx_word' id='word_1_219' title='bbox 744 3783 813 3825; x_wconf 91' lang='lat' dir='ltr'>non</span> <span class='ocrx_word' id='word_1_220' title='bbox 836 3763 927 3826; x_wconf 90' lang='lat' dir='ltr'>uniti</span> <span class='ocrx_word' id='word_1_221' title='bbox 950 3761 1055 3826; x_wconf 88' lang='lat' dir='ltr'>Ritus</span> <span class='ocrx_word' id='word_1_222' title='bbox 1078 3759 1353 3825; x_wconf 88' lang='lat' dir='ltr'>Communitates</span> 
     </span>
    </p>
   </div>
   <div class='ocr_carea' id='block_1_3' title="bbox 56 3861 1475 3955">
    <p class='ocr_par' dir='ltr' id='par_1_7' title="bbox 56 3861 1475 3955">
     <span class='ocr_line' id='line_1_33' title="bbox 56 3861 1475 3955; baseline -0.008 -19"><span class='ocrx_word' id='word_1_223' title='bbox 56 3875 95 3936; x_wconf 90' lang='lat' dir='ltr'>in</span> <span class='ocrx_word' id='word_1_224' title='bbox 118 3867 291 3955; x_wconf 83' lang='lat' dir='ltr'>sequelam</span> <span class='ocrx_word' id='word_1_225' title='bbox 307 3870 444 3951; x_wconf 88' lang='lat' dir='ltr'>praevie</span> <span class='ocrx_word' id='word_1_226' title='bbox 461 3868 628 3952; x_wconf 89' lang='lat' dir='ltr'>benignae</span> <span class='ocrx_word' id='word_1_227' title='bbox 643 3867 879 3932; x_wconf 88' lang='lat' dir='ltr'>Resolutionis</span> <span class='ocrx_word' id='word_1_228' title='bbox 911 3889 971 3951; x_wconf 93' lang='lat' dir='ltr'>pro</span> <span class='ocrx_word' id='word_1_229' title='bbox 997 3865 1210 3932; x_wconf 84' lang='lat' dir='ltr'>concedendo</span> <span class='ocrx_word' id='word_1_230' title='bbox 1236 3861 1354 3948; x_wconf 85' lang='lat' dir='ltr'>hujus·</span> <span class='ocrx_word' id='word_1_231' title='bbox 1473 3893 1475 3899; x_wconf 35' lang='lat' dir='ltr'>v</span> 
     </span>
    </p>
   </div>
   <div class='ocr_carea' id='block_1_4' title="bbox 57 3971 1354 4705">
    <p class='ocr_par' dir='ltr' id='par_1_8' title="bbox 57 3971 1354 4705">
     <span class='ocr_line' id='line_1_34' title="bbox 57 3971 1353 4060; baseline -0.007 -17"><span class='ocrx_word' id='word_1_232' title='bbox 57 3978 153 4044; x_wconf 91' lang='lat' dir='ltr'>modi</span> <span class='ocrx_word' id='word_1_233' title='bbox 176 3978 312 4060; x_wconf 89' lang='lat' dir='ltr'>privato</span> <span class='ocrx_word' id='word_1_234' title='bbox 335 3975 529 4059; x_wconf 87' lang='lat' dir='ltr'>Religionis</span> <span class='ocrx_word' id='word_1_235' title='bbox 551 3976 728 4040; x_wconf 85' lang='lat' dir='ltr'>Exercitio</span> <span class='ocrx_word' id='word_1_236' title='bbox 750 3975 794 4038; x_wconf 90' lang='lat' dir='ltr'>ad</span> <span class='ocrx_word' id='word_1_237' title='bbox 818 3975 1010 4040; x_wconf 90' lang='lat' dir='ltr'>Consilium</span> <span class='ocrx_word' id='word_1_238' title='bbox 1036 3971 1353 4040; x_wconf 89' lang='lat' dir='ltr'>Locumtenantiale</span> 
     </span>
     <span class='ocr_line' id='line_1_35' title="bbox 57 4083 1354 4170; baseline -0.005 -19"><span class='ocrx_word' id='word_1_239' title='bbox 57 4086 210 4170; x_wconf 88' lang='lat' dir='ltr'>Regium</span> <span class='ocrx_word' id='word_1_240' title='bbox 233 4085 449 4166; x_wconf 86' lang='lat' dir='ltr'>recurrerint,</span> <span class='ocrx_word' id='word_1_241' title='bbox 473 4085 586 4149; x_wconf 90' lang='lat' dir='ltr'>eidem</span> <span class='ocrx_word' id='word_1_242' title='bbox 608 4084 760 4149; x_wconf 87' lang='lat' dir='ltr'>Consilio</span> <span class='ocrx_word' id='word_1_243' title='bbox 783 4083 894 4168; x_wconf 91' lang='lat' dir='ltr'>Regio</span> <span class='ocrx_word' id='word_1_244' title='bbox 922 4083 1014 4148; x_wconf 91' lang='lat' dir='ltr'>ultro</span> <span class='ocrx_word' id='word_1_245' title='bbox 1038 4105 1114 4147; x_wconf 89' lang='lat' dir='ltr'>eam</span> <span class='ocrx_word' id='word_1_246' title='bbox 1136 4084 1354 4147; x_wconf 79' lang='lat' dir='ltr'>nativitatem</span> 
     </span>
     <span class='ocr_line' id='line_1_36' title="bbox 58 4185 1353 4276; baseline -0.006 -18"><span class='ocrx_word' id='word_1_247' title='bbox 58 4194 245 4259; x_wconf 89' lang='lat' dir='ltr'>clementer</span> <span class='ocrx_word' id='word_1_248' title='bbox 267 4191 401 4257; x_wconf 87' lang='lat' dir='ltr'>deferre</span> <span class='ocrx_word' id='word_1_249' title='bbox 424 4192 568 4276; x_wconf 88' lang='lat' dir='ltr'>dignata</span> <span class='ocrx_word' id='word_1_250' title='bbox 590 4200 644 4257; x_wconf 89' lang='lat' dir='ltr'>est</span> <span class='ocrx_word' id='word_1_251' title='bbox 667 4191 904 4257; x_wconf 69' lang='lat' dir='ltr'>sacratissima</span> <span class='ocrx_word' id='word_1_252' title='bbox 933 4191 1002 4256; x_wconf 86' lang='lat' dir='ltr'>Sua</span> <span class='ocrx_word' id='word_1_253' title='bbox 1025 4187 1205 4274; x_wconf 86' lang='lat' dir='ltr'>Majestas:</span> <span class='ocrx_word' id='word_1_254' title='bbox 1228 4195 1269 4253; x_wconf 90' lang='lat' dir='ltr'>ut</span> <span class='ocrx_word' id='word_1_255' title='bbox 1292 4185 1353 4251; x_wconf 91' lang='lat' dir='ltr'>ubi</span> 
     </span>
     <span class='ocr_line' id='line_1_37' title="bbox 58 4297 1354 4384; baseline -0.007 -17"><span class='ocrx_word' id='word_1_256' title='bbox 58 4325 102 4367; x_wconf 87' lang='lat' dir='ltr'>ex</span> <span class='ocrx_word' id='word_1_257' title='bbox 126 4301 324 4383; x_wconf 90' lang='lat' dir='ltr'>ordinanda,</span> <span class='ocrx_word' id='word_1_258' title='bbox 348 4307 452 4384; x_wconf 86' lang='lat' dir='ltr'>atque</span> <span class='ocrx_word' id='word_1_259' title='bbox 475 4302 513 4363; x_wconf 90' lang='lat' dir='ltr'>in</span> <span class='ocrx_word' id='word_1_260' title='bbox 537 4321 704 4364; x_wconf 89' lang='lat' dir='ltr'>concursu</span> <span class='ocrx_word' id='word_1_261' title='bbox 734 4297 1017 4364; x_wconf 88' lang='lat' dir='ltr'>Acatholicorum</span> <span class='ocrx_word' id='word_1_262' title='bbox 1041 4297 1232 4382; x_wconf 90' lang='lat' dir='ltr'>peragenda</span> <span class='ocrx_word' id='word_1_263' title='bbox 1256 4315 1354 4360; x_wconf 89' lang='lat' dir='ltr'>accu-</span> 
     </span>
     <span class='ocr_line' id='line_1_38' title="bbox 59 4402 1354 4491; baseline -0.008 -16"><span class='ocrx_word' id='word_1_264' title='bbox 59 4417 136 4476; x_wconf 90' lang='lat' dir='ltr'>rata</span> <span class='ocrx_word' id='word_1_265' title='bbox 159 4409 431 4491; x_wconf 87' lang='lat' dir='ltr'>Investigatione</span> <span class='ocrx_word' id='word_1_266' title='bbox 455 4410 618 4490; x_wconf 89' lang='lat' dir='ltr'>evenerit,</span> <span class='ocrx_word' id='word_1_267' title='bbox 645 4414 877 4471; x_wconf 89' lang='lat' dir='ltr'>recurrentem</span> <span class='ocrx_word' id='word_1_268' title='bbox 900 4402 1096 4488; x_wconf 89' lang='lat' dir='ltr'>hujusmodi</span> <span class='ocrx_word' id='word_1_269' title='bbox 1120 4403 1354 4470; x_wconf 87' lang='lat' dir='ltr'>Communita-</span> 
     </span>
     <span class='ocr_line' id='line_1_39' title="bbox 59 4509 1354 4598; baseline -0.006 -17"><span class='ocrx_word' id='word_1_270' title='bbox 59 4524 178 4598; x_wconf 89' lang='lat' dir='ltr'>tatem,</span> <span class='ocrx_word' id='word_1_271' title='bbox 202 4523 236 4580; x_wconf 92' lang='grc'>61</span> <span class='ocrx_word' id='word_1_272' title='bbox 269 4513 457 4579; x_wconf 85' lang='lat' dir='ltr'>sufficienti</span> <span class='ocrx_word' id='word_1_273' title='bbox 480 4513 706 4578; x_wconf 85' lang='lat' dir='ltr'>Familiarum</span> <span class='ocrx_word' id='word_1_274' title='bbox 738 4513 899 4596; x_wconf 69' lang='lat' dir='ltr'>Namare,</span> <span class='ocrx_word' id='word_1_275' title='bbox 922 4519 958 4577; x_wconf 91' lang='grc'>61</span> <span class='ocrx_word' id='word_1_276' title='bbox 986 4509 1211 4576; x_wconf 86' lang='lat' dir='ltr'>facultatibus</span> <span class='ocrx_word' id='word_1_277' title='bbox 1243 4512 1354 4596; x_wconf 91' lang='lat' dir='ltr'>requi-</span> 
     </span>
     <span class='ocr_line' id='line_1_40' title="bbox 60 4618 1353 4705; baseline -0.006 -17"><span class='ocrx_word' id='word_1_278' title='bbox 60 4625 137 4688; x_wconf 91' lang='lat' dir='ltr'>sitis</span> <span class='ocrx_word' id='word_1_279' title='bbox 170 4630 242 4688; x_wconf 90' lang='lat' dir='ltr'>tam</span> <span class='ocrx_word' id='word_1_280' title='bbox 274 4623 317 4686; x_wconf 89' lang='lat' dir='ltr'>ad</span> <span class='ocrx_word' id='word_1_281' title='bbox 351 4622 513 4685; x_wconf 89' lang='lat' dir='ltr'>struenda</span> <span class='ocrx_word' id='word_1_282' title='bbox 537 4620 702 4705; x_wconf 90' lang='lat' dir='ltr'>aedificia,</span> <span class='ocrx_word' id='word_1_283' title='bbox 735 4642 838 4705; x_wconf 88' lang='lat' dir='ltr'>quam</span> <span class='ocrx_word' id='word_1_284' title='bbox 871 4627 906 4684; x_wconf 91' lang='lat' dir='ltr'>et</span> <span class='ocrx_word' id='word_1_285' title='bbox 939 4621 1163 4684; x_wconf 90' lang='lat' dir='ltr'>necessariam</span> <span class='ocrx_word' id='word_1_286' title='bbox 1190 4618 1353 4699; x_wconf 87' lang='lat' dir='ltr'>Ministri,</span> 
     </span>
    </p>
   </div>
   <div class='ocr_carea' id='block_1_5' title="bbox 0 0 1592 5216">
    <p class='ocr_par' dir='ltr' id='par_1_9' title="bbox 0 0 1592 5216">
     <span class='ocr_line' id='line_1_41' title="bbox 0 0 1592 5216; baseline 0 0"><span class='ocrx_word' id='word_1_287' title='bbox 0 0 1592 5216; x_wconf 95' lang='lat' dir='ltr'> </span> 
     </span>
    </p>
   </div>
  </div>
 </body>
</html>
