3124 5216
217 404 282 469 774

215 604 477 686 occupationum
510 625 545 668 se
578 625 651 669 reos
675 603 828 688 fecerint,
862 627 968 690 poena
997 605 1064 669 600
1095 604 1299 670 florenorum
1331 609 1504 689 ungarica-

217 711 301 774 lium
324 709 482 774 Articulo
507 711 557 774 14.
583 712 678 776 1647.
702 714 832 776 sancita
856 719 1002 777 maneat.

325 819 374 882 13.
395 816 483 880 Cum
506 818 686 884 Transitus
709 842 729 882 a
753 818 932 884 0111101101
955 819 1138 904 Religione
1169 819 1213 883 ad
1235 819 1442 884 alterutram
1465 842 1502 883 ex

215 925 436 1011 Evangelicis
460 927 497 990 in
520 947 620 990 sensu
642 925 924 992 Pacificationum
955 929 1109 1010 receptis,
1134 925 1332 991 Catholicae
1355 926 1504 1010 Religio-

215 1035 269 1096 nis
292 1034 477 1117 Principiis
499 1033 709 1116 adversetur,
733 1056 777 1098 ne
801 1037 830 1097 is
853 1043 980 1098 temere
1008 1033 1078 1116 fiat,
1102 1041 1317 1098 occurrentes
1341 1030 1504 1116 ejusmodi

216 1163 313 1205 casus
351 1142 395 1205 ad
435 1141 708 1206 Sacratissimam
748 1139 852 1205 Suam
887 1143 1035 1226 Regiam
1073 1138 1290 1224 Majestatem
1336 1139 1505 1206 referendi

216 1251 374 1330 venient;
398 1247 601 1333 injungatur
624 1255 798 1332 praeterea
837 1248 900 1313 sub
924 1271 1041 1314 severa
1074 1269 1189 1332 poena,
1221 1270 1264 1312 ne
1296 1249 1506 1332 quiscunque

217 1356 354 1420 demum
370 1356 480 1420 ullum
496 1356 713 1421 Catholicum
722 1356 766 1420 ad
782 1357 1054 1440 amplectendam
1069 1355 1261 1439 Religionis
1277 1353 1506 1439 Evangelicae

217 1461 474 1546 Professionem,
499 1484 701 1548 quocunque
726 1471 919 1546 praesumat
942 1463 1078 1527 allicere
1102 1463 1223 1527 medic.

326 1571 375 1634 14.
400 1571 481 1636 Jam
504 1573 660 1654 superius
683 1569 894 1634 declaratum
918 1579 978 1654 est,
1002 1569 1089 1635 ι11111
1113 1570 1196 1634 haec
1219 1570 1507 1654 Evangelicorum

217 1675 327 1740 solum
351 1679 443 1742 intra
475 1677 645 1742 ambitum
673 1677 788 1761 Regni
821 1677 1022 1761 Hungan'ae
1055 1700 1155 1742 suum
1186 1675 1311 1742 habere
1344 1680 1508 1762 vigorem,

216 1784 337 1868 Regna
371 1785 512 1867 proinde
544 1783 746 1869 Dalmatiae,
780 1785 946 1868 Oroatiae,
980 1791 1015 1849 et
1046 1784 1254 1868 sclavoniae,
1282 1789 1319 1849 in
1352 1785 1508 1850 ulteriori

216 1914 281 1955 usu
304 1891 564 1975 municipalium
587 1914 726 1956 suarum
744 1893 877 1976 Legum
902 1893 1149 1976 relinquantur,
1171 1893 1322 1978 adeoque
1350 1893 1508 1978 Evange-

217 1998 275 2062 lici
299 2001 390 2062 intra
407 2000 591 2064 eorundem
614 2000 815 2084 Regnorum
831 1999 984 2082 Limites,
1008 2022 1069 2064 nec
1089 1999 1271 2082 Bonorum,
1282 2022 1344 2064 nec
1369 1999 1509 2066 Officio

216 2127 293 2169 rum
325 2109 397 2170 sive
431 2105 654 2190 publicorum,
694 2109 766 2172 sive
806 2109 1019 2190 privatorum
1058 2109 1128 2170 sint
1166 2129 1320 2191 capaces;
1360 2106 1535 2172 liberum.

216 2221 330 2276 tamen
356 2222 492 2278 maneat
507 2214 727 2298 Evangelicis
742 2212 974 2298 Augustanae,
999 2223 1033 2277 et
1050 2213 1250 2278 Helveticae
1275 2212 1510 2279 Confessionis

216 2322 310 2383 avita
350 2341 409 2384 sua
429 2317 508 2403 jura
533 2323 802 2405 possessionaria,
835 2325 871 2385 in
895 2321 1007 2385 medio
1031 2341 1148 2384 eorum
1170 2323 1275 2384 etiarn
1307 2321 1510 2405 Regnorum

217 2427 388 2492 ordinaria
409 2425 497 2510 juris
521 2431 579 2493 via
602 2429 830 2512 revendicare,
856 2431 892 2492 in
916 2451 1002 2513 quae
1028 2431 1056 2492 si
1090 2431 1333 2511 possessionem
1355 2429 1510 2514 aliquam

216 2537 333 2620 adepti
357 2533 494 2620 fuerint,
519 2535 587 2601 Sua
611 2534 774 2619 Majestas
806 2536 872 2600 sibi
896 2545 1056 2619 reservat,
1081 2537 1123 2600 de
1147 2557 1264 2600 eorum
1296 2536 1513 2600 Indemnisa-

217 2647 309 2707 tione
334 2645 529 2728 providere;
563 2644 642 2708 illae
665 2644 796 2728 aliquot
825 2647 862 2707 in
885 2643 1040 2708 inferiori
1068 2642 1248 2709 Sclavonia
1273 2646 1512 2727 possessiones

218 2753 343 2833 partim
366 2749 597 2835 Augustanae,
622 2753 749 2834 partim
772 2751 973 2814 Helveticae
990 2749 1204 2815 Confessioni
1228 2751 1396 2832 addictae,
1415 2751 1513 2815 ultro

217 2860 321 2922 etiam
359 2879 427 2922 non
465 2859 565 2922 modo
597 2859 692 2922 nulla
724 2861 856 2923 ratione
888 2859 1121 2942 molestentur,
1160 2859 1218 2922 scd
1242 2865 1276 2923 et
1307 2861 1344 2922 in
1382 2857 1514 2923 Libero

217 2965 408 3049 Religionis
446 2968 618 3048 1111101110,
658 2989 705 3050 11,
738 2989 805 3051 qua
838 2989 928 3030 nunc
970 2965 1194 3050 perfrurmtur
1235 2969 1375 3048 ratione,
1415 2967 1514 3030 ultro

217 3073 471 3157 relinquantur,
495 3073 641 3157 denique
666 3072 869 3137 Commercii
892 3081 952 3137 1111
980 3073 1204 3137 Fabricarum
1227 3095 1336 3156 causa,
1360 3071 1515 3136 liberum

217 3187 352 3244 maneat
368 3179 587 3264 Evangelicis
611 3182 789 3264 utriusque
814 3179 1046 3245 Confessionis
1069 3180 1298 3264 Domicilinm,
1319 3179 1397 3264 jure
1422 3181 1515 3246 loca-

218 3291 329 3370 tionis,
362 3288 513 3372 adeoque
545 3285 672 3371 absque
705 3287 775 3350 ulla
809 3309 867 3352 seu
900 3286 1114 3370 mobilitaris,
1147 3309 1207 3351 seu
1244 3288 1357 3352 civilis
1390 3289 1514 3353 Fundi

217 3397 439 3479 Proprietate,
462 3393 593 3458 ibidem
617 3415 757 3458 sumere.

327 3505 377 3568 15.
400 3503 516 3567 Proles
532 3526 551 3566 e
567 3505 686 3566 mixtis
706 3504 944 3587 1111111111011111,
961 3526 1048 3588 quae
1064 3525 1196 3586 semper
1211 3523 1324 3566 coram
1344 3503 1515 3568 Perochis

218 3610 405 3675 Catholicis
428 3610 576 3674 ineunda
609 3616 718 3692 erunt,
746 3608 870 3694 quibus
903 3618 1018 3674 tamen
1051 3611 1295 3694 impedimenta
1328 3613 1515 3693 quaepiam

217 3739 419 3804 quocunque
443 3716 506 3781 sub
530 3725 711 3800 praetextu
734 3719 770 3780 in
790 3720 999 3781 contrarium
1024 3740 1145 3802 ponere
1169 3725 1309 3782 cautum
1332 3724 1414 3798 esto,
1442 3739 1515 3780 sus-

218 3833 343 3909 ceptae,
368 3833 402 3889 et
436 3825 678 3908 suscipiendae,
704 3827 733 3888 si
757 3825 861 3889 Pater
888 3824 1087 3890 Catholicus
1111 3824 1224 3908 fuerit,
1247 3825 1341 3888 illius
1373 3823 1516 3908 religio·

217 3955 295 3998 nem
319 3939 513 4016 sequantur,
537 3933 566 3995 si
589 3953 669 3996 vero
693 3931 806 3996 Mater
829 3931 934 3996 fuerit
959 3932 1145 4013 0111101101,
1168 3941 1251 3996 tunc
1274 3933 1412 3996 nonnisi
1430 3931 1516 3994 Pro·

218 4041 266 4104 les
290 4038 461 4104 Masculae
485 4039 600 4102 Patris
623 4037 840 4121 Religionem
873 4041 969 4121 sequi
992 4040 1131 4121 possint.

326 4148 377 4211 16.
402 4145 531 4210 Causae
555 4146 854 4210 Matrimoniorum
887 4153 959 4208 tam
982 4167 1106 4228 eorum,
1130 4165 1217 4228 quae
1241 4139 1314 4225 jam
1347 4153 1515 4224 tempore,

218 4276 283 4339 quo
316 4253 375 4316 illa
400 4255 486 4316 inita
511 4260 599 4336 sunt,
633 4256 742 4317 mixta
767 4261 873 4316 erant.
897 4273 999 4336 quam
1023 4261 1057 4314 et
1082 4272 1207 4330 eorum,
1230 4271 1316 4333 quae
1333 4273 1394 4333 per
1416 4259 1516 4314 tran-

217 4365 322 4425 situm
345 4359 545 4423 alterutrius
569 4358 683 4422 Partis
707 4381 726 4422 a
750 4358 862 4422 Sacris
894 4356 1114 4440 Evangelicis
1136 4357 1179 4420 ad
1204 4355 1306 4420 Sacra
1330 4355 1516 4420 0111101111

218 4472 325 4533 mixta
350 4466 472 4530 1111011
496 4473 618 4548 essent,
642 4489 720 4529 cum
742 4464 925 4548 utrobique
950 4464 991 4527 de
1015 4465 1089 4527 veri
1116 4465 1264 4526 nominis
1288 4461 1517 4526 Sacramenta

218 4583 349 4655 agatur,
372 4571 517 4636 Sedibus
542 4573 797 4636 Catholicorum
821 4572 1058 4655 spiritualibus
1082 4570 1292 4636 deferuntur.

329 4679 379 4740 17.
402 4678 626 4741 Festivitates
660 4679 915 4742 Catholicorum
937 4701 1027 4742 nunc
1060 4682 1205 4742 usitatas
1235 4677 1347 4761 quoad
1380 4676 1518 4742 Forum
