3192 5214
137 318 139 325 '
223 336 286 400 111

144 587 148 598 .
219 535 415 618 plurimum,
430 543 687 620 expurgaretur.
704 532 878 598 Beronum
888 555 1023 619 quoque
1033 534 1517 617 praesumtuosamaudaciam

219 643 443 726 reprimendO,
468 644 649 726 praecepit,
673 647 712 706 ut
737 643 889 724 exceptis
912 644 982 706 suis
1006 641 1227 727 principibus,
1251 641 1517 725 archiepiscopis

219 759 254 816 et
286 751 462 836 episcopis,
494 751 524 814 si
556 749 681 835 aliquis
717 748 884 814 baronum
916 749 1032 813 sedere
1065 751 1103 814 in
1135 749 1213 812 sede
1246 747 1361 834 aliqua
1393 750 1429 813 in
1452 770 1515 813 sna

221 859 411 942 praesentia
449 857 600 940 auderet,
638 855 756 922 debita
796 878 902 940 poena
941 856 1157 940 plecteretur,
1193 855 1348 922 comburi
1384 853 1516 920 faciens

219 966 371 1049 ipsorum
399 965 495 1030 sedes
528 986 612 1049 quas
645 966 759 1049 potuit
792 965 957 1030 invenire.
989 963 1088 1042 Quod
1121 965 1261 1050 cognati
1298 963 1439 1028 exulum
1478 975 1515 1029 et

219 1073 435 1155 captivorum
457 1073 567 1154 amici,
592 1070 660 1136 sibi
682 1073 788 1136 etiam
811 1073 973 1136 timentes
996 1073 1033 1134 in
1057 1078 1239 1154 posterum,
1265 1091 1324 1153 pro
1341 1068 1431 1133 malo
1445 1092 1515 1135 non

219 1179 352 1244 modico
376 1175 581 1242 habuerunt.
605 1177 741 1242 Exinde
765 1179 857 1243 inter
880 1179 929 1242 eis
952 1178 1151 1244 scandalum
1174 1185 1226 1242 111
1250 1185 1373 1242 ortum.

328 1287 356 1350 5.
381 1281 433 1348 De
458 1281 562 1348 terlio
588 1281 663 1350 odii
690 1302 812 1350 ceusu.

327 1392 508 1456 Praeterea
532 1390 665 1456 nobiles
689 1415 767 1458 cum
790 1393 902 1458 cordis
925 1391 1155 1460 amaritudine
1179 1389 1393 1471 referebant,
1420 1388 1514 1474 quod

218 1519 296 1562 cum
312 1501 379 1582 ipsi
401 1499 458 1564 vel
481 1501 715 1583 progenitores
739 1521 865 1584 eorum,
882 1509 1000 1566 contra
1016 1499 1206 1583 Ruthenos,
1222 1499 1399 1582 Comanos,
1415 1497 1515 1561 Polo

218 1625 280 1669 nos
308 1613 343 1668 et
374 1604 459 1669 alios
491 1607 528 1668 in
560 1605 816 1688 expeditionem
839 1629 858 1671 a
882 1605 1021 1692 regibus
1045 1609 1178 1690 saepius
1202 1612 1315 1670 essent
1339 1605 1514 1686 destinati,

219 1721 253 1776 et
286 1712 394 1798 aliqui
425 1719 539 1778 essent
571 1711 701 1780 ibidem
732 1714 848 1799 gladio
882 1717 1090 1799 interempti,
1122 1714 1231 1800 aliqui
1263 1712 1353 1778 fame
1377 1717 1514 1796 mortni,

116 1847 120 1856 *
219 1818 328 1904 aliqui
351 1817 544 1884 carceribus
568 1822 763 1904 mancipati,
786 1829 823 1886 et
846 1821 954 1907 aliqui
986 1823 1131 1886 diversis
1163 1821 1345 1886 tormentis
1377 1818 1514 1902 afflicti,

219 1948 325 2011 reges,
357 1929 419 2012 qui
451 1949 511 2012 pro
545 1935 697 2010 tempore
730 1926 878 2012 fuerant,
910 1926 1174 2010 revertentibus,
1207 1927 1264 1992 vel
1296 1927 1514 2010 captivorum

219 2035 419 2118 propinquis
442 2035 793 2116 recompensationem
816 2043 851 2100 et
875 2038 1185 2101 remunerationem
1208 2054 1395 2118 congruam
1411 2031 1514 2097 facie-

219 2123 313 2224 bant,
329 2139 440 2224 viilas,
457 2141 682 2224 possessiones
698 2149 733 2205 et
757 2142 896 2226 praedia
928 2143 1144 2208 concedendo
1167 2143 1224 2224 eis,
1249 2143 1287 2204 in
1310 2148 1514 2224 perpetuum

219 2247 432 2330 possidenda.
455 2248 523 2312 Hic
547 2255 672 2329 autem,
695 2271 765 2314 non
788 2249 898 2314 solum
931 2253 979 2315 eis
1011 2271 1080 2315 non
1111 2249 1248 2314 addidit
1280 2247 1421 2334 aliquid,
1454 2249 1513 2312 sed

221 2375 379 2418 concessa
402 2354 446 2418 ad
470 2355 523 2418 ius
546 2361 582 2418 et
606 2357 852 2438 proprietatem
875 2359 1048 2442 cuiusque,
1064 2359 1136 2420 sine
1153 2355 1381 2420 diminutione
1398 2355 1512 2440 aliqua

219 2461 405 2542 revocavit.
438 2460 506 2524 Hic
539 2467 592 2524 est
624 2461 729 2544 dolor,
761 2462 818 2527 hic
847 2471 899 2528 est
931 2463 1077 2550 gladius,
1100 2465 1161 2548 qui
1183 2461 1359 2527 transfixit
1381 2465 1514 2528 animas

218 2567 473 2652 Hungarorum.
497 2566 588 2630 Nam
610 2569 671 2652 qui
694 2577 792 2634 erant
824 2570 952 2635 divites
975 2577 1010 2636 11
1034 2575 1191 2654 potentes
1215 2577 1249 2633 11
1273 2589 1388 2633 secum
1410 2567 1515 2635 habe-

218 2674 303 2740 baut
335 2675 597 2740 multitudinem
629 2675 841 2762 effrenatam,
874 2681 934 2743 vix
958 2701 993 2743 se
1017 2678 1105 2744 solos
1129 2684 1287 2762 poterant
1310 2685 1514 2743 sustentare.

327 2783 356 2847 6.
380 2779 433 2846 De
457 2785 586 2868 quartu
611 2779 688 2848 odii
710 2801 821 2850 ccusu
847 2782 939 2850 111111
962 2803 1080 2872 regem
1097 2781 1224 2849 Belum
1249 2785 1282 2848 ct
1305 2780 1512 2872 Hungaros.

324 2889 415 2954 Item
448 2892 582 2974 saepius
615 2892 919 2976 conquerebantur,
953 2893 1044 2978 quod
1077 2915 1136 2956 rex
1169 2899 1289 2958 contra
1312 2893 1412 2978 regni
1434 2915 1515 2960 con-

218 2997 444 3079 suetudinem,
464 2998 501 3060 in
525 2998 775 3082 depressionem
799 3022 925 3084 eorum,
949 3008 1050 3085 prout
1073 3000 1186 3066 voluit
1209 3001 1401 3066 ordinavit:
1420 3003 1514 3087 quod

218 3104 465 3190 qualiscunque
488 3107 694 3170 eminentiae
719 3105 849 3173 fuerint
873 3107 1013 3193 nobiles,
1038 3111 1075 3173 in
1102 3111 1175 3174 eius
1207 3110 1301 3173 curia
1333 3112 1516 3194 negotium

218 3235 363 3298 movere,
396 3221 458 3279 aut
494 3217 526 3278 ei
563 3223 723 3280 oretenus
755 3205 851 3302 loqui
883 3220 1113 3303 nequiverint,
1144 3219 1213 3282 nisi
1244 3215 1516 3300 supplicationes

218 3320 430 3385 cancellariis
469 3323 691 3406 porrigerent,
731 3329 766 3386 et
807 3323 931 3388 exinde
969 3323 1078 3389 finem⁴
1111 3325 1243 3410 negotii
1281 3332 1515 3407 expectarent.

217 3427 364 3512 Propter
386 3429 478 3513 qnod
502 3428 655 3513 plerique
679 3451 739 3514 pro
763 3432 906 3496 minimo
930 3440 1068 3498 tantum
1099 3433 1136 3498 in
1168 3434 1263 3497 curia
1295 3430 1515 3518 tenebantur,

217 3543 257 3600 ut
285 3558 389 3621 equos
413 3545 448 3601 et
472 3557 526 3601 res
549 3537 634 3601 alias
658 3517 719 3621 pro
742 3541 900 3621 expensis
923 3540 1113 3624 expendere
1137 3546 1350 3624 cogerentur,
1374 3547 1410 3605 et
1424 3541 1516 3605 111111-

217 3645 320 3708 toties
337 3665 406 3708 non
421 3646 592 3728 expeditis
615 3647 764 3730 negotiis
788 3648 1002 3712 recedebant.
1026 3647 1115 3712 Nam
1138 3647 1342 3730 cancellarii,
1365 3655 1406 3711 ut
1421 3647 1515 3712 dice-

217 3749 310 3834 bant,
334 3773 395 3836 pro
418 3773 467 3834 11,
490 3753 581 3838 quod
614 3754 683 3816 nisi
714 3775 774 3837 per
797 3756 888 3837 ipsos
920 3756 1103 3840 requisitos
1126 3758 1202 3841 regi
1224 3755 1319 3841 loqui
1344 3763 1515 3840 poterant,

217 3860 456 3942 deprimebant
479 3867 514 3924 et
537 3858 766 3925 sublevabant
789 3861 930 3948 aliquos
963 3869 1003 3926 ut
1037 3862 1209 3929 volebant.
1241 3864 1387 3947 Propter
1418 3866 1513 3949 quod

217 3964 293 4030 illos
322 3987 400 4030 11111
423 3989 520 4052 reges
548 3989 620 4031 1111
643 3969 851 4052 generaliter
883 3977 918 4035 et
943 3968 1078 4054 publice
1102 3969 1312 4055 fatebantur,
1336 3979 1371 4035 et
1394 3993 1515 4056 regem

215 4073 322 4138 alium
345 4096 415 4138 non
438 4073 563 4139 habere
588 4096 622 4138 se
646 4075 816 4140 dicebant.

326 4177 580 4267 1011111111
605 4179 680 4247 odii
703 4199 824 4248 causa.

324 4289 399 4353 Hoc
432 4287 527 4353 alind
560 4287 763 4373 referebant,
779 4292 870 4375 quod
889 4299 1032 4374 praeter,
1063 4289 1121 4356 vel
1145 4299 1263 4356 contra
1290 4313 1410 4358 eorum
1433 4313 1516 4358 con-

217 4395 341 4479 silium,
382 4405 417 4461 et
455 4398 498 4460 ad
538 4397 790 4480 depressionem
828 4405 863 4462 et
902 4397 1138 4463 confusionem
1176 4419 1293 4463 eorum
1341 4399 1516 4466 Oomanos

216 4503 416 4568 adduxerat.
449 4504 548 4581 Quod
573 4503 713 4587 patebat
737 4526 780 4566 ex
803 4527 851 4588 eo,
874 4508 955 4590 quia
978 4506 1115 4592 quando
1139 4508 1205 4589 ipsi
1227 4509 1343 4571 vocati
1366 4507 1422 4571 vel
1442 4529 1517 4572 non

218 4614 331 4676 vocati
346 4613 388 4676 ad
407 4614 537 4677 curiam
553 4610 769 4694 accedebant,
793 4615 926 4696 copiam
949 4614 1092 4678 videndi
1108 4636 1224 4699 regern
1243 4637 1312 4680 non
1327 4613 1516 4698 habebant,
