3138 5212
192 343 259 407 458

191 549 325 606 nostros
349 546 543 623 spectantes
575 540 755 604 invaderet
779 546 815 602 et
847 537 913 602 sibi
946 539 1154 620 vendicaret,
1186 559 1272 624 quae
1305 539 1421 602 omnia
1454 547 1488 602 et

191 647 327 733 singula
349 646 484 732 aliaque
508 645 634 710 similia
658 647 818 710 universa
842 646 978 710 decreto
1003 647 1095 728 pacis
1118 647 1307 729 praesentis
1331 644 1386 709 illi
1408 653 1488 709 sunt

191 754 364 839 prohibita
388 761 423 818 et
446 753 642 834 interdicta,
667 739 726 836 pro
750 753 918 817 violatore
940 748 1043 836 hujus
1068 754 1161 836 pacis
1185 755 1291 836 ipsius
1309 741 1489 830 habeatur,

192 861 358 946 nobisque
391 861 503 944 liceat,
535 869 607 924 tam
640 865 773 923 nosmet
812 861 911 942 ipsos,
944 880 1047 944 quam
1087 858 1244 923 subditos
1276 865 1413 922 nostros
1445 858 1488 921 ad

190 967 389 1054 hujusmodi
412 970 615 1033 damnorum
647 965 918 1052 injuriarumque
950 967 1104 1032 illatione
1137 965 1330 1049 defendere,
1354 965 1490 1030 hostili-

191 1087 366 1163 tatemque
391 1073 545 1159 ejusdcm
568 1074 665 1138 ducis
689 1073 886 1157 propulsare
912 1123 1106 1138 .......

298 1186 389 1250 Item
413 1185 589 1248 decretum
605 1203 739 1268 quoque
763 1189 824 1264 est,
848 1190 887 1247 ut
911 1183 940 1246 si
965 1181 1053 1247 forte
1070 1185 1107 1246 in
1130 1181 1248 1247 eadem
1264 1184 1365 1268 regni
1382 1191 1489 1266 parte,

190 1313 277 1376 quae
301 1291 465 1356 videlicet
510 1313 530 1354 a
568 1290 738 1356 limitibus
771 1290 1059 1374 Transsylvaniae
1091 1291 1135 1355 ad
1168 1289 1347 1355 Tibiscum
1380 1312 1490 1375 nsque

191 1398 416 1480 protenditur,
456 1404 569 1462 essent
592 1397 707 1482 aliqua
740 1419 801 1461 seu
839 1400 1071 1480 possessiones,
1104 1420 1164 1463 seu
1202 1417 1304 1478 arces,
1338 1396 1490 1478 castella,

191 1505 360 1586 civitatee,
384 1504 518 1587 oppida,
542 1503 677 1588 ollaque
700 1503 737 1567 id
760 1525 869 1588 genus
885 1501 973 1568 bona
996 1527 1035 1568 ac
1055 1501 1143 1587 jura,
1167 1527 1253 1590 quae
1272 1512 1334 1569 aut
1357 1525 1422 1568 nos
1445 1502 1490 1566 ab

191 1632 239 1692 eo,
262 1617 324 1675 aut
347 1613 419 1694 ipse
442 1633 462 1674 a
485 1609 584 1675 nobis
608 1609 734 1674 habere
757 1619 907 1692 cuperet,
930 1611 1032 1675 liceat
1060 1612 1171 1676 eidem
1195 1613 1275 1676 duci
1307 1611 1490 1676 nobiscum

191 1717 246 1782 vel
270 1719 531 1800 permutatione,
555 1716 612 1780 vel
645 1719 767 1800 quavis
799 1715 867 1780 alia
891 1719 1117 1782 conventione
1141 1721 1331 1802 transigere
1365 1721 1424 1798 sio,
1450 1727 1490 1782 nt

190 1825 381 1909 aequaliter
413 1827 551 1910 utrique
575 1831 731 1888 nostrum
756 1824 863 1906 cedat,
880 1804 882 1812 Ι
902 1824 993 1908 quod
1017 1823 1106 1888 alter
1137 1823 1239 1889 alteri
1271 1827 1490 1906 concesserit,

191 1941 380 2017 neuterque
413 1940 569 1998 nostrum
602 1933 715 1995 minus
738 1933 891 2014 recipiat,
924 1951 1027 2015 quam
1051 1931 1194 2014 dederit,
1218 1939 1259 1996 ut
1282 1931 1376 1995 dicta
1409 1953 1491 1995 con-

189 2042 307 2103 ventio
339 2062 398 2104 seu
424 2041 640 2124 permutati0,
663 2041 837 2123 aequitate
862 2041 1082 2123 transigatur.

296 2147 403 2212 Item:
427 2149 508 2232 quia
532 2168 649 2211 eorum
673 2145 862 2210 Turcarum
885 2167 995 2226 causa,
1018 2149 1078 2230 qui
1102 2169 1143 2209 ex
1168 2147 1273 2210 variis
1298 2147 1493 2228 provinciis

188 2252 261 2336 ejus
301 2255 559 2340 magnitudinis
583 2255 731 2318 maxime
764 2273 845 2334 vero
884 2275 925 2316 ex
959 2252 1117 2316 Natoliae
1142 2251 1297 2335 partibus
1330 2256 1494 2334 veniunt,

189 2383 312 2446 magno
346 2384 486 2426 numero
510 2363 547 2424 in
570 2359 787 2444 Hungariam
808 2359 853 2422 ad
886 2359 1046 2423 emendos
1079 2361 1234 2442 captivos
1272 2381 1333 2442 per
1370 2362 1495 2424 omnia

188 2467 344 2551 confinia,
368 2491 492 2554 magna
521 2465 657 2550 jactura
681 2467 829 2530 ditiones
862 2487 931 2530 non
969 2465 1079 2530 solum
1118 2474 1262 2548 nostrae,
1286 2467 1345 2531 sed
1378 2469 1495 2532 etiam

188 2576 438 2660 magnitudinis
461 2572 535 2658 ejus
558 2573 768 2655 afficiuntur,
792 2573 875 2637 dum
900 2575 1025 2656 partim
1055 2571 1160 2657 beghi
1184 2595 1223 2637 ac
1247 2573 1385 2656 militeS,
1410 2597 1495 2658 par-

189 2684 253 2745 tim
278 2704 358 2746 vero
382 2682 443 2746 alii
466 2681 631 2746 officiales
654 2680 796 2757 finitimi
820 2705 880 2764 per
902 2683 1039 2746 eosdem
1067 2685 1246 2767 utriusque
1270 2685 1379 2766 partis
1403 2683 1496 2747 diti-

187 2809 268 2852 ones
307 2795 383 2853 tum
422 2792 523 2872 pacis,
562 2797 636 2854 turn
670 2789 887 2853 induciarum
928 2799 1081 2872 tempore
1123 2787 1334 2853 sufferantur
1373 2793 1494 2854 omnis

186 2898 310 2960 aetatis
347 2896 509 2978 homines,
534 2899 682 2961 maxime
705 2903 820 2960 autem
844 2895 1046 2979 impuberes,
1061 2918 1185 2981 eosque
1208 2895 1357 2960 latenter
1373 2897 1496 2961 occul·

187 3012 289 3088 teque
326 3001 524 3087 hujusmodi
562 3002 775 3087 emptoribus
813 3010 848 3067 et
887 3010 1004 3068 nostra
1043 3011 1079 3066 et
1117 3004 1369 3088 magnitudinis
1410 3001 1495 3087 ejus

187 3131 312 3194 magna
340 3108 477 3193 jactura
509 3119 612 3196 atque
637 3108 763 3193 injuria
786 3110 989 3192 divendunt,
1013 3111 1189 3175 decretum
1212 3118 1282 3174 est:
1312 3118 1353 3175 ut
1377 3113 1495 3196 impo-
1568 3148 1569 3213 ,

187 3224 317 3282 sterum
340 3219 469 3282 similes
501 3227 671 3302 emptores
695 3221 732 3282 in
755 3218 956 3302 Hungariae
989 3215 1116 3281 finibus
1148 3240 1218 3284 non
1240 3219 1494 3302 admittantur,

186 3347 248 3388 nec
271 3323 402 3388 ibidem
424 3325 527 3390 liceat
550 3326 620 3390 illis
642 3326 821 3390 hominum
854 3331 1081 3390 mercaturam
1104 3349 1261 3391 exercere
1286 3378 1493 3392 .......

297 3432 404 3496 Item:
428 3435 509 3516 quia
532 3456 574 3496 ex
599 3432 732 3516 duellis,
755 3454 841 3516 quae
874 3431 1041 3516 singulari
1066 3435 1251 3498 certamine
1284 3433 1496 3519 depugnan-

188 3549 254 3622 tur,
278 3561 520 3622 saepenumero
545 3540 733 3604 discordiae
757 3549 793 3602 et
817 3540 1028 3620 inimicitiae,
1043 3541 1276 3626 insperatique
1299 3551 1336 3606 et
1351 3546 1494 3626 gravis-

185 3648 264 3711 simi
293 3668 399 3730 casus,
432 3669 474 3710 ex
507 3646 561 3710 his
594 3645 728 3710 casibus
752 3668 832 3711 vero
871 3643 993 3710 turbae
1031 3668 1070 3710 ac
1102 3657 1216 3714 motus
1254 3651 1494 3734 complurium

186 3756 346 3837 locorum,
370 3757 590 3840 virorumque
614 3755 819 3820 militarium
834 3763 869 3820 et
892 3758 1044 3838 ipsorum
1067 3759 1173 3821 etiarn
1198 3754 1376 3822 foederum
1395 3763 1495 3843 peri-

185 3863 262 3927 oula
286 3865 418 3927 causari
441 3863 582 3945 soleant,
606 3864 698 3948 quod
721 3865 900 3927 retroactis
923 3864 1023 3926 annis
1062 3863 1236 3949 frequenti
1268 3870 1494 3949 experientia

184 3971 386 4034 didicimus:
420 3970 595 4034 decretum
619 3979 680 4054 est,
704 3979 744 4035 ut
777 3971 924 4034 durante
957 3973 1024 4034 ista
1057 3993 1148 4055 pace,
1172 3971 1330 4055 publicae
1354 3977 1495 4058 quietis

183 4100 222 4141 ac
246 4077 512 4161 tranquillitatis
526 4079 640 4162 gratia
657 4098 792 4160 prorsus
812 4085 999 4140 memorata
1023 4077 1136 4141 duella
1153 4087 1189 4143 et
1213 4084 1494 4166 provocationes,

183 4185 239 4250 vel
264 4189 371 4250 seriae
406 4189 443 4250 in
466 4193 611 4250 mortem
635 4185 690 4250 vel
715 4185 867 4250 ludicrae
906 4186 973 4266 (uti
1007 4195 1208 4251 consuetum
1231 4195 1285 4251 est
1308 4186 1495 4269 finitimis)

183 4295 226 4356 ad
251 4293 458 4378 frangendas
485 4292 611 4374 hastas,
644 4295 782 4377 utrique
806 4295 896 4375 parti
929 4301 1010 4356 sunt
1033 4292 1176 4358 illicitae
1208 4303 1244 4359 ct
1278 4293 1494 4377 prohibitae.

183 4402 231 4465 Et
258 4404 453 4487 quicunque
485 4401 687 4465 alterutrius
721 4403 828 4483 partis
860 4400 967 4464 aliurn
999 4401 1043 4464 ad
1075 4397 1274 4482 hujusmodi
1306 4402 1495 4487 singulare

183 4515 355 4572 <testamen
378 4530 480 4571 ausus
505 4507 612 4571 fuerit
641 4529 832 4590 provocare,
856 4510 885 4571 is
918 4530 937 4572 a
972 4505 1144 4590 praefecto
1183 4529 1243 4572 suo
1275 4511 1495 4593 gravissime

184 4617 354 4698 puniatur.
