3182 5210
1303 337 1366 401 171

70 534 356 608 Anemesitett
385 535 555 609 csalddot
582 561 670 608 nem
703 537 735 610 is
771 538 931 611 nevezik
968 538 1194 627 nobilisnak,
1231 539 1368 610 hanem

70 686 90 732 a
118 661 263 754 kira'lyi
292 659 449 756 szolgrilr
478 655 702 758 (servientes
721 657 886 760 regales)
906 663 1155 760 tarsasagaba
1180 662 1368 764 sorozna'lp

178 764 237 858 Aa
269 785 420 860 olrlevdl
448 787 629 881 eredetije
657 813 679 859 a
707 783 759 860 M.
786 783 833 862 N.
861 785 1124 877 Mdzeumban,
1154 813 1196 858 aa
1220 787 1368 859 Ivauka

69 912 197 985 csalad
234 905 505 986 leveltaraban.
542 913 689 986 Kiadta
726 913 874 986 Ivanka
903 915 1127 1011 Zsigmond:
1167 921 1187 986 6
1218 912 1368 986 oklevel

68 1063 109 1109 az
139 1036 291 1109 Ivdnka
319 1037 446 1110 csalad
475 1037 785 1112 okleveltcirabdl.

178 1283 359 1348 Ladislaus
392 1285 448 1348 dei
479 1287 593 1370 gratia
625 1287 814 1373 Huugarie,
846 1287 1029 1370 Dalmatia,
1068 1287 1215 1368 Oroatis,
1248 1285 1367 1361 Rarus,

68 1393 198 1472 Servio,
223 1393 379 1475 Gallicis,
402 1393 614 1478 Lodomerie,
642 1395 818 1476 Cumania,
851 1396 1082 1481 Bulgarieque
1116 1417 1176 1459 rex
1208 1392 1367 1458 omnibus

70 1509 247 1586 presentes
270 1501 405 1566 litteras
429 1504 634 1585 inspecturis
658 1504 805 1572 salutem
829 1506 866 1568 in
889 1505 1042 1568 omnium
1066 1503 1245 1568 salvatore.
1278 1502 1368 1566 Oum

67 1608 109 1673 ab
144 1609 288 1673 exordio
321 1630 436 1674 rerum
467 1609 616 1674 humane
649 1613 856 1676 conditionis
895 1609 1068 1674 libertatis
1108 1611 1261 1674 omnium
1300 1631 1368 1673 una

67 1718 257 1802 eademque
291 1716 399 1781 fuerit
431 1718 592 1800 conditi0,
625 1720 744 1784 divina
768 1720 952 1803 permittit
976 1719 1085 1802 pietas
1118 1725 1153 1780 et
1185 1717 1222 1781 id
1255 1719 1368 1800 ipsum

68 1825 196 1911 regalis
218 1822 321 1888 debet
345 1845 494 1889 annuere
518 1823 723 1911 benignitas,
744 1835 787 1894 ut
811 1847 872 1909 pro
895 1825 1021 1910 quibus
1045 1827 1118 1908 ipsa
1141 1824 1199 1888 vel
1222 1823 1369 1887 aliorum

67 1934 193 1996 merita
218 1931 461 2017 suffragantur,
484 1933 528 1996 ad
554 1935 697 2017 pristine
721 1933 894 2000 libertatis
918 1953 1032 1996 aeram
1056 1931 1263 1996 restituendi
1294 1929 1367 1994 fore

1 2065 2 2078 ยน
68 2048 283 2106 censeantur.
307 2040 456 2104 Proinde
480 2042 524 2105 ad
549 2043 796 2124 universorum,
821 2049 893 2106 tam
916 2043 1136 2125 presentium,
1155 2061 1259 2123 quam
1275 2037 1368 2102 futu-

67 2169 186 2212 rorum
203 2150 365 2213 notitiam
389 2147 512 2212 harum
535 2151 621 2212 serie
644 2149 803 2215 volumus
827 2151 1014 2233 pervenire,
1038 2149 1128 2234 quod
1146 2170 1224 2212 cum
1240 2145 1368 2211 Paulus

67 2253 164 2320 filius
189 2255 342 2338 Iwanlra,
365 2256 498 2339 Petrus,
522 2257 647 2340 Micon,
670 2257 846 2323 Johannes
869 2265 905 2322 et
936 2257 1099 2323 Nicolaus
1131 2256 1196 2322 filii
1227 2256 1368 2320 Iwanoh

1 2349 2 2352 ยน
67 2371 99 2426 et
117 2363 272 2448 Egidius
286 2361 379 2427 filius
394 2362 490 2428 Dusa
506 2365 547 2428 de
564 2364 803 2450 iobagionibus
827 2367 931 2432 castri
957 2366 999 2429 de
1015 2364 1215 2449 Abawyvar
1231 2364 1369 2428 oriundi

67 2492 85 2532 a
124 2469 342 2554 temporibus
385 2473 530 2553 pueritie
573 2495 632 2538 sue
671 2475 708 2538 in
747 2473 892 2537 diversis
933 2470 1211 2556 expeditionibus
1252 2471 1367 2555 Regni

67 2579 260 2663 Hungarie,
293 2585 365 2641 tam
401 2580 537 2660 nostris,
568 2601 671 2664 quam
694 2579 867 2646 karissimi
891 2580 999 2661 patris
1022 2580 1131 2642 nostri
1154 2578 1261 2663 Regis
1294 2577 1368 2642 Ste-

68 2685 176 2768 phani
192 2683 304 2750 felicis
320 2685 565 2750 recordationis
581 2686 792 2769 temporibus
816 2685 934 2750 fideles
951 2684 1139 2750 famulatus
1155 2691 1190 2748 et
1206 2683 1368 2770 obsequia

67 2793 319 2876 impendissent
341 2794 501 2878 gratiosa,
525 2794 786 2878 specialiterque
819 2791 883 2858 sub
916 2800 1027 2857 castro
1051 2792 1242 2875 -Jauriensi,
1276 2791 1367 2876 quod

69 2923 126 2982 per
151 2900 358 2964 'I'eotonicos
382 2899 566 2964 casualiter
581 2906 720 2983 captum
736 2899 853 2983 fuerit,
869 2899 967 2964 Idem
983 2921 1043 2982 pro
1060 2897 1229 2963 fidelitate
1244 2899 1367 2984 Regno

69 3007 188 3072 debita
220 3013 256 3070 et
289 3027 420 3088 corone,
452 3008 556 3071 morti
585 3029 620 3070 se
644 3009 815 3090 intrepide
840 3029 1007 3090 exponere
1031 3027 1101 3070 non
1133 3005 1367 3087 formidantes

1 3101 3 3139 l
68 3115 222 3179 viriliter
244 3136 352 3200 usque
376 3114 419 3178 ad
453 3113 655 3179 effusionem
687 3117 865 3200 sanguinis
897 3115 1084 3178 eorundem
1116 3114 1367 3194 dimicaverint,

1 3204 2 3269 l
70 3220 214 3304 prefatis
243 3220 356 3302 Petr0,
389 3219 497 3283 Paulo
531 3227 566 3286 et
598 3219 714 3284 Micon
737 3222 774 3284 in
798 3222 1052 3305 expugnatione
1076 3221 1181 3283 castri
1213 3219 1367 3283 eiusdem

67 3327 223 3393 letaliter
245 3327 446 3408 vulneratis,
471 3349 583 3392 coram
608 3328 715 3394 oculis
748 3337 863 3392 nostre
897 3329 1087 3392 maiestatis
1111 3325 1368 3422 remanentibus

67 3437 258 3500 semivivis.
282 3435 363 3516 Nos,
387 3436 447 3518 qui
470 3457 512 3500 ex
537 3432 654 3498 debito
678 3437 788 3498 nostri
807 3433 916 3500 officii
932 3437 1048 3499 metiri
1065 3433 1228 3498 debemus
1244 3435 1367 3497 merita

67 3542 294 3629 singulorum,
319 3549 359 3605 ut
383 3562 439 3605 eos
462 3547 498 3604 et
521 3563 639 3606 eorum
663 3542 818 3624 exemplo
845 3542 993 3627 reliquos
1010 3543 1053 3607 ad
1070 3541 1250 3608 fidelitatis
1266 3563 1367 3623 opera

1 3703 2 3708 ,
67 3651 231 3716 devotius
253 3651 450 3732 invitemus,
473 3648 556 3712 licet
574 3647 765 3732 potioribus
790 3657 825 3713 et
850 3649 1037 3715 maioribus
1062 3650 1160 3735 digni
1174 3649 1368 3713 habeantur

66 3772 100 3822 et
124 3765 247 3821 nostre
271 3759 317 3820 sit
341 3757 545 3820 intentionis
567 3757 651 3839 ipsis
675 3757 711 3819 in
735 3755 891 3840 pluribus
916 3757 1096 3840 providere
1120 3778 1198 3820 cum
1222 3778 1256 3819 se
1274 3755 1367 3819 locus

66 3875 100 3930 et
125 3874 267 3946 tempus
291 3861 480 3946 optulerint
504 3869 690 3946 oportunos
714 3865 751 3926 in
774 3866 1123 3946 recompensationem
1147 3865 1367 3927 servitiorum

66 3993 209 4036 suorum
241 3969 426 4060 aliqualem
458 3971 595 4034 eosdem
631 3969 782 4053 Petrum,
815 3971 971 4054 Paulum,
1004 3972 1130 4054 Micon,
1163 3971 1188 4036 J
1189 3970 1367 4052 ohannem,

65 4091 99 4145 et
123 4077 311 4145 Nicolaum
334 4099 374 4142 ac
396 4078 564 4163 Egidium
587 4085 623 4141 et
648 4100 707 4161 per
730 4099 786 4142 eos
809 4078 953 4142 heredes
976 4100 1102 4161 eorum,
1135 4077 1367 4162 heredumque

66 4205 280 4249 successores
303 4183 346 4248 de
369 4185 443 4266 ipso
459 4181 682 4269 iobagionatu
698 4186 802 4248 castri
819 4207 901 4267 pure
917 4192 953 4248 et
969 4184 1172 4268 simpliciter
1187 4184 1367 4248 eximendo

65 4314 147 4357 cum
172 4293 275 4356 terris
298 4311 424 4375 eorum,
447 4312 649 4377 quocunque
673 4293 764 4356 iusto
789 4291 892 4356 titulo
916 4293 1085 4376 possessis,
1109 4293 1146 4354 in
1177 4313 1366 4374 numerum,

65 4409 184 4465 cetum
208 4408 245 4464 et
268 4401 479 4464 consortium
502 4401 728 4463 servientium
752 4399 921 4484 regalium
945 4400 986 4462 de
1011 4398 1227 4482 plenitudine
1251 4405 1366 4463 nostre

64 4511 182 4594 gratie
215 4509 377 4573 duximus
409 4506 674 4590 transferendos,
701 4507 865 4590 volentes,
889 4513 929 4572 ut
952 4508 994 4571 de
1019 4515 1132 4571 cetero
1156 4507 1198 4571 de
1223 4508 1367 4590 pristine

64 4617 280 4682 conditionis
311 4614 437 4680 honere
471 4616 608 4698 penitus
636 4616 741 4698 extiti,
765 4636 867 4678 aurea
891 4613 1052 4678 libertate
1070 4620 1234 4697 perpetuo
1249 4621 1367 4699 gratu-
