3182 5210
1308 403 1375 466 ‘na
1455 354 1458 364 ¹

88 609 334 682 preservantes;
358 599 420 663 hoc
445 609 560 664 tamen
584 599 741 665 adhibito
766 602 1004 682 moderamine,
1035 603 1126 691 ¹quod
1162 600 1374 685 quibuslibet

3 707 5 720 *
85 705 341 791 querulantibus
365 729 406 770 ex
433 715 527 790 parte
551 707 723 772 dictorum
746 710 931 792 hospitum,
956 709 1157 792 populorum
1174 717 1209 772 et
1223 707 1375 793 iobagio-

85 836 160 878 num
183 818 346 897 ipsorum,
370 817 436 898 ipsi
459 816 565 878 iidem
590 815 740 897 Nobiles,
765 816 976 901 quibuslibet
1010 821 1045 880 in
1079 839 1258 880 causarum
1292 819 1374 879 arti-

84 921 171 1005 culis,
195 945 330 1007 semper
353 925 507 988 iustitiae
531 925 819 1006 complementum
843 925 1004 990 exhibere
1029 933 1063 990 et
1088 926 1293 1007 impendere.
1317 923 1374 987 vel

84 1031 232 1096 exhiberi
252 1041 287 1095 et
304 1034 455 1116 impendi
481 1032 592 1097 facere
609 1041 799 1098 teneantur.
823 1035 941 1112 Quium
965 1037 993 1097 si
1017 1037 1054 1097 in
1078 1035 1141 1098 hoc
1157 1034 1373 1120 negligentes

84 1153 114 1203 et
137 1143 269 1204 remissi
286 1139 359 1204 fore
382 1163 424 1204 ex
448 1150 540 1205 certa
564 1143 707 1205 scientia
731 1141 980 1204 dinoscenturll
1005 1142 1071 1223 ipsi
1086 1139 1218 1204 nobiles
1234 1139 1374 1204 Domini

83 1249 254 1330 hospitum
286 1248 479 1328 eorundem,
513 1257 547 1311 et
579 1271 647 1312 non
685 1249 837 1331 hospites
876 1248 919 1310 ad
954 1253 1107 1312 nostram
1147 1251 1374 1330 praesentiam

82 1356 178 1418 citari
202 1352 379 1417 debebunt
418 1363 521 1438 atque
559 1357 703 1436 evocari,
722 1420 724 1426 ,
742 1356 784 1418 de
824 1355 1037 1439 negligentia
1072 1351 1283 1435 justitiariae
1318 1377 1374 1418 ex-

81 1462 260 1525 hibitionis
285 1461 383 1526 nobis
407 1464 576 1526 rationem
598 1463 777 1527 reddituri.
802 1460 995 1546 Adjicimus
1020 1464 1160 1544 insuper
1192 1461 1234 1524 de
1270 1461 1375 1544 pleni-

81 1569 199 1632 tudine
231 1577 347 1632 nostre
380 1571 473 1652 regie
506 1571 617 1652 gratie
641 1571 733 1654 quod
766 1591 881 1632 omnes
915 1591 1032 1632 causas
1065 1578 1138 1632 tam
1171 1568 1373 1636 criminales.

79 1697 180 1760 quam
200 1675 328 1756 civiles,
348 1678 484 1739 etiamsi
507 1683 660 1751 mortem,
687 1675 879 1760 patibulum
905 1687 964 1739 aut
982 1677 1159 1760 sanguinis
1175 1675 1373 1755 effusonem

3 1783 4 1786 ’
80 1793 116 1846 ut
141 1790 226 1866 puta
256 1784 527 1864 amputationem
550 1785 681 1864 capitis,
705 1782 935 1847 membrorum
960 1783 1215 1845 mutilationem
1231 1791 1266 1845 et
1283 1784 1373 1866 ignis

79 1892 387 1954 concremationem
425 1897 460 1952 et
500 1899 611 1952 cetera
651 1889 775 1952 similia
816 1893 852 1954 in
893 1892 1043 1974 personis
1086 1891 1280 1971 eorundem,
1313 1891 1373 1972 qui

80 1999 210 2060 ratione
236 1999 491 2060 commissorum
517 1995 707 2060 facinorum
731 2000 768 2060 in
792 2000 865 2080 ipsa
890 1997 973 2060 villa
997 2006 1058 2060 aut
1087 1999 1261 2060 territorio
1287 1999 1374 2060 eius-

78 2108 153 2169 dem
187 2105 253 2167 hec
286 2104 357 2186 pati
390 2106 586 2180 meruerint,
622 2107 848 2186 prenominati
881 2103 1012 2168 nobiles
1036 2103 1176 2168 Domini
1199 2113 1289 2167 terre
1313 2113 1373 2167 aut

78 2212 157 2274 ville
188 2211 364 2274 antedicte
389 2233 504 2274 secure
528 2235 566 2274 ac
591 2210 697 2275 libere
722 2212 882 2287 iudicare,
906 2233 944 2274 ao
968 2213 1081 2294 ipsum
1110 2209 1281 2292 judicium
1314 2233 1374 2274 seu

77 2320 286 2382 sententiam
310 2339 411 2402 super
435 2321 626 2400 praemissis
650 2319 755 2382 latam
789 2321 984 2382 executioni
1016 2320 1177 2382 mandare
1211 2325 1374 2402 perpetuo

3 2487 4 2516 r
78 2426 245 2490 heredum
278 2429 315 2488 in
347 2425 488 2489 heredes
522 2427 660 2491 valeant
694 2436 796 2511 atque
826 2429 975 2510 possint;
1010 2427 1213 2490 faeiiltatern
1245 2427 1374 2490 eisdem

3 2529 5 2552 '
82 2536 290 2597 tauctoritate
320 2535 530 2616 presentium
562 2533 754 2610 tribuendo,
787 2535 875 2618 quod
911 2537 947 2597 in
982 2533 1055 2597 loco
1079 2535 1120 2598 ad
1146 2534 1210 2598 hoc
1233 2544 1313 2616 apto
1337 2536 1374 2596 in

3 2695 5 2726 p
80 2642 255 2704 territorio
288 2640 371 2704 ville
404 2641 539 2704 Bathur
571 2643 684 2724 sepius
717 2643 899 2720 nominate,
935 2643 1065 2723 possint
1098 2648 1132 2704 et
1166 2641 1304 2705 valeant
1338 2655 1372 2704 et

3 2765 5 2856 p
77 2747 225 2812 debeant
249 2748 294 2811 ad
319 2769 440 2830 penam
474 2757 508 2811 et
542 2761 705 2811 terrorem
740 2746 1000 2811 malefactorum
1033 2769 1139 2811 unum
1179 2747 1372 2830 patibulum

3 2913 5 2936 p
78 2867 242 2938 perpetuo
271 2857 401 2940 erigere
426 2863 460 2918 et
485 2865 610 2919 tenere.
635 2855 818 2918 Caeterum
841 2863 1031 2918 annuentes
1064 2859 1300 2938 concessimus,
1333 2867 1372 2920 ut

74 2961 310 3046 quorumlibet
342 2961 517 3043 hospitum
551 2962 593 3024 de
626 2961 716 3024 dieta
751 2961 835 3024 villa
871 2962 1005 3026 Bathur
1030 2963 1171 3026 emenda
1196 2962 1373 3028 homicidii

75 3090 182 3153 usque
207 3071 250 3132 ad
276 3069 392 3132 XXV.
417 3091 547 3132 marcas
571 3081 605 3131 et
630 3071 861 3133 iuramentum
890 3071 1040 3152 ipsorum
1074 3073 1110 3133 in
1144 3075 1372 3152 praestatione

3 3223 4 3266 ᾗ
75 3176 290 3240 &aeramenti
330 3175 526 3240 faciendum
565 3198 671 3262 usque
710 3179 753 3240 ad
794 3179 942 3241 mediam
981 3200 1130 3242 maroam
1163 3203 1205 3242 ex
1234 3179 1372 3260 speciali

3 3341 4 3376 ἶ
77 3286 317 3368 praerogativa
354 3283 525 3347 libertatis
550 3285 785 3368 praesentibus
820 3286 907 3366 date,
928 3286 1052 3349 donate
1077 3297 1111 3349 et
1138 3309 1195 3368 per
1218 3309 1278 3350 nos
1296 3309 1373 3350 con-

3 3385 4 3388 ’
74 3415 165 3454 cesse
193 3391 375 3475 privilegio
396 3392 622 3455 distendatur.
646 3392 688 3456 In
713 3395 809 3456 cuius
826 3395 875 3457 rei
887 3396 1093 3460 memoriam.
1107 3403 1371 3478 perpetuamque

3 3543 5 3554 ·
75 3498 287 3563 firmitatem.
327 3482 559 3562 concessimus*
586 3499 704 3562 literas
737 3509 870 3563 nostras
912 3500 1143 3584 privilegiales
1177 3505 1372 3566 memoratis

3 3623 5 3660 1
76 3605 260 3669 Nobilibus
299 3605 446 3688 duplicis
479 3607 586 3690 sigilli
628 3609 736 3670 nostri
769 3609 851 3671 novi
890 3617 925 3669 et
958 3608 1150 3670 authentici
1184 3610 1372 3671 munimine

3 3799 5 3804 Α
76 3712 262 3778 roboratas.
296 3713 426 3776 Datum
460 3736 519 3795 per
551 3735 670 3776 manus
704 3712 908 3776 venerebilis
942 3715 1010 3776 viri
1049 3713 1209 3796 Magistri
1248 3715 1372 3794 Endre,

3 3807 5 3820 ἲ
77 3823 241 3902 prepositi
271 3819 432 3884 ecclesiae
456 3819 626 3900 Albensis,
650 3821 747 3884 aulae
771 3831 908 3884 nostrae
941 3820 1229 3897 Viceoancellarii,
1254 3822 1371 3886 dilecti

3 3955 5 3974 1
75 3935 108 3988 et
143 3927 256 3992 fidelis
285 3930 402 4008 nostri,
439 3928 546 4009 pridie
560 3931 586 3972 ¹⁸
619 3928 701 3990 Idus
735 3929 856 3992 Marcii
881 3928 982 3993 Anno
1015 3927 1154 3990 Domini
1188 3929 1372 3994 Millesimo

76 4037 327 4110 trecentesimo
361 4037 542 4100 tricesimo,
575 4035 689 4119 Regni
722 4045 837 4098 alitem
871 4038 978 4098 nostri
1007 4035 1167 4098 similiter
1193 4039 1371 4102 tricesimo.

77 4139 342 4206 venerabilibus
359 4141 685 4221 Patribusffaeaute
702 4143 841 4206 ecelesia
861 4145 1098 4225 strigoniensi,
1115 4145 1237 4208 Fratre
1256 4146 1372 4208 Ladis-

3 4235 4 4328 J
75 4244 79 4306 j
127 4279 138 4310 ›.
162 4249 431 4332 Archiepiscopo
451 4249 627 4313 Colocensi
661 4250 756 4312 aulae
791 4261 925 4313 nostrae
958 4249 1179 4314 Cancellaric.
1213 4252 1372 4314 Ladislau

3 4403 5 4442 ᾗ
74 4363 79 4406 ⁴
130 4357 233 4440 inque
272 4356 489 4427 Eoolesiensi,
524 4356 665 4418 Nicolao
703 4356 879 4439 lauriensi,
922 4357 1106 4420 Benedicta
1146 4358 1372 4440 (lhanadensi,

186 4523 206 4550 rc
225 4511 292 4578 Qui¹

185 4611 206 4638 ¹¹
225 4601 428 4655 dinoscantur.

185 4700 207 4728 ι·
227 4690 379 4761 hianyzik.
