3192 5214
1237 287 1239 294 '
1315 309 1377 378 101

90 513 178 578 Petri
200 517 236 576 11
261 509 362 576 Pauli
394 517 429 574 et
462 509 494 575 S.
528 509 648 596 Egidii
681 507 893 590 confessoris,
927 526 987 592 pro
1022 507 1233 572 redemtione
1265 507 1378 570 anime

7 703 9 710 γ
90 623 209 700 11111
231 622 486 682 antecessorum
519 637 668 700 suorum,
691 622 727 680 et
750 616 904 680 omnium
926 612 1082 679 fidelium
1105 611 1379 694 christianorum,

7 745 9 822 ξ
89 727 123 790 in
144 725 314 808 presentie
338 724 479 806 dompni
507 722 663 790 Odilonis
696 721 841 805 abbatis,
873 719 1053 804 prelibatis
1085 717 1248 804 apostolis
1276 719 1379 786 Petro

89 842 122 898 et
142 830 249 900 Paulo
273 837 308 895 11
332 828 433 895 beato
465 829 593 917 Egidio
625 831 733 913 dedit,
764 830 890 912 stipsi
928 826 1049 894 abbati
1071 834 1107 894 11
1131 825 1380 892 successoribus

7 985 8 1026 ,
89 941 154 1004 suis
176 939 220 1004 ad
244 938 433 1024 regendum
456 937 519 1003 tali
543 945 679 1004 tenore:

7 1131 8 1136 ἵ
191 1047 241 1115 Ut
273 1049 468 1133 quicunque
500 1047 545 1112 ad
576 1045 681 1114 finem
719 1045 826 1112 accub
858 1044 1104 1112 Sumichiensis
1135 1043 1242 1110 abbas
1265 1041 1381 1125 fuerit,

7 1171 8 1248 j
89 1154 211 1238 abbati,
235 1157 295 1242 qui
318 1161 402 1219 tuno
425 1156 592 1238 temporis
607 1153 715 1220 fuerit
738 1156 776 1220 in
799 1155 1006 1218 monasterio
1030 1151 1063 1218 S.
1086 1151 1208 1238 Egidii
1230 1153 1267 1217 in
1290 1149 1380 1216 valle

7 1263 9 1340 ζ
88 1262 276 1346 11111111,ι
299 1260 532 1328 obedientiam
556 1281 675 1328 veram
696 1263 887 1345 promittat,
910 1268 946 1325 et
969 1281 1077 1346 usque
1100 1261 1138 1324 in
1159 1257 1265 1326 finem
1287 1260 1380 1324 vitae

7 1379 9 1458 ᾗ
88 1391 164 1434 snae
187 1375 313 1434 teneat.
337 1369 499 1435 Preterea
521 1389 603 1434 vero
627 1370 700 1451 ipse
723 1367 998 1454 elegantissimus
1018 1389 1087 1450 rex,
1111 1363 1382 1432 antecessoribus

7 1507 8 1536 1
88 1479 155 1542 suis
177 1497 248 1540 non
270 1497 305 1540 se
333 1473 532 1540 inferiorem
564 1475 729 1557 iudicans,
761 1496 800 1538 ea
834 1474 1030 1539 conditione
1062 1479 1194 1538 ettam
1218 1480 1381 1558 perpetuo

7 1605 8 1630 ¹
87 1586 158 1650 iure
182 1583 354 1649 libertatis
377 1583 610 1666 supradictam
642 1580 806 1648 fundavit
838 1581 1024 1664 ecclesiam,
1048 1587 1088 1648 ut
1113 1588 1189 1664 post
1212 1579 1324 1646 Deum
1347 1588 1382 1646 et

88 1693 229 1759 Sanctos
260 1693 343 1772 eius,
375 1692 414 1756 in
444 1711 590 1775 quornm
622 1689 749 1756 honore
782 1691 941 1756 dedicate
973 1697 1034 1772 est,
1066 1689 1220 1755 eiusdem
1242 1687 1381 1754 ecclesie

8 1793 9 1800 ¹
87 1798 192 1865 abbas
215 1800 329 1882 ipsum
346 1797 457 1862 solum
480 1797 609 1882 audiat,
632 1796 696 1862 soli
719 1797 872 1878 inclinet,
892 1797 1004 1880 ipsum
1028 1797 1066 1862 in
1088 1795 1247 1862 omnibus
1269 1817 1382 1860 neces-

87 1904 249 1974 sitatibus
263 1911 415 1970 tutorem
430 1910 465 1969 et
481 1904 631 1970 iudicem
646 1926 785 1970 suarum
806 1925 921 1970 rerum
936 1903 1176 1968 tantummodo
1191 1907 1383 1988 cognoscet,

87 2013 180 2079 salvo
204 2011 389 2097 episcopali
421 2014 503 2076 iure.
536 2010 677 2078 Atrium
715 2019 831 2078 eutem
859 2011 1013 2077 eiusdem
1050 2009 1200 2093 ecclesie,
1223 2011 1267 2076 ad
1291 2010 1381 2096 quod

7 2153 8 2180 ;
86 2142 203 2186 ornnes
227 2127 302 2185 tam
324 2120 362 2183 in
383 2119 467 2201 vite,
491 2139 595 2204 quam
626 2121 664 2184 in
690 2125 811 2202 morte,
834 2117 989 2205 qualibet
1012 2118 1217 2184 necessitate
1240 2119 1383 2182 circum-

7 2251 9 2312 1
86 2229 183 2292 venti
207 2223 376 2312 aufirgere
391 2223 527 2308 debent,
540 2225 851 2312 ¹ohriseianissimus
875 2249 935 2292 rex
950 2227 1069 2294 taliter
1084 2227 1275 2292 consecrari
1291 2223 1384 2309 fecit,

84 2342 123 2400 ut
147 2353 267 2399 omnes
289 2333 373 2398 illuc
399 2353 460 2416 pro
478 2335 650 2398 tutamine
674 2331 857 2420 fugientes,
879 2341 953 2402 1111
976 2337 1127 2418 corporis
1149 2353 1254 2419 quam
1276 2334 1383 2397 animi
1464 2319 1466 2329 ¹

84 2441 254 2508 solamina
277 2441 462 2526 reperiant,
485 2447 521 2505 et
537 2442 591 2506 sui
606 2440 664 2506 vel
678 2462 819 2508 suarum
833 2463 948 2508 rerum
968 2441 1195 2525 preiudioium
1218 2461 1287 2505 non
1310 2461 1383 2506 sen-

7 2537 9 2588 3
84 2553 185 2616 111111.
211 2547 436 2632 Quapropter,
461 2549 551 2612 siout
575 2548 690 2635 regale
713 2556 766 2616 eet
798 2540 1052 2634 monesterium,
1076 2552 1126 2614 ita
1149 2551 1303 2614 omnium
1326 2545 1384 2611 bo-

83 2678 209 2723 norum
232 2675 399 2721 consensu
424 2655 550 2742 regalis
573 2663 626 2722 est
650 2656 847 2741 prohibitio,
875 2661 1015 2745 nequis
1038 2657 1246 2736 mortalium,
1270 2663 1384 2740 preter

7 2763 9 2852 ζ
84 2767 203 2850 ipsum
225 2785 351 2850 regem,
374 2785 477 2848 super
499 2784 553 2828 res
580 2764 732 2830 Ecclesia
756 2765 907 2832 iudicare
933 2773 1115 2850 presumat.
1138 2765 1280 2832 Atrium
1302 2783 1384 2829 vero

7 2863 9 2918 1
82 2875 110 2938 si
135 2873 226 2959 quis,
250 2870 342 2956 quod
365 2867 466 2952 absit,
490 2869 685 2955 violaverit,
709 2871 822 2958 legem
846 2874 956 2956 patrie
980 2872 1152 2956 persolvat
1176 2874 1214 2937 in
1235 2871 1384 2936 undecu-

7 2959 10 3046 l
82 2979 191 3064 plum.
215 2977 315 3056 Quod
332 2979 454 3062 siquis
474 2984 593 3044 contra
609 2977 722 3046 Deum
737 2987 773 3046 et
790 2980 933 3046 Sanctos
949 2983 1030 3064 eius,
1054 2987 1090 3045 11
1113 2985 1232 3046 contre
1255 2977 1384 3064 regalia

82 3087 226 3152 decreta
249 3083 381 3169 aliquid
406 3105 448 3148 ex
471 3083 637 3170 hisquae
654 3086 853 3170 dictasunt,
878 3093 993 3171 preter
1007 3088 1136 3154 atrium
1155 3084 1286 3151 nefario
1302 3104 1384 3148 auso

7 3189 8 3242 1
81 3193 259 3259 violenter
280 3191 512 3273 temeraverit,
545 3213 587 3256 ex
627 3200 787 3276 precepto
820 3193 947 3278 prefati
979 3196 1079 3280 regis,
1102 3193 1194 3278 quod
1221 3176 1386 3257 audacter

82 3305 272 3383 presumat,
295 3304 474 3381 restauret,
506 3305 542 3364 11
574 3301 714 3383 insuper
745 3301 784 3366 L.
807 3299 963 3368 marchas
991 3302 1081 3367 cocti
1103 3301 1180 3365 auri
1203 3288 1385 3382 persolvat.

7 3457 8 3496 ,
79 3408 197 3473 Datur
212 3407 316 3471 istius
331 3406 484 3488 precepti
502 3427 562 3470 rex
579 3406 813 3492 Logescelaus.
833 3409 961 3494 Testes,
977 3410 1038 3494 qui
1061 3428 1140 3474 cum
1163 3427 1202 3471 eo
1226 3404 1385 3472 fuerunt:

7 3549 10 3600 p
80 3515 164 3581 Dux
190 3511 400 3580 Lambertus
423 3509 532 3578 frater
554 3516 636 3598 eius,
659 3515 740 3582 Dux
755 3516 871 3582 David
895 3515 1141 3582 consobrinus8
1163 3511 1386 3580 Geroscelaus

7 3617 9 3708 f
79 3621 178 3688 filius
203 3621 296 3707 regis
319 3619 570 3704 Ruthenorum,
601 3643 707 3708 gener
738 3625 889 3707 ipsius3⁸
920 3622 1089 3690 Almanus
1121 3620 1385 3704 vesprimiensis

78 3731 276 3813 episcopus,
299 3726 422 3794 comes
446 3727 618 3812 palatinus
642 3731 766 3796 Petrus
782 3738 817 3796 et
834 3751 946 3797 comes
969 3729 1084 3812 Acha3
1108 3725 1266 3810 Michael,
1290 3726 1386 3791 Sera-

7 3883 8 3886 =
79 3837 180 3922 phin,
204 3835 326 3919 (lopun
349 3833 518 3918 capellani
541 3837 623 3920 eius,
646 3835 845 3904 Rodbertus
870 3837 913 3904 de
929 3837 1086 3903 Goslarie
1103 3836 1273 3920 spatarius
1289 3835 1386 3914 eius,⁴

79 3942 260 4010 arnulfus
284 3941 419 4028 legatus
442 3943 566 4026 ipsius;
596 3951 787 4029 receptores
810 3965 892 4010 vero
924 3945 1025 4010 istius
1049 3946 1131 4010 doni
1153 3941 1211 4008 vel
1235 3941 1387 4025 precepti

78 4063 166 4118 sunt
183 4053 265 4118 isti:
288 4049 403 4116 Tauno
422 4057 539 4116 sancte
555 4073 694 4119 romane
708 4053 848 4119 ecclesie
874 4051 1027 4140 legatus,
1051 4053 1219 4136 dompnus
1236 4047 1338 4115 Odilo
1354 4047 1386 4112 S.

79 4159 210 4246 Egidii
233 4156 371 4240 Abbee;
404 4157 565 4224 Monaohi
588 4161 649 4244 qui
681 4157 886 4226 adfuerunt:
926 4160 1050 4226 Petrus
1087 4159 1288 4243 prepositus,
1325 4157 1386 4240 qui

140 4334 206 4390 ’St
218 4331 316 4387 Gilles
325 4331 683 4403 Languouoobanuimes
851 4345 861 4373 ¹
880 4334 1037 4389 Jaroszldv
1056 4351 1074 4388 a
1092 4333 1176 4387 kievi
1198 4330 1387 4403 nagyi'ejede-

7 4409 9 4436 ¹
79 4423 259 4479 11111111.
793 4425 853 4478 lem
872 4423 920 4478 fia.

7 4519 8 4530 ¹
140 4521 153 4551 ¹
180 4512 323 4568 Salamou
359 4511 461 4585 kirtly
497 4513 546 4568 fia.
585 4510 684 4583 Kepos
848 4509 1062 4566 ι1111110111.

7 4589 8 4604 ‘
82 4601 237 4658 areuna
