3142 5214
221 375 287 440 628

221 573 377 656 dandam,
400 595 440 636 ac
463 575 506 636 iis
530 575 636 638 etiam
663 573 931 659 suffragatorem
954 572 1123 655 volumus,
1149 573 1209 655 qui
1232 571 1518 656 qualitercunque

221 690 256 746 et
289 703 491 766 quacunque
526 704 567 744 ex
600 683 733 746 ratione
766 687 864 745 extra
897 701 1042 766 regnum
1074 686 1330 762 occuparentur,
1367 679 1452 743 dum
1483 687 1518 742 et

221 788 358 874 quando
378 791 470 852 intra
494 791 689 871 terminum,
713 788 900 870 distantiae
923 786 990 851 loci
1013 789 1356 852 commensurandum
1384 809 1519 870 compe-

223 903 337 962 tenter
369 918 404 960 se
437 918 471 960 se
495 898 757 960 insinuaverint.
780 894 857 959 lllis
879 901 1004 977 autem,
1027 896 1088 978 qui
1111 897 1324 977 superiorum
1349 915 1519 959 annornm

222 1003 373 1068 motibus
397 1004 567 1088 implicati
591 1003 738 1087 fuerant,
761 1003 874 1068 adhuc
896 1002 1141 1086 superstitibus
1161 1000 1269 1083 (salvo
1289 1003 1382 1085 pacis
1402 999 1520 1064 Carlo-

222 1116 370 1178 vicensis
386 1113 532 1177 articulo
551 1110 615 1191 10.)
631 1113 781 1196 gratiam
797 1113 892 1175 vitae
906 1109 1093 1174 clementer
1108 1109 1351 1174 concedimus.²
1366 1109 1518 1173 Ratione

223 1241 341 1284 eorum
364 1227 489 1303 autem,
519 1221 580 1304 qui
603 1221 641 1282 in
664 1217 876 1283 Moldaviam
898 1225 934 1282 et
957 1215 1160 1282 Valachiam
1182 1238 1218 1281 se
1241 1238 1277 1282 se
1300 1219 1520 1300 recepissent,

226 1335 260 1391 et
276 1326 389 1392 adhuc
405 1327 447 1391 de
461 1326 553 1392 facto
569 1326 700 1391 ibidem
718 1332 981 1409 commorantur,
995 1347 1039 1390 ne
1055 1327 1082 1388 ii
1098 1327 1135 1389 in
1150 1325 1369 1411 Hungariam
1381 1325 1520 1408 magnis

223 1433 426 1518 sumptibus,
450 1441 485 1498 et
508 1433 676 1498 molestiis
704 1436 823 1498 venire
856 1439 1068 1519 cogerentur,
1102 1433 1250 1519 benigne
1285 1431 1521 1494 commisimus

224 1541 376 1627 generali
408 1545 446 1606 in
478 1541 718 1606 Transilvania
757 1542 1012 1606 commendanti
1050 1543 1169 1605 comiti
1201 1563 1221 1604 a
1254 1537 1450 1620 Steinville,
1482 1545 1522 1600 ut

224 1649 369 1732 eosdem,
392 1648 453 1713 ubi
476 1669 512 1712 se
531 1669 566 1712 se
585 1646 650 1711 snb
673 1649 882 1730 competenti
907 1649 1063 1730 termin0,
1087 1667 1200 1710 coram
1224 1646 1343 1710 eodem
1359 1643 1521 1731 generale

225 1758 488 1839 insinuaverint,
512 1757 601 1818 sicut
618 1757 655 1818 in
678 1755 869 1839 Hungaria,
893 1757 943 1818 ita
967 1756 1073 1818 etiam
1096 1753 1227 1817 ibidem
1249 1755 1400 1838 gratiam
1416 1754 1523 1832 vitae,

225 1869 259 1926 et
276 1863 515 1926 universorum
532 1860 698 1926 bonorum
714 1863 788 1944 ipso
804 1859 897 1924 facto
912 1859 1114 1925 obtenturos
1130 1863 1284 1943 recipiat.
1307 1860 1383 1924 Hac
1399 1859 1523 1922 addita

225 1968 464 2052 declaratione,
481 1969 573 2053 quod
589 1967 902 2033 intervenientibus
918 1989 961 2032 ne
978 1967 1048 2032 fors
1064 1967 1238 2052 aliquibus
1261 1967 1524 2052 impedimentis

225 2099 312 2160 (puae
336 2077 488 2141 reditum
511 2075 697 2140 eorundem
712 2077 750 2139 in
766 2078 913 2159 patriam
931 2083 1156 2158 morarentur,
1172 2078 1255 2158 ipsis
1272 2075 1314 2139 de
1330 2074 1524 2139 sufficienti

226 2187 331 2248 etiam
355 2184 522 2248 redeundi
546 2183 696 2247 remedio
713 2189 748 2247 et
764 2184 949 2247 securitate
974 2183 1163 2266 provideat.
1186 2182 1261 2260 Quo
1277 2185 1387 2268 magis
1403 2188 1524 2246 autem

225 2292 290 2356 hoc
305 2295 543 2356 conventionis
566 2312 650 2374 opus
674 2293 780 2354 etiam
795 2293 833 2354 in
848 2289 1098 2372 Transilvania,
1122 2290 1311 2354 secundum
1334 2288 1525 2374 benignam

226 2401 455 2463 intentionem
482 2404 644 2482 nostram,
668 2418 707 2461 eo
730 2397 850 2462 ordine
874 2403 909 2460 ct
931 2418 1060 2480 norma,
1088 2418 1155 2481 quo
1179 2399 1216 2460 in
1239 2396 1423 2482 Hungaria
1449 2415 1528 2478 pro-

227 2506 327 2570 cedat
352 2513 386 2571 et
410 2513 650 2589 componatur,
673 2503 872 2588 hujusmodi
895 2507 1133 2569 conventionis
1158 2511 1314 2568 actorum
1336 2503 1528 2588 originalia

228 2613 321 2677 dicto
345 2613 498 2698 generali
522 2616 640 2678 comiti
663 2636 683 2678 a
707 2612 899 2697 Steinville,
923 2634 983 2696 pro
1008 2613 1197 2677 directione
1218 2609 1292 2694 jam
1312 2614 1529 2694 transmissa,

227 2729 261 2784 et
285 2723 534 2785 communicata
567 2729 656 2785 sunt.
689 2721 888 2806 Dignitates
921 2729 1122 2805 magnatum
1154 2725 1189 2784 et
1220 2719 1389 2784 nobilium
1422 2721 1531 2804 regni

227 2829 436 2913 Hungariae,
461 2835 562 2912 prout
586 2835 620 2892 et
644 2827 914 2911 Transilvaniae,
942 2827 1067 2912 quibus
1091 2834 1171 2892 a'nte
1199 2826 1260 2891 hos
1293 2827 1376 2892 belli
1407 2833 1533 2890 motus

228 2935 440 3020 fruebantur,
454 2934 592 2999 hicnon
606 2933 947 3018 comprehendantur,
967 2957 1045 2999 cum
1060 2937 1152 2998 inter
1168 2933 1257 2998 bona
1272 2956 1343 2999 non
1358 2939 1429 2999 sint
1450 2957 1532 3000 cen-

227 3044 362 3126 sendae,
390 3064 459 3106 non
487 3049 602 3107 tamen
625 3042 670 3108 ob
692 3043 728 3107 id
753 3042 936 3126 praeclus0,
958 3043 1002 3106 ad
1026 3051 1209 3128 augustam
1231 3043 1346 3107 aulam
1368 3051 1531 3108 nostram

227 3152 487 3236 supplicationis
517 3173 664 3234 recursu,
688 3157 749 3215 aut
773 3153 957 3234 praescissa
981 3153 1074 3215 omni
1107 3161 1248 3217 eatenus
1271 3173 1348 3234 spe;
1376 3173 1532 3236 cumque

229 3261 266 3323 in
289 3261 547 3324 conservatione
567 3255 708 3341 jurium,
732 3265 767 3322 et
793 3261 1054 3323 manutentione
1088 3261 1301 3343 principatus
1326 3257 1533 3323 Transilva-

228 3371 306 3432 niae
340 3366 550 3450 libertatum,
583 3363 814 3450 cujuscunque
852 3368 1002 3430 nationis
1041 3367 1238 3450 incolarum,
1271 3389 1351 3453 erga
1391 3370 1530 3453 regiam

228 3476 447 3540 clementiam
479 3473 676 3537 nullatenus
708 3472 939 3537 dubita-ndum
967 3475 1022 3557 sit,
1046 3471 1199 3557 ejusdem
1223 3474 1413 3538 secundum
1438 3477 1530 3538 anti·

228 3604 312 3667 quas
351 3584 450 3666 regni
489 3581 761 3664 consvetudineS,
799 3580 901 3665 leges,
940 3584 1271 3667 constitutionesque
1308 3579 1531 3664 approbatae,

229 3689 480 3753 ordinationem
500 3695 534 3751 et
551 3690 837 3752 restaurationem
853 3687 1001 3774 benigne
1024 3691 1313 3772 appromittimus.
1338 3687 1524 3774 Jazygum,

229 3797 469 3878 Cumanorum,
485 3793 766 3878 Hajdonicalium
781 3797 866 3859 item
889 3796 1093 3878 oppidorum
1117 3795 1309 3880 privilegia,
1333 3796 1526 3859 secundum

230 3903 506 3968 conformitatem
530 3903 646 3988 legum
668 3903 793 3987 Regni,
817 3904 854 3966 in
878 3901 995 3966 futura
1012 3905 1111 3988 regni
1127 3903 1242 3966 diaeta
1259 3901 1525 3966 considerabun-

229 4019 288 4074 tur
311 4019 345 4075 et
371 4010 622 4093 tractabuntur,
646 4031 686 4072 ac
709 4008 1039 4074 determinabuntur.

339 4119 443 4184 Serto
468 4115 697 4200 Amnystialis
725 4113 828 4199 hujus
861 4118 993 4201 gratiae
1027 4112 1270 4200 cujuscumque
1303 4117 1406 4179 sortis
1436 4115 1528 4180 bello

340 4311 395 4362 8A
416 4311 457 4363 10.
477 4309 563 4362 czikk
586 4308 703 4362 azokrdl
725 4307 793 4374 svol,
822 4325 839 4360 a
867 4307 920 4360 kik
948 4325 966 4360 a
995 4307 1203 4378 Thessaly-sole
1230 4306 1419 4379 morgalmak
1447 4307 1528 4360 alatt

231 4399 468 4468 Torokorsztgba
478 4398 644 4468 bujdostak.
654 4397 754 4450 Roluk
765 4414 797 4450 ez
808 4414 825 4449 a
836 4397 921 4450 czikk
931 4397 993 4468 rigy
1004 4396 1184 4466 intezkedik,
1198 4397 1279 4468 hogy
1289 4396 1372 4450 tbvol
1381 4395 1527 4467 lekjanak

231 4507 248 4542 a
267 4489 399 4542 hatartol
418 4505 432 4540 s
452 4488 536 4541 torol<
556 4486 723 4540 alattvaldk
745 4486 949 4556 maradjanak,
978 4487 1017 4540 ha
1045 4485 1259 4556 visszate'rnelr,
1281 4504 1299 4540 a
1322 4485 1439 4541 cstsztr
1456 4501 1527 4538 nem

231 4579 268 4632 td
287 4579 379 4632 nekik
398 4576 583 4645 menedeket,
603 4577 693 4648 »quin
706 4577 798 4629 immo
811 4575 987 4647 deprehensi
1001 4577 1190 4631 ottomanicis
1205 4576 1400 4630 confiniorum
1420 4574 1530 4646 guber-

231 4668 386 4722 natoribus
406 4666 627 4720 extradantun«
811 4677 813 4681 ’
