3124 5216
1278 371 1344 436 737

49 572 195 627 eatenus
211 585 341 628 annuas
357 564 532 646 Rationes,
549 565 585 628 in
601 563 739 628 uberius
756 565 823 629 Rei
839 566 1038 648 Literariae,
1054 587 1094 629 ac
1110 565 1349 650 Scientiaru-m,

49 672 355 756 Educationisque,
378 679 414 735 et
437 672 674 736 Institutionis
698 673 836 736 Patriae
860 673 1058 739 Iuventutis
1078 673 1348 742 emolumentum

50 781 151 842 iuxta
175 777 392 862 suprafatum
416 777 574 863 Systema
598 781 818 862 Literarium,
842 803 882 844 ao
906 781 1080 867 Benignas
1104 781 1346 848 Resolutiones

49 897 187 952 nostras
211 889 366 951 converti
399 895 433 950 et
468 889 621 970 impendi
653 889 786 953 debeat.
818 888 974 972 Demum,
1007 897 1047 954 ut
1079 890 1150 954 Nos
1183 892 1277 974 ipsae
1304 894 1348 958 ad

49 997 206 1082 ingentis
224 995 314 1059 Boni
332 1016 427 1078 spem
447 993 536 1059 hano
555 999 708 1060 omnium
727 995 957 1060 Scientiarum
980 997 1255 1063 Universitatem
1271 1022 1349 1064 cum

49 1126 112 1167 sua
148 1103 378 1187 praededucta
410 1101 509 1186 Doto,
542 1103 700 1168 omnibus
734 1107 819 1168 item
858 1103 1082 1188 Officialibus,
1115 1111 1150 1170 et
1184 1105 1349 1171 Membris

49 1211 222 1298 singulari
245 1232 378 1294 semper
402 1217 542 1294 paratae
565 1233 682 1275 sumus
707 1214 798 1276 tueri
821 1212 1027 1296 Patrocini0,
1061 1233 1192 1277 commo
1215 1213 1219 1292 Ι
1239 1213 1349 1299 daque

49 1323 124 1384 eius
164 1319 254 1382 datis
289 1318 523 1384 occasionibus
557 1341 765 1404 promovere,
798 1323 847 1384 ita
880 1318 1148 1404 Successoribus,
1181 1322 1349 1387 Haeredi-

50 1411 202 1512 busque
223 1429 358 1508 nostris,
397 1427 597 1512 Hungariae
636 1426 793 1512 Regibus
832 1425 1050 1512 Apostolicis,
1089 1449 1128 1492 ac
1166 1427 1347 1494 Fidelibus

48 1535 191 1598 Nostris
214 1533 372 1598 Dominis
397 1535 512 1618 Regni
540 1534 750 1620 Hungariae,
779 1535 1110 1620 Provinciarumque
1137 1536 1349 1600 adnexarum

48 1641 223 1726 Statibus,
248 1641 445 1724 Ordinibus
469 1649 504 1705 et
527 1644 697 1706 universis
721 1643 931 1728 RegnicoliS,
955 1650 1028 1708 tam
1044 1646 1081 1707 in
1097 1643 1348 1728 Ecclesiastico,

47 1772 156 1834 quam
180 1751 217 1813 in
240 1749 414 1814 Saeculari
442 1749 632 1835 Dignitate,
665 1750 765 1833 Loco,
798 1750 918 1814 Gradu
951 1754 1159 1833 constitutis
1193 1751 1349 1816 Eandem

48 1881 131 1920 cum
156 1856 314 1921 omnibus
331 1856 434 1920 dictis
454 1855 634 1934 Clausulis,
652 1857 792 1941 Gratiis,
810 1864 845 1921 et
861 1857 1060 1942 Privilegiis
1085 1857 1348 1941 defendendam,

48 1964 329 2048 promovendam,
346 1963 578 2047 pluribusque,
594 1963 655 2028 ubi
671 1964 715 2028 ad
731 1965 798 2029 Rei
815 1965 1005 2028 Literariae
1022 1963 1126 2028 finem
1143 1986 1349 2050 consequen-

48 2074 136 2136 dum
160 2092 338 2134 necessum
369 2070 485 2153 fuerit,
517 2071 710 2135 Favoribus
734 2095 773 2136 ac
797 2072 997 2157 Privilegiis
1029 2073 1262 2136 exornandam
1293 2076 1348 2157 pio

48 2179 182 2242 affectu
206 2180 347 2262 parique
374 2176 494 2242 Cordis
527 2200 629 2242 sensu
661 2181 760 2242 enixe
794 2180 1088 2261 commendamus3
1122 2187 1226 2264 atque
1260 2179 1348 2246 hanc

48 2289 238 2371 praemisso
262 2286 363 2350 modo
388 2285 516 2350 factam
539 2287 733 2373 Benignam
756 2295 909 2352 nostram
932 2289 1212 2372 acceptationem,
1229 2310 1348 2372 appro-

48 2395 236 2477 bationem,
269 2393 543 2477 ratificationem,
576 2394 888 2479 Confirmationem,
922 2393 1119 2478 Decretum,
1153 2401 1188 2458 et
1219 2395 1348 2461 Volun-

46 2509 162 2565 tatem
203 2524 264 2584 per
295 2500 476 2586 quoslibet,
508 2523 654 2586 quorum
686 2503 851 2568 videlicet
883 2506 1074 2585 interesset,
1108 2509 1184 2566 rata
1217 2502 1347 2586 haberi,

47 2608 295 2694 observarique
329 2608 455 2692 deberi,
488 2631 599 2694 neque
632 2613 776 2694 uspiam,
805 2611 943 2696 ulloque
976 2610 1077 2674 modo
1110 2610 1209 2692 laedi,
1238 2613 1348 2696 iisque

47 2719 285 2782 contraveniri
308 2717 476 2801 volumus,
492 2725 527 2782 et
544 2721 794 2782 constituimus
811 2719 860 2785 Ut
877 2727 993 2783 autem
1017 2718 1230 2782 Clementiae
1246 2718 1347 2782 huius

47 2833 189 2888 nostrae
213 2825 354 2909 Regiae,
378 2831 482 2908 atque
506 2825 782 2908 Benevolentiae,
798 2847 865 2910 qua
882 2848 963 2911 erga
981 2824 1181 2908 percharam
1200 2824 1348 2902 Gentem

47 2941 206 2996 nostram
249 2932 454 3016 Hungaram
498 2930 651 3014 ferimur,
694 2941 899 3015 perpetuum
942 2934 988 2995 sit
1029 2933 1088 2996 Mo
1111 2931 1115 3010 l
1135 2939 1348 3014 numentum,

48 3037 213 3122 Diploma
251 3038 316 3102 hoc
355 3045 511 3101 nostrum
549 3038 700 3123 Regium
733 3041 769 3101 in
802 3037 933 3122 duplici
966 3038 1154 3123 exemplari
1194 3039 1348 3122 expediri

49 3145 206 3228 fecimus
240 3165 386 3229 quorum
418 3165 526 3207 unum
558 3147 595 3207 in
627 3143 764 3227 publico
797 3142 951 3208 Archivo
983 3147 1107 3230 Regni,
1140 3144 1287 3208 alterum
1311 3145 1348 3206 in

48 3254 206 3319 Archivo
223 3253 473 3318 Universitatis
483 3259 685 3334 reponatur:
702 3251 941 3316 authenticum
952 3253 1222 3336 Transumptum
1232 3258 1348 3314 autem

49 3368 88 3428 in
108 3361 262 3426 Archivo
279 3362 450 3447 generalis
465 3361 582 3426 Fundi
598 3360 810 3444 Studiorum,
824 3369 859 3424 et
875 3365 1067 3444 respective
1088 3361 1346 3424 Commissionis

48 3471 263 3554 Studiorum,
298 3492 357 3554 pro
391 3478 530 3534 aeterna
562 3471 629 3534 Rei
661 3472 826 3534 memoria
859 3475 1112 3533 conserventur.
1136 3467 1179 3532 In
1202 3488 1348 3551 quorum

48 3576 163 3662 majus
196 3577 308 3661 robur,
343 3585 610 3662 perpetuamque
650 3576 851 3641 firmitatem
891 3577 1051 3660 Diploma
1089 3575 1153 3640 hoc
1192 3583 1348 3638 nostrum

48 3690 213 3774 Regium,
246 3695 281 3752 et
313 3690 503 3771 respective
543 3688 678 3751 Literas
717 3687 971 3769 DonationalcS,
1010 3693 1044 3749 et
1076 3683 1347 3749 Fundationales

48 3797 177 3862 Manus
195 3801 331 3859 nostrae
356 3794 666 3879 Caesareo-Regiae
691 3793 959 3879 Subscriptione,
984 3793 1182 3876 Secretique
1206 3792 1347 3855 Maioris

49 3903 170 3990 Sigilli
194 3904 304 3966 nostri
327 3902 440 3988 Regii,
465 3925 532 3987 quo
548 3909 588 3966 ut
603 3901 739 3988 Regina
764 3903 966 3987 Hungariae
989 3900 1189 3985 Apostolioa
1207 3902 1347 3983 utimur,

49 4013 243 4077 munimine
266 4007 442 4072 roboratas
471 4010 710 4092 extradandaS,
735 4017 769 4073 et
794 4009 980 4074 clementer
1012 4008 1245 4072 concedendas
1275 4028 1347 4071 esse

49 4119 224 4182 duximus.
248 4115 378 4180 Datum
404 4139 463 4199 per
486 4138 606 4181 manus
631 4116 762 4180 Fidelis
787 4119 897 4180 nostri
929 4114 1037 4180 Nobis
1071 4116 1202 4178 sincere
1227 4112 1346 4176 dilecti

50 4224 260 4309 Spectabilis
277 4247 316 4288 ac
332 4224 509 4310 Magnifici
526 4226 671 4289 Comitis
688 4225 866 4288 Francisci
882 4222 1094 4308 Eszterhday
1105 4223 1147 4286 de
1164 4220 1346 4304 Galantha,

50 4334 217 4415 Perpetui
250 4331 395 4395 Comitis
427 4335 464 4394 in
498 4332 645 4414 Fralnm,
684 4331 793 4395 Aurei
832 4331 987 4412 VelleriS,
1020 4353 1060 4394 ac
1093 4352 1162 4394 una
1194 4329 1347 4414 Insignis

51 4440 193 4504 Ordinis
217 4438 336 4503 Sancti
360 4438 526 4522 Stephani
550 4441 658 4524 Regis
681 4437 873 4523 Apostolici
897 4439 1044 4524 Magnae
1062 4438 1181 4502 Crucis
1198 4438 1347 4520 Equitis,

50 4547 248 4612 Comitatus
286 4547 528 4610 Mossoniensis
562 4545 721 4630 Supremi
761 4545 914 4630 Comitis,
948 4546 996 4609 Ca
1019 4545 1022 4626 l
1043 4546 1190 4628 merarii,
1228 4545 1346 4608 Consi-

52 4654 212 4738 liariique
236 4657 346 4718 nostri
369 4651 527 4718 Actualis
551 4654 681 4736 Intimi,
707 4653 830 4718 Curiae
855 4657 939 4718 item
962 4661 1098 4718 nostrae
1133 4653 1262 4737 Regiae
1287 4670 1347 4734 per

106 4792 235 4837 Marczali:
252 4793 272 4836 Δ
288 4804 388 4846 magyar
402 4793 514 4838 ttrtenet
528 4792 616 4837 liutici.
1204 4784 1236 4830 47
