3160 5212
142 561 251 617 tatem
263 555 484 618 3aratrorum
499 554 624 639 regalis
639 576 817 618 mensurae
834 558 992 637 existens⁷
1006 557 1111 639 quod-

142 661 227 725 libet
251 669 404 725 aratrum
435 661 513 726 ad..
1157 685 1198 726 m.
1280 665 1322 728 10

76 769 176 834 Ultra
200 791 282 833 vero
306 771 326 832 3
345 778 459 834 aratra
482 767 641 852 adjacens
665 793 733 833 non
756 773 966 846 aestimatur,
991 771 1049 834 sed
1068 772 1112 833 ad

142 880 216 960 ipsa
240 876 451 940 solummodo
468 879 536 940 tria
552 883 666 940 aratra
689 878 867 940 reducitur
889 878 1110 941 aestimanda.

76 984 166 1048 Item
190 984 276 1047 silva
300 987 417 1064 maior,
450 991 533 1067 puta
567 983 744 1048 dolabrosa
768 991 803 1046 et
825 981 1028 1067 glandifera,
1053 1007 1112 1048 seu

142 1090 206 1155 sub
230 1091 370 1156 dolabro
386 1098 421 1155 et
437 1095 619 1156 venatione
643 1093 801 1172 existens,
825 1113 864 1153 ac
881 1112 941 1176 pro
957 1091 1111 1175 quolibet

142 1221 243 1282 opere
267 1208 300 1262 et
321 1197 468 1263 artificio
491 1199 618 1278 valens,
643 1201 679 1262 in
703 1201 813 1280 spatio
836 1198 893 1262 val
916 1201 1111 1282 quantitate

143 1311 250 1372 trium
266 1315 458 1372 aratrorum
474 1306 599 1390 regalis
616 1328 793 1370 mensurae
810 1303 985 1388 adjacens;
1005 1307 1110 1391 quod-

142 1414 226 1478 libet
252 1422 405 1478 aratrum
428 1417 630 1478 aestimatur
654 1413 696 1477 ad
1158 1437 1199 1478 m.
1280 1415 1322 1478 50

119 1677 123 1684 ·
184 1655 221 1720 Si
252 1677 334 1720 vero
367 1663 553 1739 proventus
592 1657 665 1718 eius
702 1655 859 1718 annualis
892 1655 977 1718 bene
1018 1663 1129 1737 potest
1168 1661 1367 1738 computari,

73 1767 101 1827 si
126 1763 235 1827 fuerit
269 1762 480 1848 glandinosa,
514 1773 595 1826 tunc
620 1783 680 1845 pro
704 1763 815 1826 decies
840 1769 937 1826 tanto
960 1765 1171 1838 aestimatur,
1200 1771 1367 1846 quantum

73 1871 160 1934 facit
185 1878 370 1953 proventus
404 1892 484 1934 suus
516 1869 681 1934 annualis.
715 1869 817 1935 Ultra
849 1891 931 1932 vero
964 1872 1037 1953 ipsa
1070 1873 1137 1933 tria
1162 1878 1275 1934 aratra
1300 1893 1368 1933 non

72 1982 285 2043 aestimatur.

183 2111 273 2174 Item
297 2115 326 2174 si
350 2117 440 2174 terra
464 2109 604 2173 arabilis
627 2132 696 2173 non
720 2110 876 2174 extendit
900 2133 934 2173 se
951 2110 994 2173 ad
1012 2132 1118 2174 unum
1137 2110 1192 2172 vel
1217 2109 1367 2173 medium

73 2226 229 2283 aratrum
252 2217 375 2301 regale,
399 2219 449 2280 ita
467 2217 631 2281 videlicet
647 2224 686 2281 ut
704 2215 879 2281 siluerint
903 2219 999 2281 5-6.
1020 2217 1075 2281 vel
1095 2220 1144 2281 10.
1161 2226 1223 2280 etc.
1236 2214 1367 2302 jugera,

73 2334 156 2390 tune
182 2326 354 2408 (opinione
380 2323 636 2403 nonnullorum)
669 2323 848 2410 quodlibet
868 2322 1030 2409 jugerum
1062 2323 1302 2388 aestimabitur
1324 2325 1366 2387 ad

72 2436 232 2499 denarios
248 2433 300 2497 40.
320 2433 367 2496 Et
383 2432 425 2496 de
442 2432 529 2496 silva
546 2454 680 2516 quoque
701 2435 916 2515 permissoria
933 2441 967 2496 et
985 2455 1120 2497 nemore
1140 2433 1231 2497 idem
1248 2433 1366 2496 dicunt

73 2565 145 2604 esse
170 2540 367 2604 tenendum.

183 2677 428 2739 Verumtamen
441 2675 524 2738 haec
537 2675 700 2738 limitatio
712 2695 771 2756 pro
785 2677 957 2738 communi
970 2676 1207 2737 aestimatione
1220 2679 1368 2754 accepta.

72 2791 232 2868 respectu
256 2781 497 2865 praecedentia,
522 2783 612 2844 iusta
629 2789 664 2843 et
680 2789 773 2844 recta
789 2804 860 2844 esse
884 2802 954 2844 non
976 2781 1123 2861 videtur,
1148 2781 1206 2844 sed
1230 2782 1367 2844 omnino

71 2889 268 2974 abjicienda
300 2896 464 2952 censetur.
497 2889 586 2952 Nam
610 2892 638 2952 si
662 2897 798 2970 terram,
832 2889 889 2952 vel
922 2888 1045 2952 silvam
1078 2910 1292 2952 communem
1324 2887 1366 2950 ad

72 3021 182 3063 unum
215 3005 369 3061 aratrum
402 2996 514 3080 regale
548 2995 786 3078 sufficientem,
819 2997 861 3060 ad
896 2997 1072 3060 3Marcas
1105 2996 1309 3074 aestimabis⁷
1334 3003 1368 3058 et

72 3115 229 3170 aratrum
252 3107 365 3187 ipsum
388 3103 431 3165 ad
456 3109 594 3166 centum
626 3126 665 3166 ac
689 3106 940 3187 quinquaginta
969 3099 1092 3187 jugera
1126 3101 1250 3187 regalis
1276 3124 1368 3164 men-

6 3215 7 3218 ’
77 3234 178 3275 surae
212 3208 449 3294 sequestrabis,
482 3217 565 3272 tunc
596 3212 625 3272 si
648 3209 733 3273 bene
766 3207 988 3291 computabis,
1021 3229 1089 3271 non
1122 3208 1234 3291 plures
1266 3228 1369 3290 quam

6 3381 7 3394 ξ
72 3318 257 3382 duodecim
280 3316 355 3380 deu.
378 3316 421 3379 ad
446 3315 624 3400 quodlibet
644 3313 806 3400 jugerum
830 3323 939 3378 terrae
965 3315 1096 3395 cedent,
1121 3322 1154 3378 et
1178 3315 1207 3378 4.
1232 3323 1368 3378 tantum

6 3449 8 3492 t
68 3424 195 3511 jugera
235 3427 452 3488 inaestimata
491 3423 688 3505 manebunt,
727 3445 813 3508 quae
845 3423 889 3486 ad
923 3425 966 3486 bO
998 3422 1072 3486 den.
1105 3445 1139 3486 se
1173 3423 1368 3485 extendent.

6 3511 7 3566 l
71 3534 334 3617 Quinquaginta
358 3539 474 3595 autem
498 3531 572 3596 den.
597 3531 640 3594 ad
666 3533 731 3594 1ὔο
750 3530 866 3594 obolos
885 3552 944 3594 seu
963 3530 1170 3615 quadrantes
1194 3529 1368 3593 commode

6 3637 8 3716 i
71 3641 188 3705 dividi
207 3662 276 3704 non
291 3648 441 3724 possunt,
461 3641 536 3704 ideo
553 3649 701 3725 ‹piatuor
719 3639 778 3703 illa
791 3637 922 3725 jugera,
942 3639 1211 3703 consideratione
1231 3641 1368 3702 maioris

6 3727 8 3796 i
72 3751 193 3834 partia,
218 3753 257 3810 ut
281 3749 498 3811 inaestimata
521 3754 690 3830 maneant,
719 3770 852 3810 necesse
877 3756 936 3811 est.

184 3882 227 3946 In
252 3884 494 3964 supputatione
527 3881 700 3976 siquidem·
729 3880 836 3945 silvae
870 3885 1113 3964 permissom'ae⁷
1142 3881 1197 3944 vel
1222 3884 1368 3944 nemoris

74 4013 136 4075 pro
171 3993 344 4054 communi
377 4011 476 4072 opere-
504 3989 661 4070 valentiS‚
693 3990 735 4052 ad
760 4011 867 4052 unum
891 3997 1044 4052 aratrum
1076 4012 1110 4052 se
1144 3987 1368 4054 extendentis.

72 4097 167 4182 quod
192 4095 235 4160 ad
260 4119 302 4160 m.
329 4098 371 4160 10
394 4099 604 4177 aestimatur,
636 4095 815 4179 quodlibet
844 4093 1006 4180 jugerum
1039 4095 1081 4159 ad
1116 4096 1190 4160 den.
1224 4096 1267 4158 ⁴26
1292 4117 1369 4159 cum

72 4205 178 4269 obulo
210 4208 322 4268 taxari
346 4204 402 4268 vel
426 4207 600 4268 aestimari
632 4203 780 4276 debebit,
805 4213 838 4266 et
864 4225 923 4286 pro
947 4202 1116 4286 superfluo
1140 4225 1199 4266 seu
1228 4203 1369 4267 residui-

72 4322 157 4392 tate,
192 4309 258 4374 den
291 4311 342 4373 Ξῖ).
375 4310 526 4376 habebit.
560 4311 596 4375 Si
628 4332 710 4374 vero
742 4309 844 4373 aliter
867 4311 909 4373 ad
943 4333 1073 4373 marcas
1107 4333 1274 4374 summam
1299 4314 1368 4394 ipse

73 4417 232 4481 dividere
256 4416 423 4498 volueris;
452 4424 534 4480 tuno
558 4415 737 4501 quodlibet
756 4415 918 4500 jugerum
942 4417 985 4480 ad
1010 4417 1084 4480 den.
1110 4418 1151 4481 ⁶2?
1176 4418 1369 4482 aestimabi-

73 4536 143 4606 tur,
168 4531 203 4586 et
229 4523 304 4586 den.
326 4524 354 4587 7.
371 4524 597 4606 superaddere
622 4523 770 4588 debebis
795 4525 846 4588 De
871 4533 1089 4607 praenarrata
1113 4545 1245 4608 quoque
1270 4533 1370 4609 terra,

74 4633 169 4696 idem
194 4633 237 4703 (si
260 4631 423 4712 volueris)
456 4655 532 4696 cum
557 4633 815 4715 snpradditione
849 4634 959 4697 fircera
993 4633 1132 4697 valebis.
