3142 5214
1253 382 1317 444 611

27 579 250 645 subeundum.
275 581 322 644 Et
345 581 429 664 quid
454 600 552 662 porro
575 581 619 644 ad
644 578 930 663 comprobandam
953 578 1039 642 facti
1055 579 1319 642 indemnitatem

28 686 253 768 manifestius
277 709 380 770 quam
413 689 632 770 concaptivos
667 689 740 769 pari
772 686 944 751 delatione
976 685 1157 768 complices
1190 685 1319 751 nullius

26 797 180 858 criminis
204 816 278 858 reos
301 795 506 878 adinveniri,
529 793 664 858 absolvi
687 801 722 858 et
745 794 878 857 dimitti
906 791 1059 858 liberos?

134 902 206 965 Nec
230 904 322 964 enim
345 923 418 964 rem
433 904 524 965 tanti
540 922 651 982 ausus,
675 901 944 984 excitandaeque
957 903 995 964 in
1010 901 1132 986 Regno
1149 899 1319 984 factionis

26 1032 130 1074 unam
153 1009 363 1093 eandemque
388 1009 599 1094 singularem
623 1029 801 1091 personam
824 1014 973 1072 tractare
997 1010 1149 1092 quivisse
1174 1009 1319 1092 pruden-

27 1119 94 1180 tiae
119 1117 268 1180 dictarat
291 1118 390 1180 ratic.
415 1117 543 1182 Exulat
559 1117 706 1200 justitia,
730 1117 786 1181 eibi
806 1123 1066 1198 praeconceptae
1089 1116 1197 1182 animi
1220 1117 1319 1181 dorni-

26 1227 132 1288 nutur·
170 1223 278 1304 furor.
316 1223 444 1286 Lusere
483 1223 614 1287 diutius
654 1226 812 1306 expansis
849 1223 1049 1287 ambitionis
1082 1223 1168 1286 velis
1206 1223 1319 1306 ampla

25 1331 204 1394 Austriaci
227 1332 406 1415 regiminis
430 1333 579 1416 navigia,
613 1331 720 1394 donec
744 1329 978 1394 luxuriantem
1010 1333 1047 1395 in
1070 1331 1169 1394 malis
1192 1335 1319 1395 nostris

25 1435 97 1518 ejus
115 1459 254 1502 cursum
265 1435 361 1521 justa
378 1437 517 1501 divinae
532 1439 709 1502 vindictae
726 1436 930 1522 Charybdis,
947 1437 1112 1502 fatalibus
1128 1441 1319 1521 reciprocae

24 1545 234 1608 calamitatis
257 1543 429 1628 fluctibus,
453 1545 584 1610 obruat.
609 1546 687 1609 Non
712 1545 789 1609 vult
814 1545 933 1608 divina
958 1545 1139 1609 clementia
1163 1545 1320 1609 ulteriori

25 1651 174 1716 liberum
206 1652 271 1717 hoc
302 1652 464 1737 Regnum
502 1651 763 1717 Austriacorum
801 1655 925 1735 exponi
965 1653 1198 1736 praedocinio;
1237 1654 1320 1717 dum

24 1759 214 1842 exemplari
238 1759 280 1823 ad
305 1781 415 1823 seram
435 1763 672 1842 posteritatem
696 1759 921 1845 benignitate,
937 1783 957 1824 a
974 1760 1221 1844 praemeditata
1238 1782 1318 1824 nece

24 1865 161 1948 liberos
181 1863 320 1950 jamque
345 1865 532 1930 christiano
549 1875 760 1931 caeterorum
783 1868 984 1950 Principum
1002 1866 1121 1932 favore
1135 1868 1179 1931 ad
1197 1870 1319 1932 intima

23 1973 141 2058 Regni
167 1981 394 2057 penetrantes,
414 1971 588 2058 justorum
611 1995 671 2038 nos
695 1975 817 2039 ducem
840 1997 1013 2040 armorum
1032 1997 1102 2040 esse
1119 1975 1240 2040 voluit.
1264 1976 1319 2039 Ita

24 2103 42 2144 a
68 2091 195 2145 natura
222 2090 456 2164 comparatum
479 2089 540 2164 est,
565 2091 604 2146 ut
628 2085 770 2168 ingenui
803 2083 1048 2168 Hungarorum
1071 2085 1178 2147 animi
1202 2090 1320 2146 contu-

23 2189 165 2252 meliam
190 2187 279 2252 ferre
303 2197 491 2272 nequeant:
524 2191 667 2274 natique
700 2192 737 2253 in
769 2186 930 2254 libertate
954 2189 1056 2254 liberi
1079 2190 1194 2275 Regni
1218 2192 1319 2274 civeS,

22 2295 188 2359 servilem
204 2294 319 2359 subire
335 2302 471 2379 sortem,
487 2297 572 2360 dura
596 2319 678 2360 nece
702 2297 821 2361 durius
845 2304 1013 2362 censeant.
1038 2297 1185 2360 Pateant
1203 2300 1319 2381 itaque

22 2402 111 2466 Orbi
122 2402 321 2466 Christiano
334 2400 526 2486 justissima
541 2408 656 2490 gentis
666 2405 853 2491 Hungarae
869 2428 971 2488 arma,
988 2427 1027 2468 ac
1043 2405 1126 2468 dum
1139 2407 1320 2468 exitiosam

22 2513 142 2574 avitae
167 2509 323 2574 libertati
345 2519 481 2576 nostrae
505 2513 727 2577 insidiantem
759 2513 898 2577 domum
921 2513 1149 2597 Austriacam,
1181 2536 1224 2577 ex
1248 2536 1321 2596 pre-

23 2619 140 2681 missis
164 2639 272 2702 aequo
291 2616 424 2702 judicio
449 2621 623 2704 ponderat,
648 2618 766 2684 favore
798 2627 834 2683 et
865 2619 995 2684 auxilio
1018 2623 1125 2705 genti,
1157 2618 1319 2686 libertate

22 2747 85 2789 sua
110 2733 247 2809 praeter
270 2724 323 2790 fas
347 2733 382 2789 et
405 2747 552 2811 aequum
576 2725 766 2809 mutilatae,
799 2729 1053 2809 patrocinanter
1085 2727 1201 2791 adesse
1226 2728 1321 2792 cordi

23 2831 93 2895 sibi
109 2841 233 2898 sumat.
249 2833 319 2898 Nos
336 2835 412 2914 (nee
428 2835 520 2898 enim
536 2837 639 2898 toties
655 2833 853 2916 Diplomata
868 2856 930 2898 sua
945 2833 1157 2898 violantibus
1172 2833 1320 2918 amplius

23 2938 132 3002 fidere
166 2941 333 3023 superest)
366 2942 410 3004 ad
434 2940 666 3006 eliberandam
699 2941 741 3005 de
770 2938 856 3026 jugo
879 2939 1062 3005 Austriaco
1087 2940 1320 3005 dulcissimam

25 3049 186 3130 patriam,
206 3048 305 3131 (quae
330 3069 445 3111 omnes
469 3051 622 3112 omnium
642 3048 828 3112 charitates
845 3070 912 3112 una
931 3048 1184 3130 complectitur)
1201 3051 1320 3128 vitam,

24 3152 262 3238 fortunasque,
294 3177 334 3218 ac
366 3155 525 3219 ultimam
549 3159 726 3241 sanguinis
758 3161 896 3241 guttam
925 3162 1045 3238 sponte
1069 3175 1320 3234 consecramus;

24 3261 226 3347 nullamque
243 3263 443 3327 dominandi
458 3265 605 3345 sumptis
616 3261 670 3326 his
686 3265 789 3327 armis
806 3265 916 3326 inesse
932 3261 1165 3344 ambitionem,
1178 3261 1320 3343 lucrum,

24 3372 245 3451 privatamve
269 3369 424 3456 gloriam,
448 3390 562 3434 coram
585 3368 666 3452 Dee,
689 3367 843 3455 Angelis,
867 3369 1012 3452 Sanctis,
1045 3391 1084 3432 ac
1108 3367 1198 3434 Orbe
1222 3367 1321 3432 Chri-

24 3480 141 3540 stiano
174 3498 255 3540 sana
288 3479 496 3540 conscientia
523 3475 659 3560 publice
683 3475 952 3544 manifestamus
984 3475 1155 3540 Militabit
1179 3475 1260 3557 (fixa
1284 3478 1321 3538 in

23 3583 141 3648 Deum
160 3584 320 3664 anchora)
346 3606 405 3668 pro
429 3584 528 3650 nobis
544 3585 680 3666 aether;
705 3607 744 3648 ae
768 3605 836 3648 non
852 3588 1033 3670 imputatis
1049 3583 1199 3650 afflictae
1222 3587 1321 3670 genti

24 3690 266 3757 communibus
290 3692 435 3775 delictis,
459 3693 542 3756 dum
565 3690 791 3755 fluctuantem
814 3693 850 3754 in
873 3699 926 3758 tot
950 3692 1049 3757 malis
1070 3691 1184 3777 justae
1200 3712 1320 3755 causae

23 3799 189 3885 cymbam
211 3799 324 3883 amplo
348 3802 544 3885 sequiorum
567 3820 808 3885 progressuum
840 3821 965 3864 oceano
988 3803 1245 3882 committimus,
1277 3799 1320 3862 ad

24 3916 146 3972 tutum
185 3909 350 3990 pristinae
390 3905 579 3989 felicitatis,
621 3907 779 3970 secundis
816 3907 1045 3970 auxiliatricis
1084 3906 1320 3990 providentiae

23 4015 188 4096 favoniis
208 4014 371 4096 perducet
388 4021 534 4098 portum,
558 4015 880 4099 triumphatxuaque
892 4012 965 4098 jam
982 4015 1121 4078 tandem
1138 4020 1321 4097 perpetuae

22 4121 192 4186 malaciae
216 4121 395 4186 coronabit
418 4121 567 4186 classice.

137 4229 267 4294 Datum
282 4253 325 4294 ex
342 4228 473 4293 Castris
490 4231 616 4292 nostris
632 4230 669 4290 in
686 4227 846 4292 Dominio
858 4228 1113 4293 Munkacsiensi
1125 4231 1254 4312 positia,
1265 4228 1320 4292 die

21 4339 175 4421 septima
185 4340 311 4402 mensis
323 4337 346 4402 J
348 4339 431 4420 unii,
442 4357 530 4401 anno
541 4336 681 4400 Domini
692 4335 874 4399 millesimo
885 4338 1190 4422 septingentesimo
1207 4339 1321 4400 tertie.

570 4570 783 4577 *—-—-—-—
