3124 5216
214 326 278 392 742

213 541 273 604 pro
297 519 614 604 Trans-Tybiscano
646 519 965 603 Magno-Varadini,
998 519 1144 602 denique
1169 539 1229 602 pro
1260 517 1394 600 Regnis
1428 514 1514 578 Dal·

212 629 346 710 matiae,
385 628 544 692 Oroatiae
583 635 617 691 et
656 626 848 706 Slavoniae,
886 629 924 690 in
961 625 1087 691 Libera
1125 626 1304 710 Regis-que
1352 623 1513 689 Ciuitate

212 735 442 818 Zagrabiensi,
466 737 503 798 in
525 733 651 820 quibus
667 741 801 818 praeter
825 733 965 798 Scholas
988 733 1197 816 Nationales,
1221 755 1282 798 seu
1297 731 1513 809 vernaculas

212 842 463 906 Grammaticos
486 844 570 906 item
593 849 629 905 et
644 841 883 924 Humaniores,
907 842 1030 907 Studia
1054 845 1159 908 etiam
1177 841 1302 906 altiora
1325 841 1369 904 ad
1385 836 1513 903 Facul-

213 957 320 1014 tatem
353 948 630 1032 Philosophicam
662 955 697 1012 et
721 948 915 1014 Juridicam
934 945 1036 1031 juxta
1072 951 1320 1033 praescriptum
1344 969 1405 1030 ρετ
1438 946 1514 1010 Nos

213 1056 359 1140 benigne
383 1054 564 1138 adprobati
588 1054 793 1139 systematis
817 1056 980 1120 Literarii
1004 1059 1222 1139 pertinentes,
1247 1057 1283 1119 in
1307 1054 1514 1121 Jaurinensi

213 1186 294 1229 vero
319 1163 673 1249 Magno-Varadiensi,
697 1171 732 1227 et
755 1163 988 1247 Zagrabiensi,
1012 1164 1127 1227 studia
1141 1185 1276 1249 quoque
1300 1161 1514 1244 Theologica

213 1293 291 1335 eum
330 1272 367 1334 in
405 1270 507 1334 finem
541 1292 601 1353 per
633 1270 787 1354 publicos
825 1271 990 1336 Doctores
1029 1272 1141 1336 medio
1180 1271 1375 1337 Concursus
1414 1267 1513 1332 nulla

213 1386 333 1456 status,
366 1385 401 1442 et
434 1377 650 1444 Conditionis
683 1381 814 1444 ratione
838 1378 966 1462 habita,
999 1379 1157 1462 delectos,
1181 1401 1220 1443 ac
1244 1400 1304 1463 per
1327 1379 1409 1458 NoS,
1443 1377 1514 1441 No-

214 1491 370 1569 strosque
393 1485 609 1550 Successores
632 1486 818 1550 clementer
841 1488 1043 1570 nominatos,
1076 1488 1267 1569 tradantur,
1300 1508 1342 1550 ne
1377 1485 1514 1548 scilicet-

214 1594 374 1656 universa
397 1592 572 1657 Juventus
600 1593 743 1676 Budam,
766 1595 811 1658 ad
834 1594 1084 1660 Universarum
1115 1594 1345 1659 Scientiarum
1378 1592 1515 1658 Acade-

214 1703 319 1764 miam
343 1698 512 1763 confluam
545 1707 696 1784 cogatur,
720 1701 778 1764 sed
803 1723 851 1783 ea,
883 1723 970 1786 quae
1003 1704 1113 1786 magis
1136 1703 1325 1766 necessaria
1348 1708 1442 1781 sunt,
1477 1701 1513 1761 in

215 1807 269 1872 his
293 1828 427 1892 quoque
452 1806 736 1872 Districtualibus
768 1807 973 1892 Academiis,
1007 1811 1115 1893 ipsius
1146 1809 1396 1875 Universitatis
1429 1828 1514 1890 qua-

216 1911 396 1977 damtenus
420 1912 585 1996 Filiabus,
609 1911 730 1997 majori
755 1915 1006 1998 commoditate,
1025 1923 1060 1979 et
1083 1923 1284 1998 sumptuum
1307 1913 1514 1998 compendio

214 2021 418 2102 condiscere,
442 2042 544 2104 seque
561 2043 620 2104 pro
644 2023 835 2106 omnigenis
851 2021 1000 2086 statibus
1023 2031 1058 2086 et
1075 2021 1217 2103 Officiis,
1233 2027 1348 2104 aptam
1366 2021 1513 2085 reddero

214 2128 337 2192 valeat.
361 2127 434 2192 Has
458 2127 599 2210 proinde
623 2127 826 2191 Academias
849 2129 1063 2211 peculialiter
1090 2127 1155 2192 sub
1177 2128 1395 2193 Altissimam
1429 2127 1515 2190 Pro-

214 2237 399 2298 tectionem
428 2235 589 2303 Nostram
622 2235 927 2320 successorumque
960 2237 1165 2302 Nostrorum
1196 2237 1333 2320 Regum
1364 2234 1514 2316 Hunga-

214 2343 285 2404 riae
317 2343 530 2424 assumimus,
561 2363 601 2406 ac
634 2343 711 2406 ideo
742 2343 871 2426 Regias
904 2346 1009 2408 etiam
1042 2344 1239 2428 compellari
1271 2342 1421 2426 benigne
1454 2341 1515 2404 ad-

214 2450 395 2514 mittimus.
978 2471 981 2476 ·

321 2556 427 2619 Porro
452 2575 512 2638 pro
534 2554 807 2620 Humanioribus
830 2556 975 2621 Litteris
1002 2557 1238 2622 condiscendis
1261 2562 1397 2640 praeter
1421 2576 1515 2618 com-

217 2662 315 2746 plura
338 2661 527 2746 Gymnasia
543 2668 578 2724 ct
603 2660 743 2725 Scholas
766 2660 1016 2728 Grammaticos
1032 2667 1069 2728 in
1086 2663 1242 2747 pluribus
1265 2664 1366 2728 Locis
1381 2663 1513 2746 partim

214 2771 351 2832 noviter
375 2767 528 2850 fundata,
552 2771 678 2852 partim
694 2769 738 2833 ad
753 2769 863 2854 Leges
879 2772 1117 2836 tantummodo
1134 2769 1287 2854 ejusdem
1303 2769 1515 2854 Systematis

215 2875 394 2938 Litterarii
427 2875 592 2958 regulata,
623 2875 787 2940 nonnulla
810 2876 1122 2962 Archi-Gymnasia
1154 2879 1265 2962 Regia
1292 2877 1385 2942 ultra
1413 2875 1515 2956 illud,

214 2983 305 3068 quod
322 2982 441 3046 Budae
466 3004 567 3065 penes
583 2981 855 3046 Universitatem
870 2983 1017 3068 Regiam
1041 2993 1102 3066 est,
1125 2987 1247 3050 itidem
1270 2983 1515 3050 Munificentia

215 3088 341 3154 Nostra
365 3109 407 3152 ex
430 3089 554 3153 Fundo
587 3089 773 3153 Litterario
807 3087 922 3153 debite
942 3087 1044 3174 juxta
1077 3091 1187 3156 factas
1221 3090 1515 3158 Classificationes

214 3203 249 3260 et
275 3193 441 3280 benignas
466 3195 643 3260 Normales
674 3196 914 3262 Resolutiones
945 3199 1074 3284 Regias
1105 3200 1316 3284 providenda
1347 3197 1516 3263 fundavi·

214 3324 298 3382 mus,
323 3309 443 3385 utpote
467 3303 504 3364 in
527 3301 628 3366 Locis
643 3300 917 3368 ‘Academiarum
933 3305 1122 3390 Regiorum
1139 3307 1343 3391 Tyrnaviae,
1359 3305 1385 3370 J
1385 3307 1515 3386 aurini,

214 3409 405 3490 Cassoviae,
454 3408 771 3492 Magno-Varadini,
809 3411 1006 3496 Zagrabiae,
1045 3417 1128 3478 item
1161 3415 1308 3496 Posonii‚
1346 3412 1515 3492 Neosolii,

215 3515 418 3598 Ungvarini,
435 3515 779 3599 QuinqueEcclesiis,
795 3518 832 3580 in
855 3517 982 3602 quibus
997 3542 1118 3604 nempe
1142 3529 1213 3586 tam
1229 3521 1362 3586 Classes
1379 3519 1514 3584 Huma—

214 3623 344 3704 nitatiS,
376 3645 492 3707 quam
518 3630 553 3686 et
585 3626 830 3706 grammaticae
863 3626 985 3690 itidem
1017 3629 1060 3692 ad
1099 3629 1264 3694 Normam
1303 3628 1512 3712 Systematis

216 3730 379 3794 Litcrarii
404 3750 463 3812 per
485 3729 670 3813 Magistros
694 3732 730 3794 in
754 3731 930 3797 Concursu
962 3757 1068 3820 aeque
1091 3737 1186 3800 nulla
1211 3735 1330 3800 Status
1353 3743 1390 3799 et
1423 3733 1512 3800 Con·

215 3835 357 3899 ditionis
380 3837 530 3902 Ratione
558 3835 687 3920 habita,
723 3839 931 3926 deligendos,
963 3864 1002 3906 ac
1026 3865 1086 3926 per
1117 3844 1197 3926 Nos,
1234 3863 1511 3926 successoresque

214 3943 358 4008 Nostros
401 3943 514 4027 Reges
552 3944 752 4028 Hungariae
792 3945 939 4032 benigne
977 3951 1202 4015 nominandos
1240 3949 1436 4033 tradantur,
1469 3948 1511 4014 ad

215 4050 302 4114 hanc
341 4073 421 4116 vero
455 4051 619 4116 Ncrmam
652 4052 782 4138 reliqua
815 4055 1038 4121 Disrictualia
1070 4057 1268 4142 Gymnasia,
1306 4065 1342 4122 et
1366 4057 1511 4122 Scholse

215 4157 469 4222 Grammaticos
493 4160 685 4242 exigantur.

322 4265 490 4341 Quoniam
514 4275 630 4330 autem
654 4288 722 4331 non
746 4275 883 4332 tantum
911 4270 1054 4332 Latinas
1078 4270 1227 4355 Scholas,
1248 4279 1352 4358 atque
1385 4271 1511 4336 altiora

216 4370 330 4433 studia
355 4371 547 4436 instaurare
572 4375 608 4436 in
631 4373 797 4439 Animum
820 4377 1028 4460 induximus,
1045 4400 1165 4444 verum
1181 4387 1314 4446 nostros
1330 4379 1375 4444 ad
1391 4400 1511 4464 quam-

216 4479 270 4540 vis
294 4475 431 4541 infimae
464 4483 568 4544 etiam
602 4482 809 4546 conditionis
850 4487 1054 4549 teneriorem
1087 4487 1315 4552 Juventutem
1347 4487 1392 4551 ad
1425 4485 1511 4551 fines

219 4581 372 4663 publicos
404 4583 623 4648 adcommoda
656 4587 880 4672 educandum,
903 4612 989 4673 quae
1024 4594 1238 4673 potissimum
1271 4593 1404 4662 Scholis
1437 4619 1512 4660 rer-
