3160 5212
1296 349 1359 411 291

67 547 190 626 partim
208 543 426 624 Alemannos,
447 547 572 626 partim
596 544 785 608 Turcorum
802 546 981 608 continuas
999 547 1217 626 incursiones,
1235 549 1361 629 partim

67 673 143 714 vero
167 653 302 714 vicinas
326 650 410 714 alias
434 654 590 716 nationes
612 659 647 715 et
671 651 811 736 quidem
835 673 951 714 omnes
976 655 1141 733 inimicas,
1166 653 1360 729 distractae,

64 768 316 843 orrupataeque
351 757 500 838 fuerunt,
534 765 574 822 ut
606 757 657 822 nil
690 779 835 842 prorsus
871 766 1005 841 praeter
1032 779 1154 844 corpus
1177 759 1302 842 Regni,
1326 769 1359 824 et

3 907 4 944 .
66 866 97 928 id
120 886 260 949 quoque
284 865 438 948 diversio,
462 875 502 928 111
527 864 728 948 praefertur,
751 863 908 929 hostibus
933 863 1099 928 refertum
1123 864 1361 930 dilaceratum·

64 994 126 1056 qne
151 972 316 1036 restabat.
341 971 508 1036 Omnibus
531 971 632 1036 rebus
648 971 810 1036 effectum
826 979 888 1052 est,
905 979 945 1036 ut
961 971 1196 1036 huiuscemodi
1212 972 1360 1036 salutare

3 1067 4 1074 ¹
67 1084 287 1163 propositum,
311 1079 392 1143 licet
415 1081 600 1144 admodum
624 1083 859 1160 necessarium,
884 1082 921 1143 in
943 1079 1038 1144 aliud
1062 1089 1197 1164 tempus
1221 1079 1359 1144 differre

64 1189 168 1250 simus
192 1190 313 1250 coacti.
337 1187 384 1250 Et
408 1191 565 1268 maxime,
588 1191 670 1272 quia
693 1187 922 1270 sperabamus
937 1188 1029 1272 quod
1046 1193 1227 1272 postquam
1244 1187 1359 1252 hostes

66 1293 245 1376 praefatos,
264 1297 324 1378 qui
350 1293 505 1377 pluribus
528 1298 627 1358 annis
651 1295 813 1378 Regnum
836 1297 949 1377 ipsum
973 1293 1062 1358 ferro
1086 1301 1121 1358 11
1141 1297 1221 1379 igne
1246 1303 1359 1358 vasta-

65 1414 193 1464 verant.
236 1409 271 1465 et
304 1406 364 1487 qui
398 1402 493 1486 illud,
528 1411 692 1488 tanquam
725 1402 1001 1484 haereditarium,
1031 1409 1145 1466 tenere
1172 1424 1266 1486 posse
1292 1405 1359 1466 iarn

66 1529 131 1572 non
155 1508 368 1574 dubitabant
393 1509 454 1589 (sic
478 1513 569 1574 enim
594 1509 713 1574 inille
738 1510 858 1592 pedem
877 1509 1032 1577 fixerant.
1049 1519 1087 1573 ut
1106 1514 1173 1574 iarn
1190 1509 1357 1576 connubia

3 1655 4 1676 1
65 1619 166 1678 etiam
192 1615 315 1684 facere.
338 1625 374 1680 et
397 1617 587 1682 affinitates
606 1641 684 1682 curn
708 1617 908 1702 Regnicolis
932 1618 1132 1681 contrahere
1156 1618 1359 1701 caepissent)

64 1743 308 1805 superaremus,
335 1745 459 1806 pacem,
482 1728 592 1788 otium
616 1735 651 1788 et
671 1724 773 1788 simul
789 1727 940 1808 quietem
956 1747 974 1788 e
990 1728 1139 1809 vestigio
1156 1747 1359 1808 comparare,

65 1847 94 1892 et
118 1831 329 1894 eiuscemodi
353 1831 560 1896 desiderium
584 1833 794 1898 commodius
818 1833 986 1916 complere
1011 1855 1191 1917 possemus.
1217 1834 1359 1897 Verum-

65 1950 186 2017 tamen,
211 1940 285 2000 sive
309 1941 505 2020 operatione
531 1942 662 2003 inimici
684 1942 820 2023 generis
844 1939 994 2018 humani,
1011 1943 1071 2024 qui
1088 1939 1185 2004 bonis
1202 1939 1359 2003 salutari-

65 2041 191 2127 busque
203 2047 295 2108 votis
305 2067 438 2128 semper
449 2048 641 2126 insidiatur,
657 2049 730 2110 sive
743 2067 925 2129 pravorum
935 2046 1114 2110 hominum
1130 2049 1358 2132 suggestione,

62 2158 94 2211 et
125 2151 332 2216 ineffrenata
357 2153 557 2217 dominandi
581 2153 725 2217 libidine
749 2153 911 2217 effectum
934 2161 994 2234 est,
1019 2162 1057 2218 ut
1081 2176 1156 2236 spes
1176 2163 1210 2216 et
1243 2157 1358 2238 opinio

62 2280 119 2320 nos
152 2262 190 2322 in
224 2258 289 2323 hae
314 2269 408 2342 parte
434 2258 607 2324 fefellerit.
632 2261 721 2326 Nam
755 2269 934 2345 postquam
958 2283 1036 2324 cum
1059 2261 1125 2325 Dei
1147 2261 1277 2325 auxilio
1300 2261 1359 2324 ho-

61 2382 129 2428 stes
145 2369 239 2449 ipsos
259 2371 574 2448 exterminavimus,
594 2375 629 2432 et
652 2391 728 2432 oras
756 2368 907 2453 finesque
931 2368 1046 2454 Regni
1069 2373 1163 2432 omni
1186 2391 1228 2432 ex
1254 2379 1357 2452 parte,

3 2509 4 2520 .
60 2477 277 2554 gravissimis
325 2474 408 2539 11111
449 2474 631 2558 laboribus
671 2479 828 2559 expensis
869 2485 904 2540 et
943 2476 1130 2540 multorum
1163 2483 1357 2540 nostrorum

3 2565 5 2588 '
61 2581 173 2650 caede,
197 2601 268 2644 non
292 2581 392 2646 modo
416 2581 691 2664 rectificavimus,
714 2605 835 2646 verum
868 2586 972 2646 etiam
998 2583 1183 2666 plurimum
1207 2582 1357 2666 undique

4 2679 5 2724 ἶ
60 2689 281 2752 extendimus
310 2696 345 2754 11
368 2689 599 2769 dilatavimus,
624 2695 760 2776 iamque
784 2692 819 2755 id
843 2693 935 2777 quod
959 2693 1055 2756 cordi
1073 2715 1206 2776 semper
1238 2691 1358 2756 habui-

61 2816 144 2861 mus.
170 2797 343 2879 eomplere
367 2797 535 2862 molimur.
560 2799 648 2863 Ecce
683 2799 925 2864 Serenissimus
959 2799 1126 2863 Dominus
1159 2800 1356 2864 Fridericus

60 2900 296 2968 Romanorum
319 2903 519 2988 Imperator,
544 2913 579 2970 11
603 2906 682 2970 Dux
715 2907 886 2986 Austriae,
920 2914 983 2970 etc.
1016 2928 1119 2990 quem
1152 2907 1292 2989 perinde
1317 2931 1355 2970 ac

62 3023 193 3092 patrem
229 3015 443 3076 carissimum
475 3035 608 3096 semper
640 3013 807 3078 coluimus
846 3021 881 3076 et
919 3013 1186 3081 observavimus.
1226 3021 1261 3076 et
1301 3017 1357 3077 cui

59 3117 221 3183 omnibus
243 3123 281 3183 in
299 3119 399 3184 rebus
422 3119 613 3205 gratificari
635 3122 839 3198 studuimus,
863 3120 993 3184 bellum
1016 3119 1123 3202 nobis,
1148 3123 1238 3184 siout
1264 3142 1357 3204 prae-

60 3229 226 3303 mittitur,
255 3225 367 3311 longis
390 3230 671 3312 gravissimisque
694 3231 807 3308 armis,
832 3227 929 3290 fessis
955 3233 989 3290 et
1012 3226 1189 3290 exhaustis
1218 3227 1356 3292 indixit.

5 3415 6 3418 Ἴ
59 3351 90 3396 et
124 3337 293 3398 continuo
326 3335 487 3419 Regnum
526 3337 664 3416 invasit,
703 3334 857 3418 illudque
896 3337 996 3418 gravi
1028 3341 1063 3397 11
1096 3333 1356 3417 irrecuperabili

59 3443 201 3520 iactura,
236 3427 404 3522 incendio,
428 3441 544 3525 spolio,
568 3449 603 3504 et
627 3442 773 3505 diversis
796 3441 873 3504 aliis
897 3441 1163 3506 execrandorum
1188 3441 1355 3504 malorum

58 3548 245 3630 generibus
269 3548 394 3613 affecit.
419 3549 493 3626 Quo
517 3548 649 3613 factum
673 3555 733 3630 est,
758 3557 796 3613 ut
830 3571 947 3612 rursus
980 3548 1075 3628 (licet
1109 3549 1226 3625 inviti)
1260 3571 1352 3612 arma

58 3679 187 3738 1111111,
213 3663 248 3719 11
265 3677 326 3720 nos
342 3655 569 3740 Regnumque
594 3663 750 3719 nostrum
773 3655 966 3737 defendere,
990 3677 1029 3718 ac
1053 3658 1125 3718 vim
1149 3658 1186 3718 vi
1221 3655 1355 3738 propul-

58 3787 128 3828 sare
165 3767 279 3828 coacti
304 3765 427 3844 simus;
461 3767 577 3848 sieque
610 3766 772 3828 sexennio
805 3763 1002 3828 huiusmodi
1036 3763 1125 3826 bello
1150 3785 1271 3826 vacare
1295 3784 1356 3826 nos

57 3873 262 3954 oportuerit.
294 3869 337 3935 In
368 3891 435 3956 quo
468 3871 609 3954 quidem
642 3870 740 3954 belle,
774 3894 812 3935 eo
844 3871 1031 3934 deventum
1055 3878 1115 3952 est,
1140 3871 1230 3954 quod
1255 3869 1356 3934 rebus

58 3982 194 4057 nostrie,
219 3977 292 4042 Deo
317 3977 465 4060 favente,
489 3986 524 4042 et
549 3981 728 4060 iustitiam,
752 3978 921 4062 simulque
954 3980 1115 4041 iniuriam
1138 3985 1290 4040 nostram
1313 3998 1353 4038 ex

56 4087 125 4151 alto
153 4088 393 4171 prospiciente,
417 4108 486 4149 non
509 4086 620 4150 solum
653 4109 712 4150 nos
746 4095 780 4150 11
813 4087 974 4170 Regnum
1007 4093 1173 4166 nostrum,
1207 4083 1250 4147 ab
1283 4087 1355 4165 ipsa

59 4193 231 4279 imperiali
254 4193 467 4275 celsitudine,
491 4216 510 4257 a
534 4215 600 4277 qua
624 4197 673 4257 sic
699 4198 883 4276 provocati,
907 4197 1022 4277 sicque
1047 4192 1198 4255 lacessiti
1215 4189 1354 4272 fuimuS,

57 4305 167 4366 tutati
191 4321 318 4382 sumus,
342 4321 463 4364 verum
486 4304 592 4365 etiarn
615 4301 715 4364 illurn
739 4305 775 4364 in
798 4300 949 4381 Austris,
983 4302 1093 4382 patria
1126 4297 1260 4361 scilicet
1294 4320 1354 4360 sua

57 4407 289 4473 haereditaria
305 4415 466 4493 agentem
488 4408 610 4491 adorsi,
636 4409 805 4472 Viennam
829 4411 1016 4488 civitatem,
1040 4405 1300 4470 celeberrimam
1319 4415 1353 4468 et

56 4519 128 4581 eius
150 4519 348 4600 provinciae
373 4523 475 4600 caput
498 4525 533 4580 et
557 4515 689 4598 solium,
713 4518 869 4580 semestri
893 4514 963 4578 fere
987 4513 1164 4577 obsidione
1195 4515 1353 4593 cinctam,

55 4631 343 4714 expugnavimus
367 4637 401 4692 et
425 4629 547 4692 deinde
573 4631 736 4692 maiorem
759 4631 832 4691 eius
856 4629 963 4691 totius
995 4627 1189 4710 provinciae
1224 4633 1355 4708 partem

1196 4746 1248 4800 19*
