3142 5214
228 323 293 386 602

228 519 421 603 laxatisque
445 520 615 601 tantisper
629 521 754 582 sinceri
769 519 876 582 animi
891 515 1074 602 repagulis,
1098 537 1184 600 quos
1199 516 1255 580 vel
1276 530 1519 599 praeconcepta

229 625 316 690 male
341 646 518 709 persuasae
541 628 667 688 mentis
691 627 815 708 opini0,
838 623 895 687 vel
911 623 1050 688 effrenis
1067 627 1281 706 privatarum
1304 623 1519 687 simultatum

228 733 329 796 ardor
351 735 477 796 sentire
497 729 602 814 jussit
627 734 786 816 iniquius,
818 731 901 795 dum
933 752 1069 794 causam
1098 727 1212 814 justae
1241 732 1520 795 exercituationis

229 847 345 904 notam
370 837 524 921 facimus,
547 860 673 922 aequos
696 842 789 924 agite
805 837 956 904 Judices.

336 945 561 1010 Praetereunt
580 946 723 1029 saecula,
748 954 969 1031 posteaquam
985 945 1167 1010 ambitiosa
1184 945 1353 1030 regnandi
1370 943 1520 1008 libidine.

229 1055 430 1138 irretitoque
455 1052 585 1117 lubrico
609 1055 793 1118 Procerum
816 1057 914 1139 regni
931 1053 1058 1135 favore,
1082 1051 1213 1138 Regiae
1229 1051 1430 1135 Majestatis
1449 1047 1463 1133 j

229 1158 429 1224 Austriacos
452 1164 634 1244 sumpsisse
660 1161 900 1245 pervolvimus.
940 1151 1104 1244 Repetite
1137 1167 1253 1223 tamen
1292 1159 1401 1223 altius
1435 1160 1521 1222 omni

230 1275 421 1349 temporum
444 1271 539 1350 serie,
562 1268 696 1332 dolosas
719 1290 852 1352 semper
874 1271 989 1332 avitae
1022 1271 1122 1353 regni
1152 1266 1310 1330 libertati
1334 1268 1521 1350 perniciose

230 1377 394 1438 struxisse
428 1373 577 1458 technae,
611 1383 684 1440 tam
714 1374 867 1440 Amiales
900 1375 1004 1459 probe
1038 1373 1201 1456 referunt,
1235 1394 1339 1458 quam
1373 1379 1451 1436 se'ra
1482 1371 1520 1434 ad

231 1485 465 1562 posteritatem
488 1489 583 1546 aetas
605 1483 767 1568 loquitur.
791 1483 882 1562 Quid
903 1482 1069 1567 inclytam
1086 1480 1330 1546 Bathoriorum
1355 1477 1521 1543 familiam

229 1587 272 1652 ad
296 1609 390 1654 arma
413 1587 495 1656 olim
519 1590 684 1656 adversus
702 1590 852 1656 Domum
866 1589 955 1653 hano
971 1589 1177 1671 capessenda
1201 1585 1398 1670 impulerit;
1423 1607 1523 1670 quam

230 1683 432 1760 Bethlenius
464 1698 692 1762 vindicandae
726 1697 856 1782 patriae
889 1717 1025 1761 eausam
1058 1697 1259 1778 sumpserit;
1291 1715 1360 1778 quo
1393 1696 1523 1758 motivo

230 1801 417 1866 Bocskaius
455 1807 697 1886 insurrexerit,
746 1825 833 1890 quae
880 1803 1152 1886 praedecessores
1190 1801 1391 1884 Rakoezios,
1439 1821 1523 1884 quae

230 1909 409 1974 Tekelium
433 1915 523 1975 ratio
545 1901 702 1994 moverit,
727 1919 823 1995 patet
846 1911 930 1994 orbi,
953 1933 1016 1975 nec
1039 1910 1120 1974 ullis
1137 1907 1234 1992 justa
1263 1909 1380 1994 Regni
1403 1929 1525 1995 grava-

230 2023 323 2084 mina
346 2019 523 2084 obliterari
547 2020 696 2105 quibunt
721 2019 909 2085 fraudibus.
934 2019 1113 2084 Summum
1145 2025 1197 2083 est
1230 2025 1266 2082 et
1290 2017 1359 2082 fuit
1383 2037 1525 2100 semper,

230 2135 292 2208 tot,
315 2149 354 2190 ac
378 2134 554 2192 tantorum
577 2135 734 2193 motuum
757 2131 973 2212 principium,
1005 2126 1155 2211 nefanda
1185 2127 1302 2212 legum
1334 2127 1525 2210 patriarum

230 2235 414 2298 convulsio
450 2235 521 2300 Ubi
553 2258 699 2321 namque
732 2237 883 2301 illectam
916 2239 1010 2320 prius
1043 2233 1213 2312 illecebris
1245 2237 1315 2298 suis
1347 2232 1527 2297 Austriaci

231 2341 406 2405 subditam
439 2341 505 2406 sibi
538 2364 671 2407 sensere
695 2351 843 2429 gentem,
866 2346 983 2426 tacita,
1016 2364 1055 2406 ac
1078 2348 1235 2424 serpente
1260 2341 1392 2406 indies
1416 2341 1529 2404 domi-

230 2449 337 2512 nandi
353 2448 502 2532 licentia,
518 2449 612 2514 lento
627 2451 739 2536 gradu
754 2471 794 2516 eo
808 2457 1044 2534 processerunt
1061 2449 1210 2533 pudoris,
1228 2455 1268 2512 nt
1280 2445 1355 2530 jam
1370 2447 1530 2513 effractis

227 2549 438 2639 Diplomatis
454 2560 541 2644 regii
558 2559 726 2642 cancellis,
736 2558 914 2644 quidquid
924 2556 1059 2622 luberet
1076 2555 1177 2620 licere
1194 2556 1261 2621 sibi
1277 2559 1532 2639 existimantes,

227 2653 338 2727 'effuso
362 2665 398 2726 in
421 2661 618 2728 libertatern
642 2666 758 2751 Regni
781 2666 1025 2750 captivandam
1048 2685 1176 2747 campe,
1199 2671 1318 2747 aperta
1343 2667 1471 2728 tacitae
1490 2686 1532 2726 ac

232 2772 439 2853 perniciosae
473 2771 735 2836 consultationis
768 2773 890 2836 darent
914 2774 1109 2855 specimina.
1142 2770 1235 2835 Hinc
1260 2777 1336 2854 post
1359 2773 1533 2852 extincta,

228 2865 317 2962 'proh
340 2877 454 2941 dolor!
477 2877 609 2962 inclyta
627 2879 821 2966 Hungarici
837 2881 1015 2966 sanguinis
1038 2885 1229 2964 stemmata,
1253 2885 1329 2962 post
1352 2876 1533 2942 violentas

230 2985 398 3048 bonorum
430 2988 679 3067 occupationes,
715 2986 892 3070 ademptas
924 2985 1097 3070 indigenis
1130 2984 1328 3070 dignitates,
1366 2983 1534 3048 insolitas

230 3099 425 3156 exterarum
448 3091 564 3177 legum
588 3092 814 3176 inductiones,
838 3116 877 3156 ac
896 3095 1056 3175 imposita
1075 3089 1344 3155 intolerabilium
1360 3113 1533 3156 censuum

230 3221 341 3280 onera,
365 3221 503 3262 auream
526 3199 642 3285 Regni
664 3201 872 3283 libertatem,
904 3221 991 3284 quae
1016 3222 1077 3282 per
1109 3205 1162 3262 tot
1186 3199 1320 3262 saecula
1353 3201 1389 3262 in
1413 3197 1533 3263 libera

230 3307 367 3392 Regum
391 3306 557 3370 electione
581 3310 738 3393 vigorem
761 3331 862 3372 suum
886 3306 1020 3371 illibato
1045 3328 1146 3370 cursu
1169 3305 1330 3389 obtinuit,
1355 3309 1391 3369 in
1406 3305 1532 3372 haere-

120 3419 124 3426 '
230 3415 393 3478 ditariam
415 3415 611 3500 Regiminis
638 3419 794 3500 speciem,
828 3419 962 3479 incusso
994 3415 1037 3478 ad
1071 3414 1352 3478 consentiendum
1385 3421 1532 3497 terrore,

230 3522 350 3588 servili
372 3522 639 3606 metamorphosi
654 3529 927 3588 commutanmt:
950 3545 988 3586 ac
1011 3529 1051 3585 ut
1075 3545 1116 3586 ex
1141 3542 1179 3584 eo
1203 3517 1332 3603 majora
1356 3519 1531 3585 liberrimi

231 3631 376 3694 dominii
392 3639 566 3694 sumerent
582 3634 800 3714 incrementa,
817 3651 977 3717 magnam
992 3633 1111 3715 magni
1125 3629 1234 3714 Regis
1258 3628 1352 3692 illius
1363 3627 1532 3693 Andreae

231 3738 540 3822 Hierosolimytani
572 3739 711 3824 Legem,
752 3761 838 3822 quae
875 3737 1131 3821 principaliores
1163 3739 1315 3801 omnium
1350 3735 1530 3800 'Ordinem

230 3846 419 3928 libertateS,
452 3847 494 3909 ad
519 3849 675 3930 sequiora
698 3867 805 3930 usque
829 3845 913 3909 haec
945 3853 1100 3928 tempora
1124 3851 1376 3927 perennatmas,
1409 3848 1531 3928 gentis

230 3976 309 4018 cum
331 3953 441 4038 gloria
465 3953 642 4035 complexa
665 3960 726 4035 est,
753 3952 966 4037 liberamque
988 3951 1144 4037 Regibus
1168 3949 1359 4032 resistendi,
1382 3952 1421 4012 in
1446 3973 1530 4014 casu

231 4061 438 4126 violatarum
470 4061 595 4146 legum,
635 4059 839 4124 facultatem
872 4063 908 4124 in
940 4067 1144 4144 perpetuum
1176 4057 1348 4140 attribuit,
1387 4061 1530 4140 privato

229 4171 476 4233 dominationis
499 4191 579 4232 suae
608 4167 735 4252 favore,
767 4175 952 4252 coactoque
985 4168 1170 4232 Procerum
1202 4167 1317 4251 Regni
1349 4187 1530 4245 consensu,

231 4280 457 4362 ignominiose
491 4276 710 4362 abrogarunt.
749 4277 796 4340 Et
828 4279 995 4360 quamvis,
1035 4283 1170 4358 praeter
1208 4275 1404 4356 ademptam
1436 4269 1529 4354 juris

228 4386 385 4467 electitii,
409 4391 444 4449 et
467 4387 510 4448 iis
534 4385 717 4448 resistendi
740 4383 947 4466 libertatem,
970 4386 1148 4448 universas
1176 4383 1261 4446 alias
1284 4381 1399 4465 Regni
1423 4379 1528 4465 leges

232 4499 418 4576 spontaneo
443 4495 620 4576 praemissi
643 4491 850 4574 Diplomatis
873 4500 970 4574 nutu,
986 4490 1098 4554 salvas
1114 4491 1187 4554 fore
1197 4488 1391 4574 juraverint
1408 4495 1528 4552 sancte

231 4599 478 4681 observandas3
522 4603 631 4663 strata
663 4599 887 4662 nihilominus
919 4602 1081 4684 graviora
1112 4605 1146 4661 et
1185 4605 1338 4661 extrema
1370 4616 1528 4682 quaeque
