3142 5214
1269 391 1334 456 625

51 590 217 671 pertinent
234 588 271 650 in
287 607 392 672 regno
408 587 610 672 Hungariae
627 587 849 674 partibusque
873 589 985 654 eidem
1009 588 1160 670 adnexis,
1184 610 1224 652 ac
1251 587 1336 652 alibi

49 696 148 758 etiam
157 691 354 777 ubicunque
364 696 597 778 existentium,
611 715 689 759 oum
704 716 821 760 secura
838 697 1074 779 permansione
1090 697 1127 760 in
1143 716 1257 780 regne,
1268 717 1336 760 una

47 803 213 866 cummis
238 801 443 886 domesticis,
466 803 574 867 servis
598 823 659 866 seu
682 801 911 868 familiaribus
927 805 1134 886 impertitur.
1157 800 1214 866 Ad
1238 799 1335 885 cujus

47 909 373 992 determinationem,
397 911 427 972 si
449 908 542 972 idem
565 907 654 973 hano
677 912 827 995 gratiam
851 909 1041 992 complecti,
1065 909 1124 974 sed
1145 905 1335 991 juramenti

46 1015 222 1080 fidelitatis
246 1018 513 1098 praestationem
536 1015 676 1080 differre
698 1017 795 1100 velit,
814 1019 982 1082 terminus
999 1018 1107 1080 trium
1130 1018 1335 1099 septimana-

45 1146 118 1188 rum
141 1122 186 1188 ab
210 1125 425 1188 emanatione
449 1121 624 1206 praefatae
648 1129 886 1190 conventionis
918 1123 1225 1208 computandarum
1258 1144 1336 1186 oon-

44 1231 195 1312 ceditur;
219 1233 268 1296 111
301 1238 427 1312 tamen,
459 1237 499 1295 ut
531 1233 569 1296 in
596 1254 677 1296 casu
710 1231 895 1298 differendi
926 1232 1115 1297 secundum
1146 1230 1335 1296 subnexam

43 1337 226 1402 formulam
269 1334 468 1422 juramenti,
514 1340 655 1404 interim
702 1338 881 1422 fortalitia,
929 1338 993 1404 sub
1039 1345 1210 1423 potestate
1256 1359 1336 1422 prae

42 1444 268 1528 manibusque
302 1447 372 1510 suis
405 1447 599 1528 existentia,
623 1449 660 1510 in
692 1453 886 1532 statuque
919 1447 1019 1512 modo
1043 1453 1133 1528 sunt,
1157 1446 1336 1529 praesidiis

41 1554 147 1638 regiis
171 1551 254 1616 illuc
277 1551 489 1636 inducendis,
514 1551 603 1618 bona
626 1553 695 1620 fide
711 1555 911 1638 tradantur;
933 1561 993 1618 aut
1017 1556 1148 1618 strictis
1164 1553 1336 1622 mandatis

42 1659 220 1741 tradenda,
244 1661 328 1742 ipsis
352 1659 670 1726 commendantibus
693 1665 899 1745 imponatur,
923 1669 958 1726 et
988 1682 1057 1724 una
1089 1664 1194 1724 111111
1226 1663 1336 1724 omnis

40 1765 170 1830 militia
188 1765 409 1848 praesidiaria
434 1765 664 1850 Rakoczyana
688 1775 937 1851 exauctoratur,
961 1776 997 1832 et
1021 1768 1228 1831 dimittatur.
1244 1767 1336 1830 Dum

40 1896 57 1936 e
83 1879 206 1936 contra
222 1871 370 1957 benigne
395 1875 646 1955 promittimus:
670 1875 840 1958 praesidia
864 1877 959 1960 regia
984 1876 1020 1938 in
1045 1872 1278 1958 proventibus,
1301 1881 1337 1938 11

39 1979 142 2044 bonis
175 1979 425 2064 Rakoczyanis,
458 2003 525 2064 qua
558 1982 696 2048 domino
729 1987 894 2066 terrestri,
929 1981 1003 2067 jam
1034 1989 1115 2048 ante
1139 1982 1200 2046 hos
1224 1989 1337 2046 motus

38 2091 199 2172 propriiS,
215 2087 350 2152 nullum
368 2087 502 2154 factura
518 2089 776 2177 praejudicium,
799 2093 855 2156 111
872 2093 1044 2175 damnum,
1067 2093 1261 2174 nostrisque
1278 2111 1337 2152 seu

37 2199 149 2283 regiis
173 2195 296 2260 alenda
319 2196 511 2280 stipendiis.
542 2199 638 2263 Haec
660 2222 743 2264 1110
766 2203 881 2265 omnia
904 2202 996 2264 intra
1021 2195 1336 2282 praespecificatum

37 2305 208 2386 temporis
233 2304 420 2366 terminum
444 2303 621 2390 explenda,
645 2315 679 2370 01
703 2307 911 2392 exequenda.
947 2305 984 2370 Si
1009 2325 1108 2388 porro
1131 2306 1208 2368 istis
1233 2303 1336 2387 probe

37 2412 191 2494 peractis
214 2420 402 2475 memorato
418 2410 547 2477 illustri
563 2413 746 2478 Francisoo
762 2413 935 2499 Rakdczy,
953 2414 1144 2496 permansio
1167 2411 1276 2476 libera
1299 2415 1336 2476 in

36 2537 149 2604 regno
174 2517 382 2601 displiceret,
405 2517 615 2604 relinquitur
637 2524 745 2604 ipsius
769 2521 924 2604 arbitrio,
958 2521 1101 2585 eandem
1133 2521 1239 2583 etiam
1271 2519 1335 2584 sub

37 2627 208 2708 praestito
231 2627 388 2708 superius
411 2633 542 2690 attacta
565 2626 726 2714 homagio
750 2632 786 2692 in
811 2629 953 2694 Polonia
986 2626 1121 2710 habere,
1154 2624 1215 2690 ubi
1248 2629 1335 2690 citra

35 2734 227 2797 laesionem
261 2731 464 2817 homagialis
497 2733 719 2819 obligationis
753 2758 833 2822 erga
866 2756 937 2818 nos,
970 2741 1003 2798 et
1036 2733 1148 2796 filium
1179 2741 1336 2796 nostrum

35 2841 297 2904 serenissimum
314 2839 491 2904 dominum
510 2841 671 2906 Carolum
687 2865 803 2928 regem
819 2843 1020 2928 Hungariae
1037 2863 1109 2904 sese
1133 2837 1335 2904 continebit.

35 2946 195 3029 Filiique
226 2942 380 3028 ejusdem
403 2967 504 3030 supra
529 2952 725 3013 memoratis
750 2949 1006 3015 conditionibus
1031 2950 1097 3012 rite
1120 2969 1160 3010 ac
1184 2945 1336 3010 fideliter

36 3055 240 3118 executioni
256 3054 428 3118 mandatis
445 3079 505 3138 per
520 3078 581 3120 nos
597 3060 735 3121 omnino
752 3057 1028 3122 extradabuntur
1044 3063 1079 3120 11
1098 3057 1335 3119 restituentur.

37 3163 204 3229 Secunde.
245 3161 425 3227 Universis
467 3171 539 3227 tam
571 3167 763 3249 superioris,
796 3188 899 3250 quam
931 3164 1104 3229 inferioris
1138 3163 1267 3227 ordinis
1301 3170 1337 3226 et

35 3270 260 3350 conditionis
284 3291 344 3334 seu
367 3270 615 3356 ecelesiasticis,
638 3295 698 3337 seu
722 3275 881 3358 politicis,
905 3275 1094 3338 autetiam
1126 3267 1335 3336 militaribus

34 3377 282 3460 Rakoczyanis
305 3375 455 3442 Asseolis
487 3379 664 3465 Hungaris
698 3385 828 3465 pariter
849 3405 889 3444 10
913 3381 1149 3444 Transilvanis
1182 3380 1336 3442 omnium

33 3488 150 3549 trium
168 3486 357 3568 nationum,
373 3489 434 3569 qui
453 3487 554 3552 modo
577 3491 614 3552 in
637 3512 752 3574 regno,
775 3489 832 3553 101
857 3511 958 3572 penes
983 3488 1154 3552 illustrem
1177 3486 1336 3550 Francis-

34 3613 120 3656 cum
140 3589 303 3675 Rtkeozy
319 3599 400 3656 actu
415 3602 504 3679 sunt,
521 3599 671 3661 etiamsi
688 3600 748 3681 qui
768 3619 885 3660 eorum
909 3597 951 3661 de
975 3619 1010 3660 se
1033 3594 1220 3660 1111111101
1237 3613 1336 3677 quas-

33 3702 144 3782 piam,
187 3700 337 3782 cuipiam
369 3701 612 3766 antecedenter
643 3704 828 3787 dedissent,
866 3703 1029 3767 similiter
1067 3707 1159 3767 intra
1200 3702 1335 3784 saepius

32 3813 270 3876 memoratum
293 3810 488 3892 terminum,
520 3813 614 3875 vitae
648 3817 682 3874 et
714 3813 954 3875 universorum
988 3810 1154 3874 bonorum
1186 3810 1335 3894 gratiam

31 3913 280 3978 amnestialem
304 3918 433 4000 pariter
456 3917 641 3984 clementer
657 3922 884 4002 impertimur,
909 3927 944 3983 01
960 3921 1151 4003 insignum
1167 3916 1335 3980 uberioris

30 4021 244 4085 clementiae
272 4029 307 4086 et
332 4023 567 4109 benignitatis,
600 4027 723 4090 iisdem
756 4048 899 4111 quoque,
932 4029 992 4111 qui
1025 4033 1106 4089 ante
1138 4023 1338 4087 modernam

30 4130 306 4195 conventionem
329 4131 371 4194 ad
396 4131 550 4196 debitam
574 4155 668 4197 sacro
692 4137 786 4219 regio
811 4135 1000 4198 diademati
1023 4131 1237 4212 fidelitatem,
1265 4128 1336 4193 sola

28 4237 137 4300 vitae
161 4233 331 4300 duntaxat
354 4240 467 4321 gratia
495 4241 578 4322 ipsis
611 4243 830 4322 appromissa,
854 4239 1125 4324 quandocunque
1154 4236 1336 4299 rediissent

28 4340 290 4426 fidelitatisque
313 4342 513 4430 homagium
537 4346 781 4431 deposuissent,
815 4349 973 4432 quamvis
1007 4367 1066 4428 per
1098 4344 1336 4406 conventionis

28 4455 171 4533 puncta
187 4449 316 4514 exclusi
333 4449 487 4536 fuissent,
511 4474 614 4516 111011
630 4453 854 4517 nihilominus
872 4453 1037 4517 bonorum
1054 4452 1203 4537 gratiam
1219 4457 1338 4534 tenore

27 4559 275 4642 praesentium
294 4559 519 4623 concedimus.
544 4560 700 4624 Accorda
723 4561 957 4644 nihilominus,
980 4563 1010 4624 si
1034 4581 1120 4644 quae
1139 4561 1231 4622 inter
1250 4553 1337 4639 ejus-

26 4663 135 4730 modi
160 4664 309 4748 reduces,
342 4673 403 4729 aut
435 4670 630 4751 quempiam
663 4669 865 4732 eorundeml
882 4691 959 4732 cum
991 4666 1072 4732 fisco
1104 4667 1199 4752 regio
1232 4667 1338 4728 inter-

92 4803 223 4847 Marczali:
241 4806 261 4847 Α
276 4816 377 4858 magyar
391 4805 502 4849 11111101
517 4805 606 4850 1111111.
1192 4787 1228 4840 40
