3192 5214
1326 362 1370 428 97

1 615 2 638 1
78 559 168 634 birb'
183 561 390 635 bsszeira'sa
419 556 472 658 (2.
490 555 569 660 cn),
586 561 640 634 mi
659 562 748 659 meg
776 563 895 636 sainte
922 563 1226 658 poganykorbeli
1253 564 1369 636 vieno-

77 687 223 780 nyokra
251 686 486 777 enrlbkeatet.
514 688 573 760 An
602 685 710 782 ege'sz
748 687 888 760 akkori
923 712 1086 784 magyar
1123 687 1370 762 tarsadalom·

76 811 150 884 nak
179 812 233 884 hii
260 811 366 906 rajza
393 837 434 884 en
462 809 501 884 bs
529 810 712 885 tbrte‘neti
741 813 984 886 tekintetben
1019 813 1157 909 egyike
1184 813 1379 910 legioni-o·¹

76 937 166 1010 sabb
196 935 234 1010 ds
262 937 528 1032 legbecsesebb
555 935 858 1011 emle'keinknek.

181 1061 274 1152 Ka'r,
311 1063 414 1158 hogy
449 1087 536 1135 nem
571 1061 706 1136 hitales
744 1064 963 1159 snbvegben,
999 1064 1137 1136 hanam
1165 1088 1239 1160 egy
1269 1061 1369 1138 a'tirb

76 1187 242 1260 hibdival
271 1211 288 1260 s
316 1187 651 1285 megjegynbse'ivel
685 1191 838 1262 maradt
866 1191 957 1263 csak
986 1215 1074 1287 meg
1102 1215 1124 1262 a
1152 1188 1254 1262 be'csi
1282 1189 1369 1264 XV.

74 1337 119 1385 ez.
147 1313 351 1387 codexben.

182 1634 211 1698 1.
244 1629 298 1697 Dc
329 1629 597 1698 centurionibus
635 1629 870 1700 comitatuum
911 1635 944 1698 et
982 1629 1246 1699 decurionibus.
1293 1633 1370 1707 Hoo

1 1818 2 1824 ἵ
72 1741 309 1824 decreverunt,
332 1741 421 1806 hanc
444 1741 556 1827 legem
579 1743 852 1808 constituerunt:

179 1847 231 1915 Ut
253 1852 399 1914 nuncius
429 1845 532 1936 regis
554 1869 613 1934 per
644 1871 761 1915 omnes
793 1851 954 1916 civitates
986 1851 1168 1936 dirigatur,
1199 1849 1260 1935 qui
1292 1869 1370 1913 oon-

71 1964 194 2041 greget
210 1958 426 2022 centuriones
442 1963 478 2023 et
494 1958 694 2022 decuriones
716 1977 836 2023 eorum
862 1959 923 2043 qui
945 1958 1052 2043 vulgo
1074 1957 1171 2022 Ewri
1192 1963 1369 2040 vocantur,

1 2077 2 2086 ¹
72 2085 149 2128 cum
173 2064 334 2130 omnibns
357 2064 423 2130 sibi
446 2065 645 2148 commissis,
668 2073 703 2130 et
728 2067 895 2150 precipiat
919 2067 977 2150 eie,
1012 2073 1052 2130 ut
1085 2067 1115 2129 si
1147 2085 1250 2150 quem
1282 2062 1370 2128 furti

72 2170 280 2254 culpabilem
296 2174 415 2255 sciant,
430 2173 623 2256 ostendant,
642 2179 678 2238 et
694 2175 754 2260 qui
771 2194 831 2256 pro
847 2171 1077 2256 culpabilibus
1092 2173 1221 2238 ostensi
1230 2169 1369 2254 fuerint,

72 2279 99 2342 si
122 2279 215 2364 qnod
240 2301 310 2344 non
332 2282 404 2344 sint
426 2279 615 2364 culpabiles
637 2281 804 2346 iudicium
828 2289 964 2364 portare
986 2280 1169 2362 voluerint,
1202 2279 1369 2345 iudicium

72 2386 175 2450 detur
214 2385 294 2450 illis.
331 2385 490 2472 Quosque
532 2386 788 2452 nominaverint
828 2387 934 2470 Ewri,
976 2386 1029 2451 illi
1070 2387 1268 2470 parciantur
1305 2383 1369 2450 sub

1 2559 3 2572 ,
71 2493 252 2558 decenario
283 2513 434 2576 numero,
457 2513 603 2579 quorum
626 2514 715 2558 unus
744 2515 804 2577 pro
828 2495 946 2560 decem
970 2499 1084 2578 portet
1107 2493 1284 2576 iudicium,
1307 2496 1369 2579 qui

9 2630 28 2655 -=
70 2602 99 2664 si
128 2599 239 2664 fuerit
272 2600 396 2684 salvus,
429 2599 554 2687 reliqui
586 2621 711 2666 novem
743 2601 832 2668 salvi
863 2600 958 2667 fiant.
993 2601 1054 2667 Sin
1086 2607 1212 2684 autem,
1244 2621 1369 2666 novem

1 2733 2 2796 3
71 2713 209 2790 portent
234 2707 401 2772 iudicium
438 2709 673 2794 unusquisque
696 2730 757 2793 pro
780 2731 824 2793 se,
848 2707 907 2773 ille
930 2717 1048 2774 autem
1071 2710 1131 2794 qui
1160 2729 1221 2792 pro
1244 2711 1368 2773 nov'em

1 2863 2 2880 1
70 2814 240 2879 iudicium
262 2815 462 2898 portaverit,
485 2815 558 2897 ipse
581 2816 688 2878 etiam
711 2835 771 2899 pro
795 2837 831 2880 se
855 2822 968 2899 portet
991 2837 1098 2900 aeque
1122 2815 1298 2880 iudicium.

1 2907 2 2914 ἵ
177 2919 263 2984 Post
294 2919 359 2984 heo
390 2921 587 3005 inquiratur
618 2941 639 2986 a
671 2923 805 2986 cunctis
837 2921 1063 3004 optimatibus
1095 2928 1130 2986 et
1164 2922 1298 3006 popu10,
1337 2921 1367 2986 si

70 3049 174 3112 quam
197 3026 321 3092 villam
343 3028 455 3091 sciant
478 3025 573 3092 furto
597 3026 822 3112 diffamatam,
846 3036 881 3092 et
906 3031 935 3093 si
958 3050 1062 3114 quam
1085 3029 1246 3112 dixerint,
1274 3029 1367 3094 dicat

1 3167 2 3174 1
70 3136 218 3199 nuncius
242 3136 333 3219 regis
355 3133 504 3216 villanis,
527 3141 568 3198 ut
591 3155 676 3220 quos
699 3133 792 3200 fures
816 3137 927 3200 sciant
950 3137 987 3200 in
1010 3135 1103 3218 ville,
1119 3135 1197 3200 illos
1211 3136 1368 3201 reddant.

1 3243 2 3270 ¹
68 3241 161 3319 Quos
194 3249 313 3306 autem
345 3241 580 3324 reddiderunt,
614 3243 643 3305 si
675 3242 803 3308 iudicio
826 3263 862 3306 ee
885 3242 975 3308 velle
998 3241 1182 3308 defendere
1206 3243 1366 3324 dixerint,

68 3370 109 3412 ne
145 3345 403 3432 prohibeantur.
437 3347 504 3414 Sed
532 3350 593 3433 qui
616 3347 710 3413 fures
733 3349 843 3414 multo
866 3355 968 3413 antea
990 3351 1104 3413 auditi
1127 3347 1273 3432 fuerant,
1297 3349 1367 3414 illis

70 3459 289 3542 nequaquam
312 3455 415 3520 detur
436 3456 612 3520 iudicium.

178 3561 340 3628 Pretsrea
360 3563 513 3628 eiusdem
528 3563 612 3628 ville
627 3562 751 3628 villani
767 3585 826 3646 per
842 3565 958 3629 decem
974 3571 1009 3627 et
1026 3564 1143 3628 decem
1156 3563 1366 3646 dividantur,

68 3679 103 3736 et
138 3672 293 3736 decimus
326 3691 388 3754 pro
419 3689 544 3736 novem
577 3677 691 3754 portet
723 3671 899 3736 iudicium.
924 3669 961 3735 Si
984 3668 1091 3734 fuerit
1114 3671 1186 3753 ipse
1209 3669 1367 3752 mundus,

1 3781 2 3866 l
66 3777 194 3863 reliqui
208 3799 333 3843 novem
348 3779 470 3843 mundi
493 3779 571 3842 sint.
597 3777 634 3843 Si
658 3776 847 3861 culpabilia,
864 3780 954 3842 siout
971 3799 1072 3860 supra
1087 3777 1247 3858 diximus,
1264 3797 1366 3840 unus·

66 3889 214 3973 quisque
238 3907 300 3972 pro
324 3908 358 3950 se
383 3893 505 3970 portet,
528 3888 681 3953 decimus
705 3893 822 3950 autem
844 3887 905 3972 qui
929 3907 989 3970 pro
1011 3905 1136 3949 novem
1159 3886 1366 3968 portaverat,

1 4015 2 4066 ὲ
66 3996 213 4076 ipsemet
236 4013 343 4080 aeque
366 3993 494 4058 iudicio
518 3991 689 4076 probetur.

174 4099 309 4164 Deinde
331 4101 478 4164 nuncius
501 4102 592 4185 regis
615 4100 657 4165 de
680 4099 766 4164 villa
790 4101 827 4164 in
856 4099 977 4164 villam
1009 4099 1124 4181 vadat,
1158 4099 1365 4165 sciscitando

1 4257 2 4292 ,
65 4207 259 4290 avillanis,
284 4213 324 4272 ut
347 4205 408 4271 ubi
431 4205 544 4272 furem
566 4208 689 4289 sciunt,
722 4213 923 4289 monstrent,
956 4213 1078 4271 notum
1109 4207 1218 4269 eciam
1250 4203 1366 4290 faciat,

1 4304 2 4342 l
65 4317 178 4380 tocius
201 4313 355 4399 Ungarie
380 4316 550 4398 principes
582 4321 834 4379 sacramentum
867 4312 996 4396 iecisse,
1029 4313 1119 4399 quod
1152 4335 1262 4398 neque
1295 4311 1366 4378 furi

1 4565 3 4626 l

66 4429 219 4504 parcant,
250 4442 362 4506 neque
392 4421 504 4486 celent
536 4443 623 4506 eum,
655 4423 723 4505 ipsi
754 4441 888 4506 quoque
922 4421 1082 4486 similiter
1114 4419 1254 4504 faomnt,
1277 4427 1312 4484 et
1335 4421 1365 4483 si

65 4530 189 4593 nustici
212 4527 366 4592 dixerint
390 4528 627 4593 iusiurandum
650 4550 686 4592 se
717 4527 807 4592 velle
840 4526 1030 4610 observare,
1064 4533 1147 4590 tuno
1180 4528 1363 4593 ostendant

65 4633 170 4718 fures,
193 4634 255 4700 ubi
274 4637 398 4700 sciunt.
415 4635 482 4700 Sed
498 4637 527 4700 si
544 4643 661 4719 postea
677 4635 802 4721 aliquis
819 4633 912 4702 fures
928 4634 1054 4700 celasse
1070 4655 1127 4698 eos
1143 4637 1364 4716 accusaverit,

1 4779 2 4826 1
119 4773 250 4819 uncam
267 4773 404 4830 lmagyar
418 4773 529 4818 urano
544 4772 634 4819 111111.
1239 4755 1255 4809 7
