3124 5216
1279 390 1345 455 715

46 585 226 649 Mandatis
248 585 370 670 Regiis
394 589 657 670 contravenerit,
673 593 734 651 aut
757 585 1047 671 Tranquilitatem
1077 585 1249 670 publicam
1273 594 1345 653 tur-

46 690 136 756 bans
174 691 308 757 facinus
347 694 545 777 patraverit,
587 717 729 778 poenam
769 695 1009 778 pecuniariam,
1047 701 1107 759 aut
1136 694 1344 777 corporalem

46 799 163 884 infligi
186 821 299 884 posse3
322 799 404 864 hinc
427 801 540 865 medio
565 801 779 885 publicarum
802 802 1091 867 Jurisdiotionum
1115 801 1345 866 ordinandum

45 910 155 971 etiam
179 906 326 992 benigne
355 903 456 990 jubet
480 907 771 993 Caesareo-Regia
805 909 873 973 Sua
905 907 1085 994 Majestas:
1109 915 1149 973 ut
1173 907 1345 973 Catholici

45 1037 66 1078 a
91 1014 318 1096 contumeliis,
343 1021 378 1078 et
402 1009 570 1099 objurgiis
588 1023 714 1081 contra
733 1014 953 1080 Anatholicos
977 1015 1122 1080 sollicita
1138 1015 1345 1096 abstineant,

45 1123 203 1187 vicissim
230 1129 345 1187 autem
379 1121 416 1186 hi
449 1123 553 1186 etiam
586 1144 805 1208 quascunque
836 1125 1071 1188 scommaticas
1103 1123 1345 1205 expressionea

46 1231 251 1314 praesertim
283 1231 481 1314 inscriptis
513 1229 806 1314 Dicasterialibus,
839 1237 874 1295 et
897 1229 1080 1295 Instantiis
1112 1232 1182 1294 suis
1214 1229 1345 1293 evitare

45 1359 150 1401 curae
173 1335 342 1419 habeant3
374 1337 466 1422 quod
490 1339 602 1421 ipsum
625 1345 666 1402 ut
697 1337 837 1403 Domini
862 1338 1054 1402 Terrestres
1086 1358 1221 1422 quoque
1253 1336 1344 1421 apud

45 1443 207 1510 subditos
230 1465 308 1509 suos
332 1445 524 1528 disponant,
559 1445 681 1509 iisdem
709 1467 815 1530 aeque
845 1442 1096 1528 injungendum
1128 1445 1345 1527 praecipitur.

157 1551 205 1617 Et
228 1551 312 1617 haec
335 1559 426 1636 sunt,
449 1573 535 1639 quae
558 1552 651 1616 ultra
666 1574 715 1635 ea,
738 1574 825 1637 quae
849 1554 886 1616 in
909 1553 1078 1616 universis
1094 1550 1345 1616 Haereditariis

45 1659 243 1724 Provinciis
265 1659 550 1744 Gaeareoliegiis
577 1661 620 1724 ad
644 1660 938 1742 introducendam,
971 1657 1344 1741 constabiliendamque

44 1769 235 1852 genuinam
258 1765 490 1832 Christianam
516 1767 748 1832 Tolerantiam
765 1769 903 1850 praevio
926 1766 1027 1831 modo
1051 1767 1239 1831 constituta
1255 1772 1345 1846 sunt,

47 1874 270 1959 peculiariter
294 1895 354 1958 pro
377 1895 483 1959 ragno
506 1875 707 1958 Hungariae
731 1874 890 1957 deinceps
923 1871 1136 1938 observanda
1160 1870 1346 1935 clementer

45 1981 201 2064 resolvit,
225 1989 328 2066 atque
350 2003 420 2047 una
442 1985 635 2067 generatim
659 1980 794 2067 injungi
826 1981 973 2066 benigne
997 1963 1169 2065 praecepit
1193 1979 1345 2045 Summe-

45 2086 121 2152 fata
147 2088 216 2153 Sua
238 2086 411 2172 Majestas,
434 2099 474 2155 ut
497 2093 535 2155 in
568 2091 700 2176 reliquo
734 2093 915 2155 universae
948 2089 1066 2174 Leges,
1099 2095 1134 2154 et
1176 2087 1344 2170 benignae

44 2195 229 2261 Normales
240 2195 481 2263 Resolutiones
496 2199 664 2283 gloriosae
681 2200 862 2262 memoriae
879 2197 1181 2262 Praedecessorum
1197 2213 1344 2275 suorum,

44 2304 91 2368 ad
110 2303 273 2388 Regnum
292 2303 566 2390 hocHungariae
581 2309 617 2371 in
626 2305 773 2371 Materia
789 2303 983 2389 Religionis
992 2305 1143 2369 hucdum
1159 2306 1345 2381 emanatas,

45 2413 85 2474 in
109 2419 278 2494 quantum
310 2410 389 2476 illae
414 2433 474 2496 per
505 2413 708 2496 praeductas
740 2410 913 2496 specificas
945 2411 1185 2476 Resolutiones
1216 2409 1345 2494 Regias

45 2521 262 2601 immutatae,
293 2527 355 2584 aut
379 2519 594 2604 dispensatae
618 2541 687 2586 non
719 2528 808 2603 eunt,
832 2520 992 2601 deinceps
1023 2538 1157 2602 quoque
1188 2539 1248 2600 per
1279 2539 1345 2601 eos,

45 2646 196 2710 quorum
212 2628 364 2708 interest,
380 2635 538 2692 accurate
558 2627 792 2710 observentur,
807 2635 911 2711 atque
928 2627 1190 2710 praemissorum
1206 2625 1345 2690 effectui

47 2755 111 2815 per
133 2733 312 2798 universas
329 2732 445 2817 Regni
468 2733 735 2799 ¹iurisdictiones
753 2733 946 2798 omnimode
970 2729 1182 2815 invigiletur.
