3192 5214
1319 383 1383 447 163

85 573 197 638 solum
220 583 341 639 contra
364 595 435 657 nos,
459 577 515 638 cui
538 576 713 661 indignati
741 583 822 640 sunt
851 598 956 661 quam
989 571 1184 662 plurimum,
1217 600 1256 644 eo
1291 581 1382 666 quod

87 690 163 764 post
196 689 332 746 tantam
364 681 526 747 lesionem
565 685 614 747 eis
647 683 784 748 subesse
818 686 1001 774 renuimus
1036 706 1114 750 cum
1146 706 1263 750 omnes
1294 687 1381 751 aliae

83 791 251 870 nationes,
290 795 410 854 contra
447 811 532 876 quas
571 795 705 876 experti
744 801 825 857 sunt
857 794 949 856 vires
982 813 1069 876 suae,
1112 793 1313 859 tributarias
1347 817 1380 860 se

82 900 215 964 eisdem
238 901 502 982 constituerunt,
526 907 561 964 et
585 900 780 984 specialiter
803 903 959 986 regiones
983 923 1070 986 quae
1089 924 1131 966 ex
1153 909 1249 984 parte
1273 906 1382 968 orien-

82 1007 129 1068 tis
162 1029 242 1070 cum
274 1027 380 1091 regno
411 1014 529 1072 nostro
562 1010 867 1090 conterminantur,
906 1011 996 1072 sicut
1028 1009 1165 1092 Ruscia,
1204 1011 1381 1094 Cumania,

83 1113 259 1194 Brcdnici,
284 1113 457 1198 Bulgaria,
491 1117 638 1199 quaein
661 1136 786 1200 magna
821 1113 916 1198 parte
949 1123 1066 1180 nostro
1095 1117 1246 1182 dominio
1279 1127 1380 1183 antea

82 1218 327 1302 subiacebant,
359 1241 475 1304 ymmo
508 1224 614 1285 etiarn
637 1230 756 1286 contra
790 1229 900 1286 totam
933 1222 1234 1288 Christianitatem
1264 1227 1381 1291 condi-

81 1337 219 1410 xerunt,
253 1337 289 1392 et
322 1336 424 1412 prout
446 1349 465 1392 a
490 1329 752 1414 quampluribus
784 1329 852 1394 fide
886 1330 1001 1416 dignis
1035 1353 1095 1414 pro
1128 1338 1220 1396 certo
1253 1333 1381 1398 dicitur

81 1434 232 1500 firmiter
250 1438 288 1499 in
305 1435 403 1500 brevi
422 1439 661 1518 proposuerint
685 1443 804 1501 contra
827 1444 945 1501 totam
961 1426 1136 1521 Europam
1159 1459 1259 1526 suum
1282 1441 1381 1506 inuu-

80 1542 286 1607 merabilem
319 1545 510 1608 exercitum
542 1545 722 1608 destinare.
765 1543 940 1610 Timemus
974 1546 1088 1628 etiam,
1121 1547 1212 1630 quod
1246 1547 1275 1610 si
1307 1549 1380 1630 ipse

79 1671 167 1736 gens
191 1651 336 1731 venerit,
361 1657 400 1714 ut
423 1652 534 1716 nostri
557 1659 770 1736 requeuntes,
801 1650 858 1714 vel
890 1653 996 1714 etiam
1020 1650 1175 1716 nolentes
1198 1655 1380 1718 saevitiam

80 1756 276 1821 ferocitatis
299 1759 483 1822 tartaricae
512 1756 686 1822 hostiliter
719 1760 896 1840 sustinere,
929 1759 1115 1822 eorundem
1149 1761 1238 1844 iugc,
1271 1759 1380 1826 Nobis

79 1866 189 1928 etiam
212 1865 343 1946 invitis,
373 1867 495 1928 timore
528 1865 633 1947 ducti,
667 1887 702 1928 se
735 1865 953 1948 submittant,
989 1873 1090 1948 prout
1121 1867 1191 1930 iam
1223 1865 1379 1932 fecerunt

78 1974 134 2036 sui
151 1971 302 2055 praefati
321 1971 382 2036 alii
397 1974 579 2056 convicini,
595 1975 663 2037 nisi
680 1995 740 2056 per
755 1975 1038 2056 circumspectam
1055 1975 1145 2039 sedis
1160 1974 1379 2057 Apostolicae

79 2081 315 2160 provisionem
338 2101 483 2164 regnum
506 2087 663 2144 nostrum
696 2083 831 2144 cautius
863 2087 899 2144 et
932 2083 1107 2163 potentius
1131 2084 1314 2165 muniatur,
1338 2091 1378 2148 ut

1 2203 2 2206 ’
78 2186 303 2251 consolentur
342 2187 468 2269 populi,
506 2189 567 2272 qui
604 2187 766 2252 habitant
807 2191 844 2252 in
882 2189 1009 2253 eadem.
1049 2190 1120 2254 Nos
1161 2197 1278 2254 autern
1315 2191 1378 2255 hec

78 2293 266 2358 scribimus
300 2293 537 2377 principaliter
579 2303 719 2378 propter
750 2296 827 2380 duc,
868 2318 912 2360 ne
946 2299 1113 2378 possimus
1145 2300 1246 2383 argui
1277 2319 1379 2381 super

1 2479 2 2488 ,
79 2401 311 2484 possibilitate
335 2407 371 2464 et
394 2399 616 2488 negligentia.
648 2403 758 2486 Super
788 2403 1028 2485 possibilitatis
1051 2405 1197 2470 articulo
1222 2406 1377 2484 dicimus,

1 2501 2 2536 l
77 2510 173 2595 quod
197 2510 361 2596 quicquid
385 2510 431 2573 ad·
453 2531 526 2574 esse
551 2509 790 2593 possibilitatis
809 2517 946 2575 nostrae
972 2533 1074 2594 super
1097 2512 1160 2576 hoc
1194 2535 1254 2595 per
1277 2535 1377 2596 expe·

78 2619 243 2682 rientiam
267 2616 352 2680 facti
376 2617 536 2682 concludi
560 2619 682 2700 potuit,
715 2638 776 2681 nos
809 2617 1045 2701 conclusimus,
1079 2619 1150 2682 Nos
1182 2626 1218 2682 et
1250 2621 1377 2684 Nostra

78 2736 290 2792 tartarorum
332 2727 466 2791 viribus
505 2736 539 2792 et
578 2729 726 2812 ingeniis
774 2727 927 2791 nondum
969 2729 1118 2812 cognitis
1160 2735 1376 2810 exponentes.

1 2917 2 2921 Ἰ
78 2836 190 2918 Super
213 2835 428 2921 negligentia
451 2857 533 2900 vero
556 2857 773 2920 nequaquam
806 2835 968 2919 redargui
1001 2857 1187 2918 possumus.
1218 2836 1376 2920 Requisi-

78 2946 194 3008 vimus
218 2946 318 3026 enim,
342 2943 454 3008 adhuc
478 2946 618 3008 tartaris
643 2945 680 3006 in
703 2965 809 3028 regno
837 2951 954 3007 nostro
987 2943 1233 3008 dimicantibus
1257 2951 1376 3007 contra

79 3071 148 3132 nos,
173 3073 275 3134 super
298 3052 457 3118 condicto
480 3054 622 3135 negocio
639 3058 708 3114 tres
726 3051 835 3114 tocius
859 3051 1135 3115 Christianitatis
1160 3051 1376 3132 principalio-

1 3135 2 3163 i
78 3180 131 3222 res
165 3159 297 3240 Curias,
339 3157 471 3223 scilicet
505 3159 673 3237 Vestram,
707 3179 794 3242 quae
827 3160 965 3222 domina
998 3166 1033 3222 et
1067 3161 1232 3244 magistra
1265 3161 1376 3222 omnis

1 3253 3 3344 i
77 3265 204 3330 Curiae
238 3288 257 3329 a
290 3265 507 3332 Christicolis
545 3265 698 3329 creditur
737 3273 772 3328 et
804 3265 960 3348 habetur,
994 3273 1028 3329 et
1068 3266 1288 3349 imperialem,
1319 3268 1376 3330 cui

77 3375 184 3438 etiam
224 3381 363 3457 propter
400 3373 464 3438 hoc
501 3393 563 3436 nos
602 3371 805 3436 submittere
847 3372 1115 3454 decreveramus,
1154 3375 1184 3436 si
1222 3380 1374 3455 tempore

77 3481 275 3562 praedictae
308 3477 524 3563 pestilentiae
557 3478 656 3543 nobis
679 3486 879 3560 competens·
900 3478 1068 3542 auxilium
1101 3480 1316 3561 impenderet
1339 3489 1374 3543 et

76 3591 264 3654 iuramen.⁸
297 3588 508 3652 Francorum
532 3588 637 3650 etiam
661 3587 791 3649 curiam
815 3588 944 3670 requiri
972 3585 1141 3668 fecimus⁴
1174 3586 1215 3650 de
1249 3586 1373 3671 quibus

75 3695 237 3760 omnibus
252 3695 360 3759 nichil
376 3693 627 3774 consolationis
647 3692 704 3758 vel
728 3692 920 3756 subsidium
944 3697 1141 3775 recepimus,
1167 3695 1235 3757 nisi
1258 3693 1372 3758 verba.

1 3829 2 3884 j
75 3805 147 3868 Nos
185 3825 269 3869 vero
307 3803 350 3866 ad
393 3803 428 3866 id
463 3803 554 3886 quod
595 3802 768 3883 potuimus
805 3809 1019 3865 recurrentes
1068 3808 1206 3884 propter
1245 3801 1373 3866 bonum

74 3912 353 3978 Christianitatis
377 3913 593 3974 maiestatem
616 3909 747 3992 regiam
778 3907 993 3972 humiliando
1018 3909 1102 3972 duas
1126 3907 1215 3972 filias
1239 3915 1372 3972 nostras

644 3999 652 4021 .

128 4139 213 4194 ¹1v.
224 4137 297 4192 Be'la
310 4136 547 4206 kdvete,avaczi
558 4135 671 4206 pilspdk
779 4134 973 4190 oklevelc'ben
1011 4137 1166 4191 feloldotta
1198 4154 1215 4189 a
1247 4153 1372 4208 magyar

72 4231 158 4286 altal.
187 4231 265 4284 1241.
291 4229 444 4300 juliusban
470 4231 519 4280 art
537 4241 571 4278 az
590 4225 671 4295 ajhn-
781 4226 1080 4296 kirtlytahilhdrrel
1097 4226 1162 4296 jard
1180 4225 1303 4278 minden
1322 4226 1372 4278 ko.

72 4321 151 4375 latet
178 4325 255 4374 tetta
275 4319 315 4372 ΙΙ.
335 4317 456 4371 Fridrik
485 4314 670 4384 cstszhrnak,
781 4312 973 4384 telezettsege
1001 4313 1068 4367 aldl.
1097 4313 1194 4384 Me'gis
1216 4331 1231 4367 e
1254 4312 1372 4384 ke'pzelt

73 4408 155 4480 hogy
176 4404 408 4477 Magyarorsztg
427 4421 444 4456 a
464 4402 577 4457 hilbere
602 4403 670 4472 lasz,
777 4403 828 4473 jog
842 4403 961 4473 alapjhn
980 4401 1176 4472 ajhnde'kozta
1199 4401 1370 4470 Habshurgi

73 4498 112 4552 ha
132 4495 340 4568 visszatllltja.
360 4495 404 4549 De
424 4511 441 4548 a
461 4493 576 4549 cstsztr
601 4511 670 4547 nem
779 4493 895 4546 Rudolf
921 4493 998 4546 1290.
1022 4510 1090 4561 aug.
1118 4489 1204 4544 ill-en
1232 4491 1371 4561 Magyar-

1 4595 2 4601 ’
72 4593 134 4641 rest
151 4587 281 4654 sammit,
302 4585 372 4656 rigy,
393 4583 472 4654 hogy
492 4583 581 4636 Incze
594 4583 670 4654 papa
779 4582 914 4652 orszhgot
932 4583 1041 4650 fianalr,
1061 4581 1273 4635 Albrechtnek.

74 4677 154 4731 1245.
167 4681 331 4748 augusztus
345 4675 433 4730 noan
446 4675 592 4748 Lyonban
605 4674 670 4728 kalt
833 4681 844 4706 ⁴
864 4671 917 4724 IX.
937 4671 1025 4741 Lajos
1044 4671 1177 4724 l'ranczia
1196 4669 1303 4740 kirtly.

1210 4777 1262 4830 11*
