3182 5210
12 1383 14 1500 l

503 594 656 661 Articuli
680 593 940 662 Cumanorum.

177 759 204 822 L
227 759 280 824 Ut
302 759 433 823 scilicet
456 761 609 824 universi
632 759 779 824 Oumani
802 765 838 826 et
861 759 989 844 singuli
1005 760 1237 844 cuiuscunque
1261 763 1364 824 etatis

74 875 107 930 et
129 889 240 948 sexus,
262 870 469 953 quicumque
493 868 646 933 nondum
669 877 750 932 sunt
774 868 948 952 baptisati,
973 867 1097 932 volunt
1116 873 1152 930 et
1167 867 1365 932 desiderant

74 977 221 1058 recipere
244 973 463 1058 baptismatis
486 983 736 1040 sacramentum
761 983 796 1039 et
828 977 997 1057 suscipere
1030 981 1066 1036 et
1101 981 1217 1038 tenere
1250 977 1364 1038 omnia

74 1081 280 1146 ecclesiastis
313 1090 533 1165 sacramenta,
566 1089 601 1146 et
624 1104 825 1168 quecunque
848 1082 916 1146 alia
940 1081 1108 1145 servanda
1132 1082 1240 1162 docet,
1268 1088 1365 1145 tenet

75 1195 108 1252 et
131 1190 286 1271 predicat
308 1189 465 1254 Romana
489 1190 631 1254 eeclesia
655 1197 877 1270 sacrosancta,
901 1195 936 1251 et
960 1187 1129 1252 idolorum
1163 1187 1297 1251 cultura
1325 1211 1365 1250 ac

75 1295 232 1360 omnibus
255 1305 290 1360 et
314 1297 460 1380 singulis
484 1318 694 1382 paganorum
718 1295 844 1360 ritibus
868 1296 1018 1359 dimissis
1042 1303 1076 1358 et
1101 1317 1237 1378 prorsus
1269 1295 1365 1359 relie-

75 1407 125 1474 tis,
149 1425 285 1468 servare
309 1403 475 1468 catholice
499 1403 580 1470 fidei
603 1406 782 1468 unitatem.

179 1510 225 1574 IL
257 1511 305 1574 Et
337 1511 428 1596 quod
461 1510 638 1574 discedent
670 1519 706 1574 et
738 1511 898 1574 recedent
930 1533 950 1572 a
983 1509 1214 1573 tabernaculis
1237 1513 1307 1574 suis
1330 1519 1366 1572 et

12 1651 19 1742 ,
75 1618 232 1683 domibus
254 1616 403 1700 filtriniS,
427 1617 642 1682 athabitana
666 1630 701 1681 et
724 1619 851 1681 morari
874 1619 911 1680 in
934 1615 1028 1680 villis
1051 1615 1249 1682 Christiano
1273 1638 1366 1680 more

75 1729 109 1789 in
141 1724 288 1790 edificiis
318 1735 352 1789 et
386 1725 544 1790 domibus
576 1724 647 1790 solo
681 1724 759 1790 fixis
791 1725 983 1807 expressius
1022 1734 1289 1807 assumpserunt,
1329 1733 1364 1788 et

76 1832 285 1900 conformare
309 1855 344 1896 se
368 1834 404 1896 in
427 1831 586 1898 omnibus
610 1831 761 1896 moribus
785 1843 820 1896 et
840 1831 965 1895 ritibus
981 1831 1189 1897 Christianis
1206 1835 1366 1914 promise-

12 1945 14 1972 l
77 1951 155 2006 runt
178 1963 344 2023 expresse.

180 2047 246 2112 m
270 2048 433 2112 Preterea
457 2050 493 2110 in
526 2069 631 2132 regno
665 2058 699 2112 et
732 2027 982 2112 terrisnostro
1016 2049 1168 2114 dominio
1201 2047 1366 2112 subiectis

12 2219 14 2232 ς
75 2156 116 2221 ab
140 2155 301 2220 omnibus
335 2155 530 2220 insolenciis
562 2162 597 2219 et
629 2156 825 2220 homicidiis
864 2154 1039 2238 faciendis,
1063 2139 1106 2219 ao
1125 2153 1365 2220 interfectione

12 2247 15 2268 l

74 2262 352 2328 Christianorum
390 2271 426 2327 et
466 2247 652 2327 eorundem
694 2265 896 2348 sangumem
938 2262 1146 2327 effundendo
1188 2260 1367 2326 retrahant

12 2403 17 2450 t
75 2373 211 2454 penitus
235 2392 355 2435 manus
379 2393 464 2453 suae,
487 2379 528 2434 ut
551 2373 588 2434 in
610 2379 711 2435 antea
734 2371 830 2436 nullo
854 2391 1005 2456 unquam
1043 2379 1198 2454 tempore
1230 2367 1367 2449 facient,

12 2457 15 2508 l

12 2771 13 2790 l

12 2805 14 2822 l

74 2499 135 2542 neo
171 2480 350 2561 pacientur
382 2477 457 2542 fieri
489 2477 686 2542 huiusmodi
708 2477 925 2562 aliquatenus
950 2500 1010 2561 per
1043 2498 1120 2541 suos
1153 2475 1300 2540 famulos
1332 2484 1367 2540 et

74 2583 255 2649 subiectos.

181 2692 242 2756 IV.
275 2693 396 2756 Preter
426 2693 489 2758 hec
522 2694 628 2756 iidem
660 2691 893 2757 Cumanorum
925 2691 1037 2755 eidem
1076 2691 1214 2754 dominc
1253 2690 1366 2776 legato

74 2801 253 2867 humiliter
275 2799 521 2883 supplicarunt,
545 2800 635 2885 quod
660 2802 732 2882 ipse
756 2801 915 2864 dominus
938 2799 1073 2884 legatus
1098 2806 1255 2881 procuret
1278 2797 1368 2862 ordi-

12 2975 13 2980 ,
73 2931 153 2974 aare
178 2909 400 2992 inquisitores
421 2907 554 2993 aliquos
577 2906 645 2970 fide
669 2907 800 2991 dignos,
823 2907 883 2990 qui
907 2929 966 2988 per
990 2905 1144 2990 singulas
1174 2907 1367 2990 generacio-

74 3041 131 3082 nes
154 3037 273 3082 eorum
297 3025 332 3078 et
354 3017 618 3099 generacionum
641 3015 768 3100 gradus
792 3012 858 3079 sibi
882 3015 1032 3077 invicem
1055 3033 1261 3098 quacunque
1277 3012 1367 3077 linea

74 3128 271 3207 attinentes,
294 3131 330 3188 et
354 3143 413 3205 per
436 3143 552 3187 omnes
575 3122 660 3186 alios
684 3119 854 3186 subiectos
878 3142 995 3184 eorum
1011 3122 1190 3205 inquirant
1206 3128 1240 3183 et
1257 3121 1368 3183 sciant

74 3255 174 3316 snper
214 3231 386 3314 premissis
418 3229 577 3295 omnibus
609 3239 644 3294 et
677 3229 822 3315 singulis
855 3230 1048 3310 veritatem,
1087 3249 1191 3313 quam
1229 3227 1367 3292 domino

75 3339 188 3424 legato
212 3345 248 3402 et
270 3335 370 3402 nobis
393 3337 523 3402 referre
544 3347 581 3402 et
604 3359 771 3421 exponere
796 3345 987 3417 teneantur,
1011 3345 1052 3399 ut
1074 3337 1104 3398 is
1123 3336 1184 3419 qui
1199 3337 1237 3398 in
1252 3333 1367 3420 aliquo

76 3448 317 3528 premissorum
351 3453 562 3530 tanagressor
603 3447 766 3510 inventus
800 3444 915 3528 fuerit,
948 3465 1070 3526 penam
1103 3441 1368 3506 ecclesiasticam

74 3575 178 3638 qnam
200 3561 353 3616 meretur
375 3551 419 3616 ab
443 3552 561 3616 eodem
584 3551 774 3618 venerabili
808 3560 904 3635 patre
937 3559 972 3614 et
1005 3549 1147 3614 ecclesia
1179 3553 1253 3633 ipsa
1285 3553 1368 3614 reoi-

75 3663 155 3742 piat.
179 3667 216 3723 et
239 3681 299 3742 per
322 3681 383 3724 nos
406 3659 604 3743 temporalis
626 3660 781 3724 vindicte
805 3659 958 3724 debitam
982 3661 1112 3722 senciat
1135 3657 1314 3722 ulcionem,

181 3765 223 3831 V.
239 3766 403 3832 Getarum
419 3766 586 3850 sepedicti
602 3773 837 3848 procuratores
853 3767 990 3830 nomine
1007 3763 1240 3829 Cumanorum
1251 3787 1368 3847 proau-

12 3871 15 3904 *
74 3877 202 3940 ratario
234 3895 294 3958 pro
327 3897 363 3940 se
395 3883 430 3939 et
464 3896 523 3958 pro
555 3874 684 3938 eisdem
716 3873 880 3938 Cumanis
911 3874 1202 3936 renunciaverunt
1243 3881 1279 3937 et
1311 3873 1369 3937 ab

75 3984 278 4048 dicaverunt
310 3984 424 4047 omnia
456 3983 662 4046 monasteria
686 3989 721 4045 et
745 3981 912 4063 ecelesias,
937 3987 972 4044 et
996 3981 1221 4064 possessiones
1253 4003 1369 4045 mona-

75 4093 265 4174 steriorum,
281 4090 500 4155 eeclesiarum
517 4099 551 4154 et
567 4092 720 4154 omnium
743 4089 911 4153 nobilium
936 4097 971 4151 et
996 4096 1186 4152 ceterorum
1202 4088 1369 4154 Christia-

75 4221 205 4278 norum,
229 4220 295 4284 que
319 4205 355 4261 et
377 4219 461 4283 quas
483 4197 650 4262 hactenus
673 4199 799 4261 iniuste
825 4205 860 4260 et
885 4199 997 4260 minus
1023 4195 1138 4260 debite
1158 4205 1368 4280 occuparunt

75 4328 113 4370 ec
137 4309 247 4370 eciam
271 4311 466 4388 tenuerunt,
491 4312 680 4369 asserentes
703 4304 838 4368 eosdem
863 4303 1033 4368 Cumanos
1057 4314 1091 4368 et
1119 4327 1155 4367 se
1178 4327 1249 4369 esse
1274 4329 1369 4390 para-

12 4487 16 4508 ,
75 4421 127 4476 tos
158 4412 202 4477 ad
236 4411 444 4476 remittenda
477 4420 512 4475 et
544 4411 757 4477 restituenda
789 4412 887 4474 iuxta
910 4410 1112 4474 mandatum
1135 4413 1288 4475 eiusdem
1311 4412 1369 4476 do-

76 4522 162 4584 miui
183 4519 291 4606 legati
314 4520 427 4584 omnia
451 4527 486 4582 et
510 4519 645 4604 singula
670 4517 873 4600 supradicta.

182 4628 423 4692 Promittimus
446 4629 553 4691 eciam
576 4625 640 4690 sub
663 4627 842 4708 sponsione
865 4623 947 4687 fidei
970 4633 1005 4688 et
1030 4628 1167 4706 prestiti
1183 4628 1367 4692 iuramenti

12 4827 14 4848 ,
129 4765 261 4810 nartali:
276 4767 296 4810 Δ
311 4776 413 4819 magyar
427 4765 538 4809 ttrttuet
554 4764 643 4808 liutici.
1228 4751 1261 4802 19
