3138 5212
1298 345 1365 410 397

178 547 208 608 8.
234 544 289 610 Ex
313 565 382 629 quo
413 549 529 608 antem
577 544 693 609 Ser¹¹¹¹¹⁸
725 544 803 610 Rex
835 544 986 609 Joanues
1018 564 1110 608 nuno
1142 549 1177 606 et
1201 563 1305 606 uxore
1329 549 1365 606 et

74 652 190 718 liberis
213 659 315 734 caret,
339 660 560 738 posteaquam
592 654 649 717 dei
680 655 860 717 vocatione
892 675 934 716 ex
968 652 1033 716 hac
1064 651 1139 718 luce
1172 653 1365 728 decesserit,

73 763 176 824 etiam
201 761 230 823 si
253 759 364 824 filium
387 767 470 824 tuno
504 759 656 840 haberet,
679 758 723 826 ob
746 768 939 843 respectum
962 767 1079 825 tamen
1111 759 1233 824 salutis
1263 761 1365 824 istius

73 870 170 952 regni
193 875 229 932 et
252 867 459 950 reipublicae
492 867 699 932 christianae
734 889 838 952 quam
870 889 912 932 ex
935 866 1000 931 hac
1024 889 1104 949 pace
1128 874 1163 931 et
1187 866 1366 932 confoede-

73 978 214 1058 ratione,
245 976 434 1040 auxiliante
467 997 592 1061 magno
625 976 697 1058 deo,
730 982 823 1040 certo
854 996 1037 1058 speramus,
1070 983 1105 1040 et
1137 983 1177 1040 ut
1211 998 1270 1059 per
1300 975 1367 1040 hoc

73 1089 124 1146 tot
164 1085 273 1167 malis,
312 1106 398 1168 quae
437 1083 531 1147 istud
571 1105 716 1168 regnum
759 1105 818 1167 per
855 1083 917 1148 hos
956 1103 1062 1146 annos
1101 1073 1291 1167 supeiiores
1330 1089 1365 1147 et

72 1190 219 1273 amplius
243 1213 439 1274 perpessum
470 1195 531 1271 est,
562 1188 641 1254 finis
675 1192 744 1254 iam
776 1190 917 1254 tandem
949 1191 1154 1274 imponatur,
1186 1190 1306 1254 volens
1328 1191 1367 1254 in

71 1295 135 1360 hac
169 1303 266 1380 parte
299 1297 415 1362 Sermus
445 1297 522 1360 Rex
553 1297 704 1362 Joannes
736 1298 839 1362 decus
874 1319 973 1361 suum
1012 1304 1048 1361 et
1087 1296 1238 1362 familiae
1277 1319 1366 1378 suae,

73 1413 313 1489 posterumque
352 1425 491 1468 suorum
530 1403 634 1470 saluti
674 1404 829 1488 publicae
866 1411 1077 1488 postponere,
1109 1406 1153 1470 ad
1192 1405 1256 1470 hoo
1289 1427 1367 1470 con-

72 1512 259 1594 descendit,
286 1519 326 1576 ut
359 1519 434 1596 post
466 1518 612 1576 mortem
645 1533 741 1576 suam
773 1514 879 1576 etiam
912 1514 941 1576 si
973 1519 1014 1576 ut
1046 1513 1282 1596 supradictum
1305 1522 1367 1589 est,

72 1618 183 1684 filium
215 1619 385 1700 hebuerit,
418 1622 617 1684 universum
655 1619 855 1704 Hungaria'e
894 1619 1065 1703 Regnum,
1098 1641 1175 1684 cum
1207 1618 1368 1683 omnibus

72 1730 198 1835 regnis,
222 1729 408 1811 provinciis
432 1749 471 1790 ac
495 1725 652 1810 partibus
684 1728 716 1790 ei
749 1725 912 1790 subiectis
936 1733 971 1790 et
995 1729 1190 1790 cumomni
1221 1727 1367 1810 plenitu-

71 1837 153 1900 dine
173 1833 263 1916 juris
286 1837 383 1920 regii,
407 1835 773 1919 administrationsque
806 1837 904 1918 regni
937 1841 973 1898 11
998 1835 1251 1916 provinciarum
1279 1836 1368 1916 ipsa-

73 1965 149 2007 rum
179 1946 216 2007 in
239 1965 309 2025 nos,
342 1943 397 2008 vel
431 1940 529 2006 nobis
568 1945 707 2007 interim
747 1945 959 2026 premortuis,
992 1944 1028 2006 11
1060 1941 1170 2006 filium
1202 1949 1368 2020 nostrum,

73 2074 175 2135 quem
200 2052 362 2134 Regnum
385 2050 479 2114 istud
513 2051 686 2114 communi
719 2071 884 2114 consensu
907 2051 944 2114 in
966 2049 1099 2134 Regem
1124 2049 1249 2134 eligere
1274 2058 1368 2112 tene-

73 2157 177 2238 bitur,
202 2165 237 2221 11
260 2157 320 2220 1110
344 2178 478 2242 quoque
503 2155 676 2238 defuncto,
709 2159 746 2221 in
769 2159 842 2220 eius
865 2157 1039 2240 legitimos
1067 2157 1209 2221 heredes
1231 2179 1270 2220 ac
1295 2179 1368 2220 suc-

72 2285 222 2326 cessores
244 2286 285 2327 ex
309 2262 390 2327 filiis
423 2270 458 2327 et
491 2263 676 2328 heredibus
708 2285 825 2328 eorum
858 2263 1024 2347 legitimis
1056 2265 1309 2330 descendentes,
1333 2273 1367 2328 et

72 2371 142 2435 illis
162 2393 296 2456 quoque
320 2395 337 2434 e
361 2371 474 2436 medio
500 2371 645 2436 sublatis
668 2380 704 2436 et
728 2371 975 2452 deficientibus,
999 2374 1036 2436 in
1059 2372 1238 2437 Gaesarem
1254 2371 1367 2436 Μ111111

73 2489 106 2541 11
131 2480 240 2561 ipsius
263 2477 353 2543 filios
376 2486 411 2543 et
436 2479 609 2564 legitimos
641 2481 783 2545 heredes
816 2479 1023 2544 devolvatur
1050 2491 1084 2544 et
1109 2479 1368 2544 condescendat.

73 2585 344 2670 ‹levolutumque
368 2594 403 2650 et
427 2587 692 2652 condescensum
715 2587 884 2652 habeatur
907 2590 982 2671 ipso
1006 2586 1107 2652 facto.

184 2691 213 2756 9.
236 2692 327 2757 Item
350 2694 392 2757 ad
427 2692 657 2758 roborandum
690 2694 887 2758 huiusmodi
921 2697 1176 2769 successionem,
1200 2705 1239 2758 ut
1263 2695 1304 2758 de
1329 2717 1366 2758 ea

74 2801 155 2882 Nos,
179 2799 310 2886 filiique
334 2803 444 2865 nostri
477 2801 579 2866 simul
603 2824 680 2866 cum
704 2803 869 2867 Caesarea
902 2803 994 2866 Mam*
1019 2805 1194 2888 nostrique
1219 2803 1368 2887 legitimi

73 2907 226 2986 heredes,
251 2911 412 2972 certiores
445 2917 480 2972 et
512 2912 623 2973 securi
655 2910 852 2992 reddantur,
885 2912 1038 2974 universi
1062 2911 1193 2974 domini
1217 2910 1368 2974 Praelati

73 3023 107 3077 11
133 3014 295 3097 Berones,
319 3018 609 3101 magistratusque
626 3025 661 3081 et
678 3015 851 3098 officiales,
871 3039 1072 3102 quocunque
1097 3019 1231 3081 nomine
1256 3039 1368 3080 cense-

74 3128 188 3202 antur,
212 3121 281 3184 1111
304 3124 411 3185 etiam
444 3125 592 3205 potiores
624 3122 765 3205 10111111,
798 3126 938 3206 insuper
975 3123 1135 3208 magistri
1167 3125 1306 3188 Civium
1329 3146 1368 3187 ac

71 3224 217 3310 judices,
242 3229 414 3313 iuratique
439 3232 531 3294 cives
564 3229 751 3296 liberarum
774 3232 958 3294 civitatum
981 3232 1089 3294 totius
1113 3233 1212 3315 regni
1235 3239 1270 3294 et
1295 3253 1369 3312 pro-

75 3336 270 3398 vinciarum
293 3337 325 3399 ei
349 3334 580 3400 subiectarum
604 3336 752 3400 debeant
775 3345 810 3400 et
835 3343 1018 3402 teneantur
1042 3347 1193 3421 tempore
1220 3338 1369 3421 publiea-

74 3443 182 3505 tionis
205 3442 307 3506 huius
331 3441 640 3508 confoederationis
672 3452 706 3508 et
747 3445 839 3526 pacis
871 3445 1070 3530 homagium
1093 3449 1165 3510 sive
1190 3446 1369 3510 fidelitatis

75 3551 311 3614 iuramentum
344 3551 380 3614 in
413 3573 494 3616 casu
527 3553 710 3634 praemisso
735 3552 997 3635 observandum,
1030 3553 1129 3618 nobis
1162 3553 1308 3637 filiisque
1333 3561 1369 3616 et

75 3655 261 3722 heredibus
284 3659 410 3722 nostris
439 3657 483 3722 ab
515 3659 680 3724 Caesarea
712 3655 806 3724 Mal¹⁸
839 3661 1034 3726 conditione
1067 3663 1109 3726 de
1142 3662 1270 3725 ducatu
1293 3660 1370 3724 Soe-

77 3767 230 3848 pusiensi
252 3764 398 3831 inferius
432 3767 613 3848 declarata,
652 3791 766 3832 coram
797 3770 897 3834 nobis
929 3771 985 3833 vel
1018 3768 1220 3834 Oratoribus
1243 3770 1370 3831 nostris

77 3879 260 3956 praestare,
283 3879 319 3937 et
343 3873 461 3938 literas
484 3877 591 3939 etiam
614 3898 716 3958 super
737 3877 803 3940 hoc
827 3877 917 3958 dare,
941 3877 1072 3941 domini
1088 3875 1227 3960 quidem
1243 3873 1369 3936 secula-

77 4003 131 4045 res
157 4001 217 4064 pro
242 4003 277 4044 se
301 3987 336 4044 et
360 3983 430 4046 suis
452 3981 646 4065 heredibus,
671 3985 832 4048 civitates
855 4006 936 4048 vero
962 4006 1021 4066 pro
1046 4007 1080 4046 se
1104 3992 1139 4046 et
1163 4003 1279 4046 eorum
1296 4003 1369 4044 suo-

78 4087 277 4152 cessoribus.

188 4196 239 4260 10.
271 4195 362 4260 Item
394 4200 662 4282 quotiescunque
701 4198 899 4263 Praelatum
931 4199 1080 4283 aliquem
1115 4197 1276 4261 decedere
1310 4203 1370 4260 aut

79 4301 310 4382 praelaturam
333 4302 390 4366 vel
413 4306 664 4389 magistratum.
704 4327 763 4369 seu
801 4305 985 4370 officialem
1018 4307 1212 4389 quempiam
1243 4305 1370 4368 mutan‘

78 4409 304 4492 quovismodo
329 4412 523 4495 contigerit,
557 4415 660 4476 toties
692 4434 802 4477 novus
836 4413 1007 4496 praelatus
1041 4414 1114 4476 sive
1147 4414 1370 4496 magistratus

79 4513 136 4578 vel
159 4513 327 4600 officialis,
350 4525 430 4582 ante
454 4519 637 4604 dignitatis
653 4520 710 4584 vel
733 4522 955 4605 magistratus
979 4527 1039 4584 aut
1056 4519 1162 4584 officii
1185 4517 1371 4603 apprehen-

80 4623 210 4687 sionem
234 4623 346 4688 simile
383 4625 625 4690 Juramentum
665 4626 845 4692 fidelitatis
878 4635 1029 4711 prestare
1063 4635 1098 4691 et
1130 4627 1209 4692 inde
1243 4628 1371 4692 similes
