3142 5214
202 271 269 335 584

310 467 445 547 Qec-(crte.
480 468 612 531 Morem
644 470 820 550 usitatum,
849 475 969 550 utpote
992 490 1094 552 quem
1122 489 1299 552 supremae
1332 473 1502 552 potestati

201 596 270 640 non
286 576 450 661 derogare
467 578 671 658 invenimus,
687 578 724 638 in
740 574 935 658 Guberniis,
952 575 1096 639 Consilii
1112 576 1243 658 Intimi,
1259 575 1501 660 Comitiorum,

202 683 445 769 suffragiorum
469 683 589 768 politia
611 705 651 746 ac
674 681 844 765 libertate,
877 685 914 746 in
946 681 1098 747 Tabulae
1131 683 1351 768 Judiciariae,
1385 685 1501 769 Magi-

202 800 351 856 strorum
389 793 716 874 Protonotariorum,
754 799 789 854 et
827 789 1055 872 Assessorum,
1094 794 1179 855 item
1218 798 1253 855 et
1292 791 1500 856 inferiorum

202 897 429 962 tribunalium
452 897 673 980 authoritate,
697 900 733 960 in
756 897 1047 960 administrandae
1067 894 1226 980 justitiae
1251 897 1352 962 solito
1376 900 1499 964 ordine

202 1012 237 1068 et
270 1027 343 1088 usu,
373 1005 499 1085 (omnia
524 1009 641 1067 tamen
664 1003 758 1068 salvo
783 1007 819 1067 in
850 1002 1069 1088 gravioribus
1101 1025 1239 1068 recursu
1272 1006 1315 1069 ad
1349 1005 1499 1092 Regem)

204 1268 413 1340 prosequtllya
433 1269 529 1338 perit:
550 1268 601 1320 Ide
620 1283 689 1321 nem
708 1266 814 1321 ertven
828 1286 846 1322 a
858 1267 1009 1338 fugitivus
1019 1267 1191 1339 jobbtgyok
1205 1266 1237 1322 es
1249 1268 1371 1339 szolgtk
1383 1268 1502 1340 dolgat,

203 1355 382 1426 mellyekert
402 1357 555 1411 Tiszteket
574 1375 654 1428 vagy
668 1356 889 1410 Communitast
902 1357 1025 1412 szoktak
1038 1357 1222 1412 evoctltatni
1234 1374 1241 1427 ;
1254 1363 1333 1412 mart
1345 1375 1361 1411 e
1373 1358 1503 1412 calisth-

203 1442 261 1497 ban
281 1461 314 1498 az
334 1446 422 1517 eddig
441 1446 509 1500 vald
528 1463 600 1500 usus
619 1446 650 1500 es
670 1447 826 1500 Articulus
844 1448 956 1501 szerint
982 1447 1118 1500 akarunlr
1146 1447 1337 1518 procedtlni.)
1365 1464 1503 1518 compre-

203 1533 313 1602 hensiS,
333 1537 495 1591 secundum
521 1537 681 1590 Decretum
710 1537 910 1608 Tripartitum
939 1537 964 1590 V
968 1537 1182 1606 erbtlczianum,
1211 1542 1315 1592 contra
1342 1539 1503 1609 privatum

203 1624 350 1680 Saxonem
378 1629 409 1680 in
439 1627 502 1697 ejus
522 1629 702 1699 competenti
722 1627 795 1696 foro,
815 1627 958 1682 Judicum
977 1643 1083 1698 nempe
1102 1627 1252 1681 Saxonum
1277 1627 1504 1682 ordinariorum

204 1715 388 1784 procedatur,
417 1723 520 1770 contra
549 1719 795 1770 communitatem
815 1723 915 1770 autem
935 1721 1039 1786 utpote
1059 1734 1167 1787 pagum
1196 1716 1245 1770 vel
1272 1715 1440 1770 Civitatem
1471 1718 1503 1768 in

204 1803 318 1858 'Pabula
338 1805 437 1876 Regni
457 1806 616 1860 ordinaria.
645 1805 681 1858 In
704 1807 802 1860 causis
829 1807 978 1860 rationem
1005 1806 1215 1875 depositorum,
1244 1807 1270 1859 si
1298 1807 1364 1876 quis
1392 1811 1505 1858 contra

203 1892 334 1963 aliquem
353 1897 502 1966 privatam
522 1897 670 1949 actionem
689 1895 789 1963 habet,
809 1901 1004 1966 prosequatur
1023 1895 1110 1948 illum
1129 1911 1231 1948 eorum
1244 1911 1297 1948 suo
1310 1900 1505 1965 competente

204 1981 320 2052 Judice,
339 1985 424 2038 salva
443 1985 643 2056 appellatione
668 1985 705 2038 ad
734 1984 879 2038 Tribunal
908 1984 1127 2038 Universitatis
1155 1985 1288 2038 nationis
1315 1983 1505 2050 Saxonicae;

205 2071 282 2125 unde
294 2074 321 2126 si
333 2089 449 2128 summa
464 2076 516 2129 100
528 2075 654 2128 florenos
667 2075 812 2128 excedens
825 2077 1067 2142 contravertitur,
1087 2074 1177 2129 liceat
1190 2075 1281 2128 etiam
1300 2074 1337 2126 ad
1350 2073 1506 2127 Tabulam

206 2159 304 2231 Regni
333 2180 493 2232 provocare
524 2165 572 2217 illi
600 2165 651 2235 qui
680 2163 793 2233 judicio
822 2163 994 2218 Tribunalis
1022 2163 1241 2218 Universitatis
1277 2180 1309 2218 se
1335 2172 1506 2234 gravatum

204 2251 433 2306 existimaverit.
453 2253 484 2306 Si
504 2255 571 2325 quis
589 2259 690 2308 autem
709 2253 826 2306 ratione
845 2253 1047 2324 depositorum
1066 2259 1170 2306 contra
1188 2252 1320 2324 aliquam
1333 2255 1506 2307 communi-

205 2345 299 2393 tatem
318 2341 403 2395 litem
423 2345 561 2412 moverit,
581 2345 606 2396 is
626 2343 710 2396 illam
730 2343 760 2395 in
782 2342 938 2396 'Pribunali
960 2342 1177 2396 Universitatis
1209 2341 1371 2395 Saxonicae
1399 2359 1506 2412 prose-

205 2437 314 2501 quatur
333 2431 385 2485 ubi
405 2434 496 2486 etiam
516 2433 626 2504 absque
645 2433 726 2485 omni
746 2431 885 2485 dilationi
905 2448 993 2486 causa
1012 2431 1096 2485 illius
1109 2436 1327 2502 promoveatur,
1346 2437 1377 2484 et
1395 2438 1505 2485 stante

205 2519 306 2574 eodem
326 2521 484 2576 'Iribunali
512 2521 562 2576 vel
590 2523 821 2592 congregatione
849 2527 920 2575 ante
938 2539 1041 2576 omnes
1060 2522 1135 2575 alias
1164 2537 1268 2575 causas
1296 2521 1386 2590 hujus
1420 2521 1506 2574 modi

204 2612 314 2666 actoris
334 2629 423 2666 causa
442 2613 629 2666 terminetur.
649 2612 679 2664 Si
699 2628 769 2664 vero
789 2611 865 2665 tales
885 2611 1042 2682 litigantes
1062 2612 1111 2666 vel
1129 2628 1207 2665 novo
1224 2609 1337 2680 judicio
1364 2613 1423 2679 uti,
1456 2612 1506 2664 vel

205 2715 275 2754 vero
295 2703 416 2756 exmitti
435 2703 596 2770 voluerint,
625 2701 757 2755 habeant
785 2707 901 2772 tempus
920 2702 1129 2762 necessarium,
1149 2705 1184 2753 ut
1203 2717 1292 2754 causa
1310 2700 1365 2754 sub
1394 2701 1506 2754 eadem

205 2793 435 2861 congregatione
454 2793 552 2845 decidi
572 2793 673 2863 possit,
693 2791 893 2862 appellatione
913 2790 948 2844 ad
969 2790 1113 2845 Tabulam
1133 2791 1233 2860 Regni
1252 2789 1344 2858 salva,
1373 2790 1398 2844 si
1426 2808 1506 2862 quae

205 2881 336 2948 partium
362 2882 446 2935 illam
475 2882 699 2936 desideraverit.
727 2881 764 2933 ln
793 2880 905 2933 talibus
933 2879 1050 2934 casibus
1079 2885 1188 2948 autem,
1216 2880 1242 2933 si
1271 2880 1337 2949 quis
1365 2878 1506 2949 aliquam
1552 2899 1553 2928 i

204 2972 451 3025 communitatem
470 2972 506 3025 ad
527 2971 671 3026 Tribunal
691 2977 743 3024 aut
762 2971 1022 3040 congregationem
1036 2969 1254 3023 Universitatis
1273 2968 1431 3022 admoneri
1457 2967 1505 3020 vel

204 3057 293 3111 citari
312 3060 452 3130 valuerit,
471 3062 612 3132 quoniam
632 3059 742 3114 Consul
756 3059 936 3113 Cibiniensis
949 3060 980 3112 in
994 3059 1047 3112 illo
1061 3058 1218 3111 Tribunali
1232 3058 1399 3128 praesidere
1414 3057 1505 3122 solet,

205 3153 344 3203 teneatur
363 3151 433 3220 ipse,
454 3152 490 3204 ad
510 3152 736 3222 requisitionem
756 3151 874 3216 actoris,
904 3149 1055 3202 hominem
1083 3148 1222 3201 idoneum
1249 3147 1320 3200 dare
1339 3163 1391 3217 per
1411 3163 1505 3218 quem

205 3237 276 3293 talis
304 3239 476 3306 admonitio,
503 3240 551 3294 vel
581 3241 685 3293 citatio
716 3240 817 3310 peragi
850 3239 944 3309 possit
972 3238 1056 3306 cujus
1085 3238 1177 3290 etiam
1204 3235 1363 3307 superinde
1392 3237 1505 3290 relatio

204 3333 394 3398 acceptetur;
415 3332 520 3384 citatio
540 3337 640 3384 autem
660 3330 709 3383 vel
728 3329 892 3382 admonitio
912 3329 967 3382 fiat
986 3333 1055 3381 ante
1074 3333 1211 3381 octavam
1230 3326 1316 3380 diem.

313 3419 488 3492 Corrigatur
508 3422 620 3491 pariter
639 3419 779 3473 Edictum
801 3421 841 3472 16.
861 3419 941 3472 Part.
963 3421 986 3472 5.
1007 3437 1041 3471 ac
1054 3417 1153 3488 Comp.
1168 3417 1292 3470 Constit.
1305 3421 1341 3469 ut
1353 3417 1502 3470 nimirum

204 3525 241 3561 ex
268 3510 444 3565 civitatibus
468 3511 622 3564 Saxonicis
642 3517 772 3580 tempore
792 3509 1001 3562 celebrationis
1030 3507 1223 3561 Comitiorum
1252 3505 1384 3559 artifices
1413 3511 1503 3558 extra

205 3599 302 3653 tribus
321 3601 369 3654 vel
390 3600 501 3654 Crenas
521 3601 679 3654 constituti
695 3600 787 3668 vulgo
808 3598 966 3666 KontaroS,
980 3603 1015 3650 ut
1028 3603 1058 3650 et
1073 3597 1222 3667 peregrini
1235 3595 1369 3648 laniones
1383 3595 1503 3648 Hentes

205 3691 311 3757 vocati,
331 3691 548 3758 excludantur3
568 3692 612 3743 ita
631 3695 741 3757 tamen,
761 3695 795 3741 ut
818 3687 949 3741 Saxones
977 3687 1069 3740 talem
1097 3687 1211 3740 faciant
1230 3685 1446 3755 provisionem,
1467 3701 1502 3737 ne

204 3777 273 3830 inde
299 3779 469 3851 frequentia
489 3779 684 3833 Comitiorum
705 3779 861 3831 caritatem
882 3783 912 3829 et
931 3777 1081 3829 defectum
1100 3775 1335 3829 necessariorum
1354 3775 1501 3843 patiatur.

204 3866 361 3923 Caeterum
375 3871 422 3923 uti
436 3870 546 3923 aluisus
558 3885 660 3922 omnes
674 3885 691 3920 a
704 3867 821 3920 civibus
834 3867 967 3920 nationis
987 3866 1150 3918 saxonicae
1169 3865 1202 3916 in
1222 3862 1339 3917 eosdem
1352 3861 1502 3915 hactenns

204 3959 351 4013 exercitos
365 3961 471 4014 tollere
487 3960 623 4013 Articulo
644 3961 708 4013 18-o
727 3975 817 4028 supra
836 3957 893 4010 fati
912 3956 1085 4027 diplomatis
1105 3955 1215 4007 diserte
1235 3952 1439 4023 promisimus,
1460 3953 1500 4004 ita

204 4048 321 4102 eosdem
352 4052 506 4103 occasione
538 4051 720 4120 piscinarum
752 4053 783 4101 et
810 4047 965 4117 sylvarum
993 4043 1232 4114 glandiferarum
1259 4043 1339 4094 inter
1367 4039 1440 4094 illos
1472 4041 1500 4092 in

203 4139 296 4192 fundo
316 4140 412 4211 Regio
432 4142 569 4208 sitarum,
589 4157 605 4192 a
626 4139 712 4192 Fisco
731 4147 832 4191 nostro
853 4135 1105 4205 Transsylvanico
1126 4138 1156 4186 et
1184 4129 1381 4198 Officialibus,
1409 4146 1500 4200 supra

203 4232 387 4301 aequitatem
407 4236 437 4285 et
457 4247 568 4283 morem
596 4231 743 4282 usitatum
772 4227 894 4296 gravari
923 4225 1071 4288 nolumus
1100 4222 1224 4275 cassatis
1253 4221 1285 4272 in
1313 4221 1499 4272 contrarium

202 4321 436 4392 quibuscunque.
464 4318 579 4384 Quibus
608 4318 774 4372 Civitatem
812 4321 982 4368 nostrarum
1020 4313 1233 4365 Saxonicarum
1269 4308 1499 4379 gravaminibus

203 4411 355 4465 amicabili
369 4411 591 4481 compositione,
605 4407 762 4461 accedente
783 4405 839 4457 hac
858 4410 960 4456 nostra
981 4402 1061 4456 Caes.
1082 4401 1179 4470 Regia
1199 4397 1421 4469 approbatione,
1450 4415 1498 4468 pro

202 4502 268 4572 lege
293 4509 436 4571 perpetua
455 4499 588 4552 valitura
608 4496 779 4550 terminatis
798 4494 899 4547 omnia
930 4492 1103 4563 diplomatis
1131 4489 1227 4545 nostri
1256 4488 1354 4558 capita
1383 4488 1497 4540 inmota

202 4607 318 4660 semper
338 4590 543 4658 inviolataque
562 4603 703 4640 mansura
722 4586 881 4638 sancimus.
