3182 5210
219 341 285 404 258

218 561 303 623 quae
327 541 483 621 concepit
507 536 671 601 Pontifex
695 537 808 620 verba,
829 535 971 620 jurarit,
989 538 1081 602 illico
1098 547 1288 620 coronatuS,
1312 545 1516 622 suggestum

217 647 261 710 ad
285 647 320 710 id
347 653 586 729 praeparatum
610 646 816 728 conscendit,
834 653 868 710 et
886 645 1064 730 plerosque
1090 649 1126 709 in
1142 653 1336 730 equestrem
1358 647 1516 710 ordinem

218 763 371 838 cooptat:
415 761 455 818 nt
488 752 713 838 intelligatur,
751 775 896 837 regnum
928 754 972 817 ab
1004 757 1108 818 armis
1141 757 1319 836 auspicari,
1358 754 1515 838 nihilque

218 865 312 946 prius
336 860 490 946 majusve
514 863 605 944 apud
637 883 733 945 reges
767 883 838 925 esse
871 867 1035 945 oportere.
1068 882 1172 946 quam
1204 865 1373 925 rationem
1406 864 1516 925 incre-

218 977 439 1054 mentumque
463 969 624 1033 militaris
657 969 876 1051 disciplinae3
910 976 1044 1032 caetera
1068 989 1188 1032 ornare
1218 969 1323 1048 illam,
1356 971 1447 1033 tueri
1478 979 1515 1032 et

217 1100 342 1162 erigere
366 1079 517 1159 imperia.
550 1075 592 1140 In
616 1076 735 1140 eodem
758 1083 936 1158 apparata,
960 1083 1076 1157 postea
1101 1075 1254 1157 procedit
1273 1077 1317 1140 ad
1338 1075 1515 1158 templum,

217 1186 308 1248 divis
331 1184 435 1248 Petro
459 1189 494 1246 et
518 1183 625 1246 Paulo
650 1189 902 1246 consecratum:
927 1181 977 1246 ibi
1000 1183 1036 1244 in
1060 1181 1214 1245 tribunal
1246 1205 1281 1246 se
1314 1184 1445 1265 recipit,
1478 1193 1515 1246 et

217 1293 467 1355 controversias
490 1289 622 1374 aliquot
646 1291 753 1355 audit.
777 1294 811 1353 et
836 1291 974 1370 decidit,
1007 1297 1048 1353 nt
1080 1291 1268 1354 secundum
1290 1313 1363 1354 rem
1385 1290 1516 1354 milita-

217 1421 298 1479 rem,
321 1399 492 1461 iustitiam
517 1419 596 1480 prae
620 1396 778 1460 omnibus
795 1397 981 1479 colendam,
1001 1405 1036 1459 et
1052 1401 1138 1462 sciat
1155 1403 1189 1460 et
1206 1397 1334 1461 doceat.
1359 1397 1515 1462 Tandem

217 1505 374 1570 sublatus
398 1509 435 1568 in
458 1527 592 1589 equum,
626 1511 806 1588 postquam
840 1506 1018 1568 civitatem
1051 1503 1261 1584 lustraverit,
1294 1505 1517 1590 progreditur

217 1621 312 1677 extra
341 1619 482 1694 portam,
506 1612 549 1675 ad
574 1613 649 1674 divi
672 1611 817 1674 Martini
841 1613 968 1694 aedem,
997 1614 1188 1696 turrimque
1214 1611 1285 1675 illic
1309 1612 1515 1676 altissimam

216 1721 424 1797 conscendit,
448 1728 483 1783 et
506 1740 610 1804 quam
633 1720 780 1782 maxime
813 1725 934 1800 potest,
968 1726 1126 1801 protenso
1158 1725 1255 1782 extra
1288 1721 1413 1782 turrim
1438 1715 1517 1784 bra-

217 1828 301 1910 chio.
326 1828 369 1891 ad
393 1835 542 1911 quatuor
564 1826 685 1889 numdi
716 1834 838 1907 partae,
872 1825 1042 1888 nudatum
1073 1847 1188 1888 ensem
1222 1827 1385 1910 porrigit:
1418 1829 1516 1911 quali

216 1937 367 2020 undique
401 1956 546 2018 regnum
585 1941 770 2014 tutaturus
809 1939 870 1995 aut
903 1939 994 1996 certe
1026 1931 1120 1994 illius
1152 1931 1237 1994 fines
1269 1939 1304 1995 et
1337 1933 1517 2010 ditionem,

217 2049 474 2128 propagaturus.
516 2041 586 2107 Ubi
625 2063 706 2105 vero
740 2044 776 2104 in
809 2041 989 2104 civita-tem
1021 2038 1134 2121 rediit,
1168 2039 1319 2103 solennia
1353 2042 1514 2105 convivia

215 2149 441 2230 celebrantur,
475 2155 700 2234 strepuntque
741 2147 876 2231 publica
915 2146 1156 2232 gratulatione,
1189 2149 1275 2228 viae,
1314 2169 1352 2210 ac
1391 2147 1517 2212 domus

216 2279 340 2321 omnes,
372 2257 504 2334 Quibus
529 2255 697 2336 omnibus„
721 2256 782 2320 ubi
805 2254 1092 2338 Archiepiscopns
1117 2254 1334 2319 Uladislaum
1353 2255 1395 2318 (19
1419 2275 1516 2318 inore

215 2368 403 2448 coronavit,
426 2367 493 2429 rite
518 2373 620 2449 atque
645 2365 764 2428 ordine
797 2366 961 2427 servatis:
996 2363 1169 2445 postridie,
1198 2385 1241 2426 ex
1264 2365 1517 2444 universorum,

215 2475 275 2558 qui
299 2480 541 2556 convenerant,
574 2474 754 2553 sententia,
788 2473 1026 2550 constitutum,
1059 2480 1098 2534 ut
1131 2493 1254 2534 corona
1280 2471 1311 2535 S.
1337 2469 1517 2552 Stephani,

216 2603 294 2644 cmn
332 2583 436 2644 sacris
476 2583 629 2647 induviis
672 2580 921 2660 reconderetur,
961 2585 1261 2664 asservareturque
1293 2579 1337 2643 ad
1377 2577 1518 2642 futuros

215 2711 312 2772 reges
336 2688 532 2770 initiandos.
556 2691 677 2750 sinon
702 2689 917 2771 contingeret
942 2688 1134 2768 recuperari
1162 2707 1300 2750 sacram.
1334 2685 1515 2769 Abrogata

215 2797 339 2860 deinde
364 2795 563 2879 posthumi3
590 2798 774 2878 coronati0,
798 2802 832 2858 et
861 2817 903 2869 ne
936 2797 1013 2879 quis
1047 2815 1124 2857 eum
1158 2815 1217 2876 pro
1250 2817 1329 2879 rege
1362 2793 1519 2877 duceret,

215 2905 375 2968 edictum.
408 2905 572 2989 Agriensi
595 2905 790 2987 Episcop0,⁴
816 2904 921 2976 cuiue,
946 2922 1053 2986 usqne
1086 2901 1129 2964 ad
1163 2902 1340 2984 invidiam,
1365 2905 1519 2966 auctori-

215 3020 277 3093 tas.¹
310 3011 401 3095 apud
425 3010 641 3076 Uladislaum
675 3008 857 3074 eminebat.
890 3029 1019 3072 novum
1052 3008 1206 3092 sigillum
1234 3009 1332 3092 regni
1356 3013 1518 3072 commis-

216 3140 309 3199 sum,
344 3126 379 3182 et
413 3141 454 3180 ne
488 3140 553 3202 qua
588 3116 682 3182 fraus
715 3138 853 3180 errorve
886 3116 1058 3180 committi
1092 3123 1214 3196 posset,
1243 3119 1369 3180 veteris
1403 3117 1519 3200 sigilli

215 3225 299 3290 fides
323 3233 562 3290 exauctorata:
587 3226 914 3308 pronuntiatiunque
940 3223 983 3286 ad
1009 3222 1181 3306 populum,
1213 3244 1255 3284 ne
1288 3221 1398 3286 literis
1421 3223 1519 3307 uilia,

216 3341 454 3418 praeterquam
477 3355 566 3398 novo
591 3331 706 3418 sigillo
730 3334 885 3416 signatio,
902 3331 1115 3411 crederetur,
1142 3337 1378 3414 praetereant
1394 3351 1519 3397 omnes

215 3443 460 3522 immunitates
486 3440 744 3524 privilegiaque,
768 3461 787 3501 a
812 3436 983 3520 prioribus
1009 3437 1149 3522 regibus
1169 3459 1333 3519 concessa,
1357 3437 1519 3503 eiusdem

215 3547 322 3632 sigilli
345 3546 412 3610 fide
437 3546 728 3610 confirmarentur.
760 3545 960 3625 Multorum,
983 3547 1045 3628 qui
1068 3545 1109 3608 de
1135 3566 1248 3630 regne,
1272 3551 1333 3609 aut
1364 3543 1407 3608 de
1430 3565 1518 3630 rege-

215 3655 300 3718 bene
334 3657 458 3734 meriti,
489 3655 641 3739 dignitas
674 3661 708 3717 et
743 3653 894 3717 conditio
927 3652 1091 3716 adaucta:
1124 3655 1267 3716 caeteris
1300 3671 1375 3735 spes
1409 3649 1519 3734 facta,

215 3762 314 3826 modo
353 3785 387 3825 se
428 3763 550 3846 dignos
589 3761 800 3842 exhiberent,
840 3763 876 3822 in
914 3781 998 3843 quos
1038 3758 1284 3823 liberalitatem
1322 3779 1418 3824 stiam
1451 3781 1519 3824 rex

214 3877 395 3934 exerceret.

324 4127 334 4154 Β
352 4117 388 4170 V.
407 4116 521 4171 Ltszld.

323 4218 332 4246 ¹
352 4208 509 4279 Itozgonyi
527 4206 635 4260 Simon.
