3144 5218
1321 364 1387 427 559

81 557 319 641 desperantes,
342 560 580 642 timentesque,
604 581 665 643 per
686 564 778 622 artes
797 580 875 622 suas
894 565 929 622 et
944 560 1057 624 media
1073 559 1290 626 associabunt
1313 583 1385 626 sese

80 667 338 750 Hungarorum
354 666 445 746 parti
460 663 590 748 rebelli,
614 663 872 751 conjunctisque
889 667 993 730 armis
1008 669 1123 731 vicina
1142 669 1248 732 etiam
1263 669 1385 752 Regna

79 782 121 838 et
146 773 350 838 Provincias
372 771 553 837 invadunt.

197 881 273 946 Hae
305 886 386 944 sunt
419 879 609 944 'furcarum
642 879 789 964 fraudes,
827 882 953 968 quibus
984 903 1069 968 gens
1101 882 1185 948 haec
1217 884 1384 969 Hungara

77 997 244 1070 vexatur,
268 994 387 1051 contra
409 1009 493 1072 quas
517 988 591 1052 dixi
615 988 728 1053 media
751 992 915 1074 superius,
946 990 1071 1076 quibus
1099 993 1263 1056 nimirum
1287 992 1385 1056 Hun-

77 1099 165 1181 gari
197 1119 232 1160 se
265 1118 304 1160 ac
336 1093 493 1160 Confinia
525 1118 595 1180 sua,
628 1096 672 1160 ad
697 1097 878 1162 evitandas
910 1098 1161 1182 utplurimum
1192 1105 1385 1182 praetactas

78 1203 229 1267 fraudes
252 1203 423 1286 Turcicas,
442 1200 567 1286 juvare
590 1211 736 1288 possent.
760 1201 918 1268 Annecto
934 1211 1051 1268 tamen
1073 1203 1222 1269 multum
1238 1207 1275 1268 in
1291 1227 1385 1288 prae-

77 1313 181 1374 senti
213 1311 328 1395 Regni
360 1313 564 1376 necessitate
598 1312 764 1395 prodesse,
806 1315 836 1376 si
868 1334 970 1396 supra
1002 1319 1134 1377 attacta
1166 1313 1292 1377 militia
1325 1335 1385 1396 per

80 1417 294 1500 Comitatus,
317 1442 357 1484 ac
381 1419 507 1485 liberas
531 1419 701 1485 Civitates
724 1421 954 1504 conducenda,
982 1420 1100 1486 debito
1123 1421 1224 1485 modo
1257 1427 1293 1486 et
1315 1443 1385 1485 non

32 1602 39 1615 ,
77 1527 131 1590 ad
155 1526 302 1592 liberum
326 1527 415 1593 velle
447 1529 528 1610 (uno
552 1529 683 1594 seilicet
715 1529 894 1594 Comitatu
921 1549 999 1595 suos
1022 1529 1243 1612 conducente,
1275 1529 1384 1593 altero

17 1612 31 1632 ’
77 1655 170 1698 vero
198 1631 272 1717 jam
303 1641 386 1698 tuno
409 1643 511 1700 antea
542 1636 729 1700 conductos
762 1636 969 1719 dimittente,
1002 1643 1037 1700 et
1069 1635 1283 1715 absolvente)
1307 1657 1384 1699 con-

77 1743 279 1824 duceretur,
306 1749 341 1806 et
364 1745 640 1825 interteneretur,
672 1765 715 1806 ne
747 1765 913 1826 expensae
936 1744 1090 1829 alioquin
1113 1743 1242 1828 absque
1266 1742 1384 1808 fructu

78 1851 258 1913 incassum
281 1849 452 1914 caderent.

195 1956 261 2020 His
284 1957 417 2021 accedit
441 1955 658 2040 particularis
681 1957 864 2040 expeditio,
896 1960 926 2022 si
954 1954 1056 2040 juxta
1079 1957 1195 2042 Regni
1218 1959 1383 2022 constitu-

79 2066 198 2128 tiones
230 2072 468 2147 assumeretur,
502 2064 561 2128 sed
593 2085 672 2128 cum
705 2065 742 2128 in
774 2064 838 2128 hac
870 2085 1005 2151 quoque
1038 2067 1256 2148 expeditione
1281 2065 1383 2129 multi

79 2173 158 2235 sint
190 2171 316 2236 abusus
349 2181 383 2236 et
417 2171 573 2236 defectus
605 2193 715 2256 neque
747 2171 807 2235 illa
836 2169 939 2255 juxta
971 2173 1086 2256 Regni
1118 2174 1383 2236 constitutiones

80 2287 288 2362 assumatur,
320 2279 477 2344 Dominis
501 2287 536 2344 et
568 2279 760 2344 Nobilitate
784 2301 804 2343 a
828 2283 936 2362 portis
959 2282 997 2344 in
1020 2283 1090 2344 suis
1114 2279 1212 2344 bonis
1235 2282 1383 2345 existen-

80 2385 180 2449 tibus
214 2407 274 2469 pro
306 2386 507 2470 particulari
545 2385 608 2449 hac
642 2385 859 2468 expeditione
892 2387 1061 2451 cedendas
1092 2408 1256 2470 expensas
1280 2386 1323 2449 ad
1348 2409 1382 2450 se

81 2492 300 2575 levantibus;
333 2493 416 2558 haec
439 2515 574 2579 quoque
598 2493 772 2576 expeditio
799 2513 869 2556 non
888 2491 990 2576 juxta
1013 2493 1143 2578 Legem
1166 2493 1290 2578 Regni,
1323 2496 1381 2558 sed

80 2599 309 2682 depravatam
332 2602 615 2666 consuetudinem
637 2607 822 2684 assumpta,
846 2622 967 2683 parum
990 2602 1121 2684 patriae
1145 2600 1292 2683 prodest.

193 2707 410 2791 Quapropter
441 2729 516 2772 mea
549 2709 646 2770 tenui
679 2709 838 2791 opinione
861 2708 987 2793 aliquis
1019 2708 1107 2772 alius
1130 2709 1237 2772 etiam
1260 2707 1381 2772 modus

84 2817 124 2877 in
147 2815 213 2878 hoc
236 2817 350 2898 etiam,
374 2815 455 2880 licet
479 2817 563 2880 satis
587 2814 769 2879 debilitato
792 2816 908 2900 Regni
931 2818 1032 2880 istius
1055 2821 1159 2900 statu,
1184 2837 1244 2899 pro
1267 2816 1382 2902 Regni

84 2921 294 3006 defensione,
317 2929 353 2986 et
377 2921 612 2987 Oonfiniorum
636 2925 892 2988 conservatione
916 2923 1140 3008 quaerendus,
1164 2924 1382 2988 statuendus-

82 3049 150 3112 que
175 3035 272 3092 esset.

194 3136 383 3220 thuidem
416 3141 582 3220 inprimis
614 3147 653 3203 ut
677 3140 808 3203 domini
840 3137 1049 3222 Regnicolae
1081 3137 1125 3202 ad
1157 3143 1381 3223 augmentum

83 3241 296 3308 solutionum
312 3243 400 3308 Suae
416 3246 462 3309 Μ.
481 3269 521 3310 ac
536 3249 730 3310 vicinarum
748 3247 1011 3309 Provinciarum
1030 3243 1198 3309 Gonfiniis
1216 3247 1381 3326 praestari
1497 3281 1504 3296 ‹

82 3348 274 3434 solitarum,
297 3355 408 3437 magis
440 3361 480 3416 ut
505 3353 671 3416 hactenus
703 3359 954 3435 concurrerent,
986 3350 1313 3435 contribuerentque
1337 3350 1380 3413 ad

82 3457 205 3521 eadem
228 3457 376 3523 confinia
400 3466 535 3543 praeter
558 3460 707 3523 mediam
731 3462 837 3524 etiam
860 3459 1091 3542 Tricesimum,
1116 3467 1151 3523 et
1178 3459 1243 3524 hoc
1268 3465 1380 3541 posset

81 3561 158 3627 fieri
182 3563 270 3628 bona
293 3565 601 3648 administratione,
625 3567 708 3648 ipsis
732 3567 838 3628 etiam
861 3586 930 3629 non
944 3565 1311 3631 animadvertentibus.
1328 3564 1379 3628 De

81 3669 196 3734 medio
219 3679 336 3736 autem
359 3675 459 3736 istius
483 3671 757 3754 contributionis,
781 3673 862 3736 vide
886 3670 977 3736 infra
1001 3676 1091 3736 circa
1114 3671 1227 3741 finem.

190 3777 333 3861 Deinde,
365 3785 405 3843 ut
437 3781 527 3843 sicut
559 3785 712 3862 tempore
744 3777 924 3861 Rudolphi
955 3777 1178 3862 Imperatoris
1210 3787 1246 3841 et
1268 3777 1378 3862 Regis

80 3887 282 3973 Hungariae
306 3887 439 3953 factum
462 3887 540 3972 fuit,
564 3910 655 3952 nunc
678 3909 812 3972 quoque
844 3887 918 3952 loco
943 3889 1211 3970 particularium,
1235 3895 1271 3950 et
1297 3907 1380 3950 non-

80 3993 255 4058 nullarum
276 3997 553 4079 contingentium
576 3993 836 4076 expeditionum
854 3993 1035 4057 evitandos
1050 3989 1197 4076 majores
1213 3998 1380 4076 sumptus,

80 4121 166 4184 quos
195 4102 417 4184 particulares
441 4099 677 4183 expeditiones
700 4102 890 4183 requirunt,
924 4122 983 4182 per
1015 4099 1170 4184 singulos
1194 4101 1379 4163 comitatus

80 4209 375 4272 intertenerentur
397 4207 526 4271 milites
554 4208 711 4270 continui
744 4208 781 4268 in
814 4203 989 4269 Oonfiniis.
1028 4204 1162 4282 Quibus
1192 4205 1256 4269 sub
1291 4203 1380 4269 bona

80 4313 273 4398 disciplina,
297 4322 332 4377 et
356 4313 420 4378 sub
445 4313 532 4378 bono
557 4313 725 4377 directore
760 4315 797 4376 in
820 4312 943 4376 iisdem
976 4311 1143 4376 Oonfiuiis
1171 4314 1379 4394 intertentis,

80 4417 267 4504 debitaque
291 4419 460 4484 solutione
484 4419 607 4483 iisdem
631 4420 805 4501 praestita,
838 4415 1031 4501 conjunctis
1054 4426 1090 4481 et
1113 4419 1222 4481 unitis
1246 4417 1380 4483 viribus

79 4549 159 4591 cum
200 4529 323 4592 ceteris
365 4525 584 4590 Confiniariis
626 4526 810 4590 ordinariis
851 4529 888 4590 in
925 4529 1108 4611 antiquum
1149 4525 1306 4590 ordinem
1344 4535 1379 4589 et

81 4655 263 4699 numerum
297 4635 458 4718 reductis,
491 4633 674 4718 debitoque
708 4634 891 4718 exsolutis·
919 4633 1036 4698 nullus
1075 4631 1235 4698 dubitare
1268 4632 1381 4712 debet,
