3144 5218
227 357 294 422 508

225 565 342 620 sancte
365 565 400 620 et
423 555 556 620 illibate
589 563 851 636 conserventur,
884 563 918 620 et
951 565 991 620 ut
1016 555 1152 620 decreta
1186 577 1320 642 quoque
1355 559 1456 642 regni
1490 573 1523 621 et

224 663 371 747 articuli,
410 687 488 729 cum
520 664 598 728 aliis
631 663 842 748 processibus
874 663 1037 746 iuridicis,
1066 685 1168 748 quem
1200 663 1386 728 admodum
1411 667 1437 728 ii
1466 687 1528 748 per

225 771 454 857 designandas
486 793 528 834 ex
557 771 739 856 regnicolis
762 771 806 834 ad
830 770 866 834 id
891 791 1049 854 personas
1082 771 1262 852 meliorati,
1294 773 1331 834 in
1363 771 1526 836 ordinem

225 880 366 962 redacti,
390 885 424 942 et
448 877 589 942 tandem
613 899 672 961 per
694 877 831 942 eosdem
860 876 1048 961 regnicolas
1072 879 1108 942 in
1133 877 1269 960 publica
1294 899 1414 942 eorum
1449 901 1527 962 pro

226 989 317 1051 xime
341 985 459 1050 futura
488 985 602 1049 diaeta
625 983 806 1068 approbati
837 983 977 1066 fuerint,
999 985 1119 1050 eadem
1142 983 1303 1068 majestas
1326 1007 1387 1050 sua
1412 987 1527 1070 diplo

226 1103 318 1157 mate
350 1095 445 1178 regio
477 1090 647 1156 ratificare
670 1099 705 1154 et
729 1090 929 1156 confirmare
961 1099 1128 1174 teneatur,
1161 1092 1359 1156 conclusum
1391 1103 1465 1157 est:
1492 1106 1525 1156 et

226 1209 274 1284 ut,
294 1198 396 1284 juxta
429 1199 575 1263 eundem
607 1199 800 1280 articulum,
833 1221 932 1263 nemo
956 1201 1023 1262 nisi
1046 1198 1200 1284 legitime
1224 1203 1351 1264 citatus
1374 1207 1411 1264 et
1432 1197 1528 1284 juris

225 1308 344 1371 ordine
368 1308 554 1388 convictus
580 1307 759 1389 puniatur,
784 1305 945 1370 similiter
967 1305 1164 1370 conclusum
1187 1311 1279 1370 est.¹¹

229 1507 411 1577 Articulus
452 1507 559 1577 XVII.
599 1507 748 1576 Residui
786 1507 940 1576 Articuli
978 1508 1198 1591 Viennenses,
1234 1507 1301 1576 sub
1336 1511 1528 1596 praesenti

573 1616 696 1684 adbuc
719 1615 848 1684 Diaeta
873 1615 1164 1684 determinentur.

334 1773 386 1838 Ad
409 1774 644 1850 (Irroderiruum,
676 1771 828 1856 aliosque
861 1772 1046 1835 inmediate
1079 1770 1324 1856 subsequentes
1355 1770 1525 1834 articulos

223 1881 314 1963 quod
349 1887 489 1963 spectat,
523 1881 699 1943 decretum
731 1887 793 1960 est,
826 1887 864 1942 ut
890 1881 915 1942 ii
938 1901 1044 1964 usque
1077 1879 1121 1942 ad
1154 1881 1411 1942 coronationem
1440 1879 1524 1941 novi

226 1985 336 2050 futuri
363 1990 452 2070 regis
476 1989 513 2051 in
537 2008 597 2050 suo
620 1988 739 2070 vigore
764 1994 1001 2069 permaneant:
1025 1993 1061 2049 et
1084 1989 1226 2071 quaevis
1258 1986 1466 2050 donationes
1490 1995 1522 2047 et

224 2095 463 2177 inscriptiones
488 2093 551 2158 sub
577 2097 746 2176 praesenti
769 2093 880 2158 adhuc
904 2093 1026 2176 diaeta,
1057 2096 1155 2158 iuxta
1178 2101 1339 2157 contenta
1364 2093 1525 2176 pacifica-

225 2203 329 2265 tionis
354 2203 567 2282 Viennensis,
590 2203 662 2265 sine
686 2200 801 2285 aliqua
824 2201 998 2282 dilatione,
1013 2223 1073 2283 per
1088 2222 1202 2284 regem
1218 2222 1257 2264 ac
1274 2200 1305 2264 S.
1322 2199 1355 2264 S.
1372 2209 1408 2264 et
1425 2201 1465 2266 Ο.
1486 2201 1524 2265 Ο.

225 2307 310 2372 fiant
335 2316 370 2372 et
394 2309 675 2373 determinentur.
698 2307 830 2384 Quibus
854 2307 917 2372 hoc
942 2315 1049 2391 pacto,
1073 2329 1133 2390 per
1156 2309 1197 2372 R.
1225 2307 1257 2371 S.
1290 2305 1524 2391 Majestatem.

225 2419 290 2480 rite
323 2423 358 2480 et
390 2416 544 2501 legitime
580 2419 616 2478 in
655 2415 817 2479 effectum
855 2397 1029 2496 deductu,
1068 2415 1238 2500 salvisque
1272 2416 1524 2480 viennensibus

224 2524 388 2608 articulis,
413 2530 447 2586 et
472 2521 835 2606 confoederationibus
855 2531 893 2586 ut
914 2525 1136 2606 praemissum
1152 2529 1212 2605 est,
1230 2524 1523 2606 permanentibus.

265 2744 446 2812 Articulus
473 2743 597 2812 XVIII.
627 2743 669 2810 Ut
692 2743 861 2832 Maiestas
887 2743 957 2810 Sua
982 2743 1093 2832 Repia
1119 2745 1154 2810 in
1179 2743 1300 2832 Reqno
1324 2743 1476 2811 habitet.

332 2898 465 2962 Primo:
491 2897 673 2960 Postulant
697 2897 857 2981 Hungari
880 2918 899 2959 o
924 2919 983 2959 sua
1008 2896 1049 2960 R.
1074 2893 1264 2980 Majestate,
1289 2905 1328 2961 ut
1357 2899 1523 2986 deinceps

224 3008 259 3068 in
293 3006 404 3069 medio
437 3007 588 3086 ipsorum
620 3003 764 3086 habitet,
797 3026 1007 3089 regnumque
1039 3004 1102 3068 hoc
1137 3006 1272 3087 propria
1305 3006 1342 3068 in
1374 3029 1520 3089 persona

223 3113 460 3177 administret:
484 3120 544 3176 aut
569 3114 597 3176 si
621 3113 757 3196 quando
781 3133 841 3174 sua
865 3111 905 3177 R.
931 3112 976 3175 M.
1001 3111 1036 3175 id
1062 3110 1151 3175 sorte
1170 3134 1210 3174 ex
1228 3115 1331 3176 certis
1347 3135 1386 3177 ec
1402 3121 1523 3200 gravi-

224 3219 287 3284 bus
311 3221 353 3284 de
377 3223 487 3284 causis
520 3218 630 3283 facere
665 3241 733 3282 non
766 3227 895 3302 posset;
919 3227 953 3282 et
982 3219 1113 3283 diutius
1137 3218 1339 3304 longiusque
1364 3221 1521 3290 abesset:

223 3350 264 3390 ex
288 3336 371 3392 tunc
395 3324 555 3410 majestas
588 3348 648 3390 sua
681 3328 774 3410 regia
808 3325 959 3408 palatino
983 3324 1101 3390 futuro
1134 3326 1321 3408 plenariam
1345 3351 1384 3392 ao
1409 3336 1522 3396 omni-

223 3436 358 3498 modam
388 3441 593 3517 potestatem
625 3432 804 3516 attribuat,
835 3455 979 3517 regnum
1011 3433 1104 3496 istud
1137 3455 1215 3498 cum
1247 3435 1389 3499 oonsilio
1418 3437 1521 3503 Hun-

221 3543 337 3622 garico
370 3563 438 3606 non
470 3563 566 3605 secus
589 3563 628 3604 ac
652 3542 681 3604 si
705 3543 850 3622 ipsamet
883 3540 937 3603 hic
962 3541 1135 3622 resideret,
1169 3541 1319 3623 plenarie
1342 3565 1382 3606 ao
1408 3549 1520 3610 omui-

222 3650 321 3712 mode
346 3649 451 3729 (more
475 3650 667 3732 antiquitus
692 3648 814 3730 solito),
839 3649 981 3732 regendi
1004 3670 1042 3711 ao
1066 3649 1339 3714 administrandi.

222 3849 404 3919 Articuleio
440 3849 528 3917 XIX.
557 3850 658 3916 Bona
684 3849 733 3916 ad
765 3849 950 3916 Austriarn
984 3851 1238 3938 impipnorata,
1272 3851 1427 3939 qualiter
1463 3857 1519 3924 oet

419 3959 533 4047 pratis
557 3958 678 4048 Reqno
703 3958 944 4040 remittantur,
968 3965 1033 4026 aut
1056 3958 1314 4027 redimantur?

329 4115 492 4178 Secundo.
526 4113 716 4194 Postulant‚
749 4123 788 4177 ut
821 4112 980 4196 majestas
1009 4137 1068 4178 sua
1098 4117 1200 4200 regia,
1234 4117 1367 4179 intuitu
1390 4121 1516 4184 sinceri

221 4243 301 4307 erga
325 4245 360 4285 se
376 4223 500 4285 amoris
517 4229 550 4285 et
568 4220 825 4285 benevolentiae
850 4224 963 4304 gentis
987 4223 1214 4308 Hungarioae,
1238 4220 1405 4288 hactenus
1422 4224 1516 4290 luca-

221 4329 331 4393 lenter
356 4331 438 4392 satis
464 4327 664 4407 declaratae,
694 4326 914 4412 fideliumque
938 4331 1158 4392 servitiorum
1190 4351 1337 4412 suoram,
1360 4335 1516 4416 graviter

221 4437 394 4522 hamusque
434 4439 676 4520 praestitorum
707 4459 744 4499 ao
780 4438 816 4499 in
855 4434 1011 4500 futurum
1049 4458 1182 4521 quoqne
1223 4440 1296 4520 pari
1334 4437 1515 4504 fidelitatis

333 4655 352 4681 ¹¹
372 4649 397 4698 A
418 4647 571 4700 kikuldott.
592 4646 739 4716 bizottsdg
758 4664 826 4700 nem
846 4646 1004 4700 keszltette
1025 4647 1052 4700 el
1072 4665 1088 4700 a
1109 4647 1242 4700 munktt.
