3182 5210
1298 351 1360 416 191
1434 297 1437 302 μ

79 549 215 612 Saxones
239 553 445 610 memoratos
470 551 578 630 partis
595 547 834 612 Transilvanie
850 555 886 610 et
905 547 1022 612 Bonus
1047 550 1157 612 tocius
1180 547 1361 614 Solavonie

77 653 197 720 nobiles
223 655 333 736 partis
364 653 525 719 Dravane
558 654 755 720 nullatenus
791 653 995 719 descendere
1029 655 1144 738 possit,
1176 677 1238 720 nec
1270 658 1361 738 ipsos

77 766 108 826 in
128 761 240 847 aliquo
263 762 438 826 indebiter
460 785 660 848 aggravare.

171 868 223 962 Ut
242 871 352 954 igitur
370 869 453 935 haec
477 875 594 936 nostra
614 871 856 934 ordinatio...
882 872 998 952 pocius
1022 892 1042 933 a
1068 869 1360 952 predecessoribus

76 979 191 1040 nostris
211 979 215 1055 Ι
237 976 377 1063 regibus
417 977 610 1042 illustribus
643 978 822 1063 Hungarie
848 979 1019 1060 primitus
1039 975 1220 1042 observata
1260 977 1360 1042 robor

74 1087 220 1168 optineat
236 1093 399 1169 perpetue
415 1085 599 1168 firmitatis,
617 1093 812 1170 praesentes
828 1087 1054 1149 concessimus
1078 1085 1196 1149 literas
1212 1085 1360 1169 duplicis

72 1191 171 1276 sigilli
190 1194 301 1256 nostri
324 1195 512 1256 munimine
536 1193 721 1258 roboratas.
744 1193 874 1256 Datum
900 1214 959 1275 pro
983 1213 1103 1256 manus
1128 1192 1268 1257 discreti
1291 1193 1360 1256 viri

73 1301 223 1384 magistri
246 1299 419 1364 'Pheodori
441 1299 520 1364 Alb.
544 1300 683 1366 ecclesie
719 1302 883 1384 prepositi
910 1299 986 1363 aule
1015 1307 1129 1364 nostre
1153 1299 1360 1364 decanea·-

71 1403 141 1468 larii
173 1407 295 1471 dilecti
310 1415 361 1472 ct
400 1406 512 1470 fidelia
549 1411 667 1472 nostri.
705 1408 807 1472 Anno
828 1408 831 1486 l
854 1406 924 1470 Dui
953 1407 1001 1470 M.
1034 1405 1101 1470 00.
1140 1409 1360 1491 nonagesimo

72 1517 172 1594 primo
197 1521 320 1580 octavo
343 1514 507 1578 kalendas
530 1515 650 1579 Martii
673 1513 788 1599 Regni
812 1521 927 1577 autem
950 1515 1061 1577 nostri
1085 1516 1193 1596 primo
1216 1535 1314 1578 annu.

169 1640 354 1722 Hatapoa.
375 1637 575 1702 Bonifacius
598 1661 617 1702 a
642 1638 835 1720 predicator
857 1638 892 1700 tis
916 1637 1031 1702 Minor
1053 1636 1258 1702 baratolrrdl.

168 1745 250 1809 Dat.
274 1747 406 1810 Latran
429 1745 511 1810 XII.
536 1745 614 1810 Kal.
637 1743 758 1828 Maroij
789 1745 976 1830 pontificat.
1001 1747 1111 1808 nostri
1133 1767 1223 1810 anno
1247 1746 1276 1809 6.

167 1852 321 1917 Hatirat.
344 1853 397 1917 Aa
412 1852 689 1938 Magiarornaghi
712 1852 967 1930 nemesseknelx,
983 1851 1216 1916 Erdelielxnelx
1240 1874 1275 1916 es
1291 1851 1358 1916 Zaa

66 1961 291 2025 nemeselrnelx
314 1961 376 2026 sols
398 1960 542 2025 hasznos
564 1960 667 2025 volna
691 1960 810 2024 ebben.
1346 1945 1348 1949 ⁸

166 2068 266 2153 hogy
302 2091 341 2132 az
373 2067 597 2152 Nemesssgre
636 2091 678 2131 ne
718 2065 889 2151 zalljanalx
923 2069 967 2131 itt
1001 2066 1111 2152 mogh.
1153 2067 1254 2132 eskut
1286 2069 1358 2133 An-

65 2173 137 2237 dras
161 2173 268 2239 kiroli

166 2283 265 2368 hogy
287 2282 331 2347 ha
356 2283 481 2368 idegen
504 2283 693 2368 orsztgban
725 2305 872 2368 megyen
895 2305 934 2346 aa
958 2282 1060 2346 kiroli
1084 2282 1252 2362 verrini,
1277 2285 1355 2364 pina

64 2389 174 2454 nellxdl
200 2413 280 2454 nem
302 2391 485 2455 tartoanak
508 2390 553 2454 ell
577 2393 700 2456 menni.

164 2495 222 2562 Aa
245 2497 348 2562 kirali
371 2493 535 2582 aemeljen
559 2497 658 2562 kivul
681 2501 800 2562 semmi
827 2520 868 2562 ur
891 2497 991 2561 melle'
1016 2496 1063 2560 fel
1087 2497 1160 2560 alni
1184 2519 1262 2561 nem
1287 2503 1355 2561 tar-

63 2605 186 2668 toznalx
213 2605 296 2687 pena
322 2604 448 2668 nellxul.

654 2832 763 2904 1298.

164 3019 334 3100 Tempore
364 3019 593 3081 coronationis
617 3018 748 3082 domini
770 3016 930 3082 Andreae
954 3019 1045 3102 regis
1079 3017 1223 3081 illustris
1258 3019 1356 3082 Hun-

60 3128 181 3208 gariae,
207 3127 274 3188 etsi
296 3147 366 3189 non
389 3146 505 3190 omnes
529 3125 751 3208 conditiones,
770 3148 830 3189 seu
846 3123 1024 3190 libertates
1040 3127 1139 3210 regni
1155 3125 1354 3210 Hungariae

7 3305 8 3318 .
60 3232 99 3296 ab
126 3236 274 3318 antiquo
298 3231 507 3314 observatae,
531 3234 699 3318 quaedam
727 3241 844 3296 tamen
876 3256 918 3297 ex
951 3236 1034 3317 ipsis
1066 3231 1287 3298 libertatibus
1320 3241 1355 3298 et

60 3340 315 3407 conditionibus
331 3340 500 3406 notabiles
520 3351 555 3404 et
579 3341 655 3424 plus
678 3343 895 3424 necessariae,
920 3341 1055 3426 puplico
1080 3344 1216 3424 scripte,
1241 3341 1354 3426 sigillo

7 3429 9 3504 Ῐ
60 3451 212 3514 eiusdem
254 3450 385 3514 domini
426 3453 517 3535 regis
558 3452 711 3514 munitae
751 3449 881 3514 fuerint
920 3450 1122 3531 declaratae,
1154 3472 1241 3535 quae
1274 3452 1354 3534 quia

7 3565 8 3572 ’
59 3557 183 3642 iniquis
229 3557 425 3621 hominibus
460 3569 494 3622 et
528 3557 718 3640 cupiditate
751 3560 940 3622 excaecatis
980 3558 1211 3640 pravitatibus
1250 3560 1354 3621 inter·
1479 3556 1481 3562 ’

60 3663 278 3729 venientibus
302 3667 442 3730 minime
467 3663 608 3729 fuerunt
640 3665 850 3747 observatae,
874 3673 908 3730 et
932 3689 974 3730 ex
1007 3667 1190 3749 tepiditate
1223 3667 1354 3730 domini

57 3776 142 3856 regis
177 3771 278 3836 fuere
311 3774 448 3854 penitus
480 3784 515 3836 et
549 3776 766 3856 postpositae,
799 3795 943 3858 regnum
967 3774 1166 3858 Hungariae
1192 3775 1226 3836 in
1260 3775 1354 3836 omni

56 3897 112 3942 sua
142 3887 245 3962 parte
268 3878 434 3944 fluctuare
460 3879 551 3962 fecit,
584 3889 618 3944 et
653 3903 712 3962 per
744 3889 863 3944 vastus
896 3883 1009 3944 varios
1042 3903 1081 3944 ac
1116 3880 1278 3962 plurimos
1311 3903 1351 3942 ex

58 3987 211 4064 potentia
235 3986 410 4051 Beronum
435 3996 470 4052 et
493 3987 639 4051 aliorum
665 3992 842 4070 potentum
877 3989 1114 4069 provenientes
1148 3989 1184 4050 in
1218 3995 1353 4052 tantum

56 4092 213 4174 anullari,
246 4099 287 4156 ut
319 4093 480 4158 ecclesiae
513 4103 548 4159 et
581 4092 713 4158 nobiles
746 4093 807 4156 alii
839 4101 955 4157 autem
988 4093 1180 4179 regnicolas
1214 4096 1250 4157 in
1283 4095 1352 4156 suis

55 4198 153 4264 rebus
178 4207 217 4263 et
241 4198 467 4264 facultatibus
491 4200 532 4263 ad
559 4207 747 4264 extremam
764 4201 1034 4264 exinanitionem
1050 4201 1261 4264 devenerint.
1278 4200 1352 4276 Quo

55 4308 123 4370 viso
148 4307 247 4370 idem
272 4307 431 4370 dominus
454 4305 611 4370 Andreas
635 4307 760 4388 spiritu
784 4315 901 4369 sancto
925 4315 1130 4392 suggerente
1155 4328 1253 4370 aures
1276 4327 1353 4388 ape-

54 4416 120 4476 ruit
136 4435 223 4478 suac
239 4412 442 4478 clementiae
458 4419 494 4477 et
516 4411 676 4477 fidelibus
700 4411 851 4476 consiliis
874 4416 1100 4497 acquiescens,
1117 4417 1352 4499 congregatio-

53 4541 127 4584 nem
146 4520 283 4585 indixit
298 4519 502 4606 generalem,
519 4519 562 4583 ad
578 4519 662 4584 haee
678 4525 717 4582 ut
734 4518 902 4601 praelatos
919 4527 953 4583 et
970 4522 1075 4584 viiros
1097 4519 1351 4604 ecclesiasticos

7 4679 8 4684 ,
53 4647 110 4692 nec
133 4649 211 4694 non
234 4635 269 4692 st
292 4625 425 4693 nobiles
450 4629 555 4712 regni,
578 4626 726 4690 exclusis
745 4625 1005 4713 quibuscunque
1022 4626 1233 4711 BaronibuS„
1251 4635 1351 4710 prout
