3138 5212
1273 383 1340 446 415

60 593 184 648 tantum
222 604 278 647 eos
302 581 511 664 tribuebant,
544 581 698 667 singulae
738 581 868 645 scilicet
908 580 1068 664 familiae,
1108 581 1163 646 vel
1196 588 1235 645 ut
1274 583 1340 664 ipsi

60 691 177 773 dicunt,
202 697 327 773 portae,
351 689 527 774 singulum
550 688 691 753 bovem:
716 689 753 752 in
776 691 1003 770 coronatione,
1028 691 1064 752 in
1088 691 1228 772 nuptiiS,
1252 697 1287 753 et
1304 692 1340 752 in

60 800 269 884 primogeniti
304 799 499 880 nativitate,
532 794 629 880 cujus
653 797 736 879 loeo,
774 797 803 859 si
832 783 906 859 ¹filia
939 795 1150 878 nascebatur,
1183 819 1203 860 a
1235 799 1339 861 tertio

60 905 180 970 tributo
203 903 478 969 absolvebantur.
502 903 603 968 Nunc
627 905 750 967 omissa
789 903 964 966 interdum
987 905 1129 989 antiqua
1162 911 1340 968 consuetu-

59 1011 137 1092 dine.
160 1012 215 1074 vel
240 1010 385 1075 subsidii
407 1013 529 1096 gratia,
553 1033 633 1095 rege
672 1012 840 1094 exigente,
864 1011 901 1072 in
927 1013 1055 1093 patriae
1089 1012 1339 1076 conservandae

58 1118 251 1183 beneficium
274 1121 407 1202 saepius
432 1120 512 1184 dare
535 1142 603 1184 non
635 1126 802 1182 recusant.

154 1227 338 1291 Caeterum
360 1227 404 1291 ad
429 1227 672 1310 procreandam
705 1225 856 1290 sobolem
879 1247 963 1310 gens
987 1232 1038 1289 est
1062 1247 1131 1290 non
1163 1228 1341 1292 mediocri-

58 1341 104 1396 ter
125 1333 301 1415 foeeunda,
325 1335 383 1413 111,
408 1341 447 1398 11
470 1333 572 1398 hodie
597 1334 640 1397 ad
665 1332 785 1397 XXX.
809 1333 918 1398 millia
950 1333 1130 1398 hominum
1153 1337 1190 1398 in
1213 1338 1340 1399 exerci-

57 1448 123 1504 tum
146 1443 222 1524 cogi
247 1449 397 1525 possunt,
421 1439 579 1505 domibus
611 1439 789 1504 defensore
813 1461 881 1504 non
905 1439 1068 1522 spoliatis.

154 1549 318 1634 Equestri
346 1547 471 1612 militia
496 1549 695 1632 plerumque
727 1554 891 1626 utuntur;
916 1545 999 1610 belli
1031 1555 1200 1630 apparatu
1237 1549 1340 1632 nulle,

57 1655 141 1720 nulla
165 1659 295 1742 insigni
319 1663 500 1738 armatura.
533 1655 628 1718 11111
654 1663 790 1718 armatu
828 1653 972 1718 militari
1005 1657 1187 1739 conspicui,
1221 1679 1340 1721 verum

57 1783 196 1840 numere,
220 1766 398 1849 veterique
422 1766 613 1828 animorum
646 1761 884 1846 magnitudine
910 1759 1000 1844 freti,
1028 1765 1153 1827 aeriter
1177 1772 1340 1849 pugnant.

11 1943 12 1952 ,
56 1870 126 1934 Non
159 1871 251 1954 tuba,
284 1873 343 1936 sed
368 1894 481 1952 cornu,
521 1871 628 1934 edunt
663 1869 810 1951 classica,
844 1877 879 1933 et
902 1871 969 1933 1111
1009 1869 1175 1953 praelium
1208 1880 1340 1935 mature

11 1977 12 2018 ἕ
56 1979 191 2060 ineatur,
230 1980 347 2044 affecti
385 1986 574 2043 castrorum
610 1978 734 2059 taedi0,
773 1979 842 2041 cito
889 2000 928 2041 ac
967 1979 1092 2041 sensim
1131 1977 1340 2043 dilabuntur.

11 2117 12 2140 1
56 2083 159 2148 Mores
185 2088 322 2168 penitus
346 2084 493 2148 incultos
517 2105 585 2147 non
609 2082 746 2166 habent,
770 2105 900 2166 verum,
924 2082 983 2169 qui
1008 2084 1206 2168 Scythicam
1228 2085 1340 2149 adhue

58 2213 127 2272 prae
147 2214 182 2255 se
201 2190 317 2256 ferunt
335 2191 550 2273 cruditatem,
574 2193 733 2274 omnique
759 2211 843 2272 pene
860 2192 1114 2272 consuetudine,
1138 2192 1273 2277 legibus
1305 2201 1339 2257 et

58 2301 141 2363 vitae
175 2301 348 2363 institutis
372 2296 416 2361 ab
454 2297 640 2382 Hungaris,
673 2297 838 2382 religione
878 2307 1029 2380 excepta,
1062 2300 1265 2383 discrepant,
1298 2323 1340 2363 ue

11 2387 12 2394 ¹
58 2404 166 2491 lingua
201 2406 342 2491 quidem
374 2407 467 2469 omni
500 2412 670 2488 exparte,
695 2427 800 2490 quum
825 2413 981 2469 veterum
1013 2428 1105 2470 more
1144 2407 1340 2493 loquuntur,

11 2579 12 2590 ,
57 2513 186 2577 similes.
218 2512 285 2577 Pro
325 2512 436 2577 literis
469 2521 567 2578 notas
590 2514 755 2598 quasdam
794 2515 830 2576 in
871 2513 1080 2596 scipionibus
1112 2516 1155 2580 ad
1195 2515 1340 2580 formam

56 2627 194 2686 tesserae
227 2622 404 2706 quadratis
436 2623 633 2701 excindunt,
665 2621 858 2706 lineamque
891 2623 1056 2686 adextra
1088 2623 1126 2684 iu
1158 2623 1341 2704 sinistram,

57 2735 90 2790 ut
112 2729 248 2810 Judaei,
271 2729 441 2813 Aegyptii
464 2751 502 2792 11
527 2727 656 2792 Τ111111
681 2729 822 2810 ducunt,
839 2749 983 2813 quarum
1011 2751 1078 2792 una
1101 2750 1161 2791 seu
1184 2728 1227 2792 ad
1252 2751 1341 2792 sum-

57 2855 141 2899 mum
177 2836 274 2916 duae,
307 2838 444 2919 punctis
476 2834 682 2920 quibusdam
709 2835 847 2917 additia,
881 2835 1083 2920 plusquam
1107 2857 1166 2919 pro
1199 2857 1341 2900 numero

57 2940 284 3008 characterum
308 2942 472 3027 praebent
496 2943 757 3028 intelligentiae.

154 3051 213 3115 Ad
232 3051 370 3114 comitia
394 3053 519 3114 armati
535 3052 753 3129 conveniunt,
771 3051 918 3132 potiores
941 3053 978 3114 in
994 3072 1152 3114 coronam
1175 3052 1340 3133 assidunt,

11 3209 12 3248 ,
57 3156 173 3242 reliqui
197 3179 321 3242 magno
354 3158 499 3222 clamore
523 3158 759 3241 obstrepentes
793 3161 1025 3239 circumstant,
1049 3159 1233 3244 seduloque
1267 3182 1340 3241 per-

11 3343 12 3358 ,
57 3273 222 3346 negantes,
246 3287 284 3328 ea
308 3265 398 3347 apud
422 3287 457 3329 11
475 3273 549 3329 rata
573 3265 655 3347 fore,
679 3268 716 3348 11,
740 3287 826 3350 quae
843 3271 1043 3348 statuerent,
1067 3287 1135 3330 non
1160 3266 1341 3349 placerent.

11 3379 12 3460 ]
57 3366 118 3433 Ubi
141 3371 225 3456 quid
259 3379 394 3454 praeter
416 3375 569 3436 omniurn
608 3373 824 3436 voluntatem
856 3373 1059 3452 decernitur,
1088 3371 1204 3436 ferunt
1237 3375 1341 3436 inter-

11 3511 13 3556 p
57 3474 146 3558 dum;
181 3478 240 3541 sed
273 3481 310 3542 iu
341 3479 521 3544 authorem
554 3481 744 3562 dumtaxat,
778 3477 875 3563 cujus
907 3501 1017 3562 opera,
1052 3501 1112 3543 seu
1144 3482 1340 3563 pertinacia,

57 3587 225 3670 quippiam
240 3588 352 3650 oneris
368 3588 499 3651 insoliti
524 3587 666 3670 subiere,
693 3588 756 3651 hac
782 3585 944 3670 injuriam
967 3587 1098 3651 ultione
1123 3595 1340 3673 retorquent:

11 3691 12 3722 .
56 3696 253 3776 agminatim
268 3694 407 3758 domum
430 3693 503 3779 ejus
527 3717 643 3760 omnes
667 3697 846 3776 invadunt,
871 3719 909 3760 11
929 3696 1101 3760 solotenus
1126 3695 1339 3776 disturbant,

11 3801 12 3840 ἒ
57 3808 86 3861 11
107 3803 135 3865 si
164 3800 254 3866 forte
287 3800 442 3867 libertati
475 3825 593 3867 eorum
625 3804 708 3888 quid
741 3807 832 3886 novi,
871 3805 962 3889 quod
995 3805 1183 3888 derogaret,
1216 3803 1341 3888 aliquis

11 3927 12 3950 ¹
57 3917 344 3992 commentaretur,
369 3909 459 3975 ferro
483 3915 588 3978 etiam
611 3911 701 3976 hunc
726 3918 985 3996 prosequuntur,
1018 3919 1157 3993 captum
1179 3912 1216 3973 in
1240 3913 1341 3974 comi-

11 4049 12 4070 :
57 4015 108 4078 tiis
132 4017 244 4099 palam
267 4026 398 4082 necant.
422 4017 549 4081 Demos
573 4025 697 4096 autem,
736 4038 881 4101 quorum
905 4015 1110 4098 disturbant,
1143 4015 1203 4080 ubi
1228 4018 1341 4099 poeni-

57 4122 154 4186 tuisse
178 4122 298 4187 delicti
330 4124 415 4187 tales
440 4125 672 4208 cognoverint,
711 4145 778 4187 una
811 4145 927 4187 omues
960 4125 1162 4205 instaurant,
1196 4130 1230 4187 et
1263 4145 1342 4187 curn

11 4207 12 4222 ¹
58 4224 119 4292 illis
140 4232 178 4294 in
200 4232 350 4314 gratiam
372 4231 526 4296 redeunt.
559 4231 766 4295 Vestiuntur
789 4230 986 4315 hungarios,
1016 4239 1225 4296 nontamen
1257 4231 1340 4294 adeo

57 4345 176 4418 exacte,
208 4361 318 4425 neque
342 4343 481 4405 curiose.
514 4339 642 4405 Colunt
674 4362 782 4425 agree,
807 4340 904 4404 alunt
937 4342 1075 4424 equatia
1099 4343 1238 4424 optima,
1271 4338 1342 4404 fru-

58 4452 165 4510 mento
188 4445 375 4528 abundant,
398 4449 480 4511 vino
505 4469 574 4511 non
596 4445 734 4531 ubique,
758 4455 794 4511 et
819 4445 863 4511 ob
886 4446 921 4509 id
947 4447 1128 4509 cervisiam
1151 4453 1281 4528 potant.

11 4537 12 4548 .
153 4553 326 4618 Saxonum
358 4555 461 4636 ustie,
485 4576 571 4639 quae
590 4554 707 4637 procul
721 4569 725 4575 “
740 4553 845 4618 dubio
869 4576 888 4616 a
913 4551 1113 4633 Senonibus,
1138 4552 1340 4617 Germaniae

59 4659 192 4744 populis,
215 4660 297 4726 olim
322 4659 496 4726 Othonum
519 4662 753 4726 Romanorum
776 4683 958 4743 caesarum,
983 4661 1064 4725 dein
1086 4659 1201 4725 Caroli
1224 4662 1342 4745 magni
