3160 5212
1288 367 1356 431 365

168 565 257 629 Item
292 563 464 629 tributum
503 567 735 648 promontorii,
774 585 833 627 seu
872 566 998 627 montis
1036 567 1224 646 vinearum,
1263 566 1353 648 quod

68 679 297 756 computatum
320 679 355 736 et
378 671 567 737 notabilem
591 679 795 755 proventum
826 674 1005 736 annuatim
1037 671 1175 736 domino
1199 693 1259 736 suo
1288 679 1355 736 ter-

68 785 161 845 restri
185 783 369 864 ministrat,
402 779 563 844 similiter
585 779 629 844 ad
652 779 763 844 decies
796 786 932 844 tantum
964 783 1175 844 aestimatur.
1200 780 1266 846 Sed
1291 780 1355 844 hoc

68 890 99 950 in
130 891 271 971 perenni
303 887 485 951 dumtaxat
523 890 761 952 aestimatione
793 886 906 952 locum
939 886 1064 952 habere
1098 909 1226 952 censeo.
1265 887 1355 952 Nam

68 999 180 1059 vineae
204 994 419 1080 generaliter,
449 1001 626 1079 tamquam
659 992 780 1058 rubeta
804 1002 839 1058 et
862 994 1026 1080 virgulta,
1050 994 1091 1058 de
1116 1016 1221 1080 regno
1247 997 1357 1058 nostri

66 1106 202 1187 errtiqua
236 1101 481 1166 consuetudine
514 1103 688 1165 aestimari
722 1100 842 1182 solent,
865 1124 906 1164 ex
931 1123 978 1184 ee,
1002 1101 1093 1186 quod
1122 1099 1182 1166 ubi
1206 1109 1241 1166 et
1265 1111 1355 1186 post-

65 1233 163 1295 quam
196 1211 343 1275 cultores
377 1212 557 1274 vinearum
580 1217 640 1273 aut
664 1207 839 1273 defuerint
871 1217 933 1272 aut
957 1231 1073 1273 earum
1104 1206 1237 1272 labores
1262 1231 1356 1292 prae-

65 1321 279 1399 termiserint,
304 1321 424 1382 vineae
449 1319 526 1398 cit0,
550 1315 591 1379 de
617 1313 788 1400 facilique,
812 1319 848 1380 in
873 1314 992 1380 rubeta
1018 1323 1052 1380 et
1071 1339 1192 1398 vepres
1216 1337 1355 1380 conver-

66 1432 187 1490 tentnr.

168 1551 306 1630 Verum,
330 1551 360 1612 si
384 1551 550 1613 rusticum
575 1552 779 1632 quempiam,
802 1548 858 1613 vel
882 1551 987 1613 etiam
1012 1549 1163 1614 nobilem
1188 1553 1224 1614 in
1257 1554 1355 1614 terri-

65 1662 148 1722 torio
173 1657 316 1722 alterius
339 1658 477 1720 vineam
500 1653 693 1738 habentem,
718 1656 876 1720 dominus
901 1659 1074 1720 terrestris
1093 1656 1135 1720 da
1157 1660 1230 1740 ipsa
1254 1660 1355 1721 vinea

64 1763 181 1848 ejicere
205 1773 240 1828 et
256 1763 437 1828 excludere
461 1762 620 1846 voluerit,
645 1767 867 1828 autoritatem
891 1763 1030 1847 quidem
1050 1761 1211 1846 ejiciendi
1234 1763 1357 1843 habet;

63 1886 213 1937 attamen
229 1893 298 1936 non
313 1872 552 1935 aestimatione
569 1870 629 1958 illa
646 1874 826 1954 communi,
843 1893 929 1956 quac
946 1871 987 1934 de
1004 1870 1158 1956 virgulto
1175 1878 1209 1934 et
1226 1870 1356 1953 rubeta,

64 1980 257 2044 immediate
290 1984 489 2062 praenotata
522 1985 591 2060 est,
629 1979 687 2043 sed
712 1985 963 2062 competentem
994 1979 1155 2062 valorem,
1188 2001 1247 2044 seu
1280 2002 1357 2044 con-

63 2089 204 2174 dignum
236 2089 384 2170 pretium
417 2089 489 2150 eius
522 2090 620 2151 iuxta
653 2111 796 2172 aequam
827 2095 1023 2172 rectamque
1055 2087 1298 2152 limitationem
1322 2102 1355 2151 et

63 2198 271 2260 taxationem
295 2193 420 2258 iudicis
436 2217 475 2258 ac
492 2198 682 2259 iuratorum
706 2198 835 2259 civium
859 2199 932 2260 eius
955 2195 1030 2278 loci,
1055 2195 1095 2259 ad
1119 2217 1220 2280 quern
1244 2197 1356 2280 ipsum

64 2305 331 2384 promontorium
356 2304 514 2384 pertinet,
539 2301 592 2364 illi
616 2301 797 2364 refundere
821 2308 969 2364 tenetur.

167 2458 240 2525 Ista
266 2477 435 2524 mensura
460 2457 611 2524 sedecies
636 2463 768 2541 eumin,
789 2457 880 2546 facit
900 2477 1010 2525 tinum
1035 2477 1256 2536 mensnram,
1280 2457 1354 2522 sinc

64 2564 185 2632 ulnam
211 2564 379 2652 requiem.
411 2567 510 2650 Item,
543 2590 650 2632 unum
670 2565 832 2653 jugerum
856 2576 967 2632 terrae
999 2567 1141 2632 arabilis
1165 2573 1225 2630 aut
1250 2565 1356 2629 silvae

62 2675 183 2759 regalis
217 2695 403 2754 mensurae,
436 2677 588 2736 continet
623 2676 660 2736 in
693 2697 753 2738 sua
785 2675 1004 2759 longitudine
1031 2677 1081 2755 72,
1107 2679 1143 2739 in
1171 2674 1356 2738 latitudine

61 2801 138 2845 vero
166 2782 207 2845 12
232 2803 415 2862 mensuras,
440 2801 499 2843 seu
523 2780 622 2844 ulnas
647 2781 803 2865 regalea4

165 2910 257 2974 Item
290 2931 395 2973 unum
429 2917 582 2972 aratrum
617 2913 770 2973 continet
799 2913 835 2973 in
867 2933 901 2972 se
937 2911 1001 2972 1⁶30
1029 2906 1152 2992 jugera
1187 2917 1356 2970 terrarum

62 3017 183 3102 regalis
207 3037 384 3079 mensurae
409 3019 444 3079 in
467 3017 708 3079 aestimatione
733 3039 859 3080 rerum.

165 3233 219 3302 De
235 3234 485 3322 jumentorum
511 3237 783 3303 aeslirnolionc:

61 3415 268 3496 Notandum,
300 3413 390 3498 quod
420 3437 507 3478 unus
702 3490 704 3523 ι
764 3419 922 3493 Quatuor
946 3417 1037 3497 porci
1062 3414 1103 3477 ad
1214 3435 1256 3475 m.
1284 3413 1312 3475 l.

102 3523 163 3587 bos
188 3543 257 3584 non
282 3520 423 3584 claudus
451 3523 506 3585 vel
702 3531 704 3581 Ι
765 3522 908 3586 (labella.
933 3524 1005 3584 sine
1030 3520 1168 3604 poledro

101 3631 204 3694 aliter
214 3649 281 3692 non
295 3628 507 3711 destructus3
809 3631 851 3695 ad
1217 3651 1258 3691 m.
1285 3631 1313 3692 1.

101 3740 144 3804 ad
552 3740 651 3802 ml.
762 3741 850 3804 Cum
865 3737 1005 3821 poledro
1019 3736 1169 3800 masculo
1216 3759 1258 3800 rn.
1285 3739 1312 3800 1.

59 3847 153 3912 Duae
177 3869 300 3910 vaccae
326 3847 398 3909 sine
414 3849 506 3910 vitu·
761 3849 850 3912 Oum
886 3847 1024 3930 poledro
1050 3844 1168 3908 foemi-

101 3957 162 4038 lis;
189 3953 269 4021 ad...
551 3955 650 4018 ml.
807 3977 870 4020 neo
1216 3976 1257 4016 m.
1284 3951 1357 4035 1¹la·

59 4063 134 4128 Una
159 4085 263 4126 Vacca
289 4083 365 4124 Cum
395 4062 506 4126 VilUlO
553 4084 596 4126 m.
624 4064 651 4126 Ῑ·
701 4086 704 4193 l
828 4082 948 4164 Equus
985 4079 1135 4159 sellatus,
1170 4077 1359 4141 secundum

59 4171 213 4247 Quam&
235 4189 315 4232 OVOS
552 4192 595 4232 m·
623 4171 651 4232 1·
701 4200 703 4270 l
761 4188 913 4251 valorem
939 4191 1012 4250 eius
1039 4189 1250 4250 aestimatur.

165 4477 310 4548 ‘Ennyit
329 4477 436 4550 tllapit
455 4498 523 4549 meg
544 4481 608 4534 nnlr
629 4481 685 4534 III.
707 4483 805 4535 Endre
825 4499 884 4553 egy
903 4481 1049 4535 oklevele.
1069 4482 1096 4533 A
1116 4477 1269 4532 inellekelt
1282 4475 1345 4530 mer

60 4563 108 4618 tal(
130 4567 180 4620 183
199 4566 381 4620 millimater.
402 4570 429 4621 A
448 4569 561 4639 kirtlyi
580 4570 609 4623 ol
630 4571 715 4624 telnit
734 4573 815 4625 2928
836 4567 1258 4640 meter.A11egyszdgdlss.42
1275 4571 1306 4634 [J
1321 4585 1361 4620 nr-

59 4669 75 4704 a
95 4653 163 4707 hold
183 4656 299 4710 lateat
317 4654 571 4728 negysztgmater,
595 4659 680 4712 tahtt
700 4662 840 4715 csaknorn
862 4670 895 4722 ’μ
915 4659 1033 4712 hekttr.
