3160 5212
1291 363 1357 428 361

3 623 4 628 ,
176 555 242 623 Til.
268 554 458 624 CXXXIII.
481 554 576 641 Quid
590 556 648 639 sil,
664 561 698 623 el
713 557 867 646 qualiter
881 558 946 643 fiat
970 556 1146 624 bonorum
1170 556 1358 625 mobilr'um

66 669 97 730 el
117 663 358 731 immobilium
383 663 596 732 aetimatio.
622 667 791 745 Quoniam
806 674 923 732 autem
938 668 981 732 ad
998 667 1241 732 nonnullorum
1258 689 1360 752 nego-

3 757 4 810 1
65 777 193 838 tiorum
216 775 472 856 expeditionem
505 778 755 856 pernecessaria
779 782 831 838 est
855 774 1022 838 bonorum
1054 777 1257 856 aestimatiO,
1283 775 1359 838 ideo

3 893 5 960 1
64 885 168 946 series
192 903 231 944 ao
255 882 377 946 modus
400 885 474 946 eius
497 882 554 947 hio
578 885 701 946 merito
728 882 886 947 subnecti
909 881 1020 946 debet.

3 961 5 1054 1
172 989 273 1054 Unde
306 989 496 1053 notandum
529 995 589 1069 est,
624 989 715 1073 quod
755 991 853 1052 iuxta
883 995 1036 1054 veterem
1069 996 1104 1052 et
1136 987 1359 1071 approbatam

63 1097 166 1159 huius
190 1095 306 1181 Regni
328 1098 440 1159 nostri
472 1096 763 1178 consuetudinem,
797 1099 991 1162 aestimatio
1016 1097 1162 1160 dicitur:
1185 1095 1359 1159 Bonorum

3 1271 4 1294 χ
63 1203 245 1266 mobilium
269 1208 303 1266 et
327 1202 565 1284 immobilium,
599 1205 824 1286 competentis
848 1203 983 1284 valoris,
1008 1203 1159 1266 limitata
1183 1203 1359 1286 quaedam,

3 1301 4 1364 1
61 1331 98 1372 ac
124 1317 259 1372 statuta
283 1312 423 1374 taxatio.
447 1310 512 1374 Vel
528 1310 630 1375 aliter
653 1313 865 1373 aestimatio:
889 1317 940 1373 est
964 1312 1014 1373 rei
1037 1309 1175 1374 mobiIis
1190 1316 1225 1374 et
1241 1312 1359 1373 immo-

3 1389 4 1446 1
62 1416 152 1486 bilis,
177 1416 361 1480 secundam
384 1421 438 1480 sui
461 1417 751 1501 aequiualentiam
775 1417 831 1481 vel
855 1417 1016 1498 valorem,
1041 1423 1159 1480 taxata
1191 1417 1359 1501 quaedam

3 1471 5 1578 1
61 1524 238 1588 limitatio
271 1525 317 1588 Et
350 1524 477 1608 duplex
511 1533 562 1589 est
595 1527 789 1588 aestimatio
823 1524 954 1588 scilicet
983 1525 1180 1607 perennalis
1211 1530 1246 1587 et
1279 1545 1359 1588 coru-

63 1655 116 1696 11111
124 1631 188 1696 uia
213 1632 420 1696 Aestimatio
446 1632 647 1716 perennalis
671 1653 758 1717 quae
778 1635 815 1696 in
830 1631 963 1696 iuribus
988 1632 1157 1696 duntaxat
1181 1633 1359 1714 possessio-

61 1743 172 1803 nariis
201 1749 236 1805 et
259 1761 329 1803 non
361 1740 463 1804 rebus
496 1739 682 1804 mobilibus
714 1739 790 1804 fieri
823 1739 917 1822 solet,
951 1739 1063 1803 decies
1094 1743 1232 1802 tantum
1265 1735 1358 1818 facit,

59 1854 234 1929 quantum
257 1853 456 1913 communis.

170 1953 215 2018 In
243 1960 480 2021 aestImatione
513 1979 660 2041 namque
692 1958 873 2036 communi,
905 1975 973 2017 una
1005 1957 1108 2018 sessio
1128 1951 1359 2039 jobagionalis

61 2061 237 2144 populosa,
262 2084 321 2145 pro
345 2085 413 2128 una
437 2085 559 2146 maroa,
591 2087 650 2128 seu
674 2065 718 2127 ad,
743 2085 846 2127 unam
870 2062 1022 2126 Marcam
1052 2068 1200 2147 quatuor
1222 2061 1359 2126 florenis

59 2168 268 2233 facientem:
284 2173 321 2233 in
335 2171 510 2252 perennali
522 2194 602 2235 vero
615 2174 854 2235 aestimatione
867 2171 910 2234 ad
925 2171 1041 2234 decem
1057 2171 1199 2254 Maroae,
1215 2170 1359 2254 quadra-

59 2279 161 2358 ginta
185 2273 324 2340 florenis
348 2281 557 2342 continentis
581 2284 808 2360 computatur.
832 2277 926 2353 Quae
946 2277 1138 2358 perennalis
1156 2280 1359 2357 aestimatim

60 2387 181 2465 paucis
208 2386 244 2447 in
267 2383 369 2448 rebus
392 2407 430 2448 ac
455 2389 565 2448 causis
589 2387 835 2466 committatur,
860 2385 918 2448 sed
942 2388 1123 2448 universus
1147 2383 1219 2448 iere
1243 2393 1359 2449 coetus

59 2491 282 2554 dominorum
322 2492 560 2574 praelatorum,
599 2513 637 2555 ac
677 2492 852 2574 baronum,
891 2503 1092 2576 magnatum
1125 2499 1160 2556 et
1191 2492 1358 2557 nobilium

56 2601 303 2663 aestImatione
327 2603 500 2664 communi
523 2601 576 2680 (ut
602 2599 800 2682 plurimum)
825 2601 946 2663 utitur.
969 2599 1047 2663 Nisi
1070 2602 1162 2663 enim
1186 2603 1221 2663 in
1241 2599 1358 2664 fassio-

58 2704 164 2769 nibus
189 2705 247 2769 vel
262 2705 529 2791 obligaminibus
553 2709 800 2791 quorumpiam?
834 2709 1028 2770 aestimatio
1053 2707 1244 2789 perennalis
1268 2707 1358 2771 claro

57 2836 218 2878 sermone
243 2814 414 2877 declarata
439 2823 499 2878 aut
525 2819 561 2878 in
584 2813 890 2878 constitutionibus
910 2816 1007 2898 regni
1031 2813 1177 2895 publicis
1201 2837 1356 2896 expressa

58 2921 179 3003 fuerit,
214 2919 287 3004 ejus
320 2942 400 2985 usus
433 2945 509 2986 raro
541 2923 749 2986 admittitur.
783 2922 890 2985 Cuius
914 2922 1054 3005 quidem
1086 2924 1357 2985 aestimationis¹

57 3032 167 3093 series
191 3026 256 3091 hoo
280 3029 380 3092 modo
404 3033 576 3114 sequitur:

55 3189 226 3253 Castrum
250 3189 430 3272 lapideum,
454 3193 657 3255 aestimatur
678 3191 721 3253 ad
746 3211 911 3256 marcas...
1210 3188 1358 3250 Centum

3 3251 5 3374 1
56 3295 152 3360 Item
177 3301 424 3362 monasterium
448 3301 519 3362 sive
545 3298 732 3361 claustrum
760 3297 972 3380 sepulturam
993 3305 1104 3380 patro-

128 3424 255 3466 norum
289 3415 323 3467 et
355 3405 500 3468 aliorum
533 3405 732 3488 specialium
771 3405 939 3469 nobilium
974 3405 1102 3469 habens

128 3514 336 3574 aestImatur
359 3513 401 3574 ad
1150 3535 1151 3538 ’
1186 3561 1192 3572 .
1250 3509 1314 3572 100

54 3616 218 3680 Ecclesia
251 3638 328 3680 cum
362 3617 494 3681 duobus
528 3618 719 3700 pinnaculis
743 3619 784 3682 ad
816 3619 954 3682 modum
988 3639 1102 3682 mona-

127 3725 230 3786 sterii
255 3721 416 3804 fundata;
440 3727 643 3788 aestimatur
666 3725 708 3788 ad
1150 3745 1192 3786 m.
1271 3724 1314 3785 bO

54 3831 218 3894 Ecclesia
242 3853 320 3894 eum
344 3831 475 3895 duobus
499 3832 653 3896 turribus
669 3855 728 3895 seu
745 3831 878 3896 duobus
902 3832 1102 3914 pinnacuIIS,

126 3959 200 4001 non
239 3960 340 4020 penes
379 3941 624 4003 monasterium
662 3942 821 4020 existens,
853 3939 909 4002 vel
941 3961 1010 4002 non
1043 3961 1102 4021 per

127 4044 272 4109 modum
296 4049 494 4110 monasterii
519 4045 681 4109 fundata:
706 4046 748 4108 ad
1149 4067 1191 4107 m.
1270 4045 1312 4107 m

53 4155 189 4218 Omnes
222 4152 310 4216 aliae
341 4153 501 4216 ecclesiae
541 4159 741 4235 matronae‚‘²
780 4173 857 4214 curn
897 4173 963 4216 una
1003 4155 1100 4232 turri,

129 4259 345 4343 sepulturam
367 4260 542 4340 habentes,
566 4261 609 4324 ad
1149 4282 1190 4322 m.
1271 4260 1312 4320 11)

53 4371 144 4433 Sine
160 4369 250 4431 turri
258 4375 374 4430 autem
388 4375 613 4449 constructae7
628 4379 744 4431 tamen
759 4388 837 4429 oum
853 4366 1041 4449 sepultura3
1057 4367 1101 4428 ad
1149 4389 1190 4428 m.
1272 4367 1314 4429 10

175 4569 183 4595 ¹
201 4557 280 4630 Regi
297 4558 435 4629 jegyzet:
455 4559 626 4612 communis.

175 4655 183 4683 ¹
203 4647 415 4718 Anyaegyhbz.
