3124 5216
244 382 308 446 724

242 578 494 663 Grammaticis,
517 581 590 645 sive
614 580 651 643 in
682 578 882 662 Gymnasiis
913 584 975 641 aut
997 575 1203 658 Academiis,
1232 579 1305 640 sive
1329 576 1478 661 denique
1500 581 1530 642 iu

243 685 479 752 Universitate
503 683 827 752 administrantibus
850 707 889 749 ea
906 685 1135 750 decernantur
1157 685 1337 768 stipendia,
1353 684 1413 750 vel
1435 685 1531 750 hono

243 797 352 857 rariae
371 795 684 876 remunerationies,
707 815 794 878 quae
808 799 845 855 et
860 795 955 856 vitae
978 791 1154 855 commode
1177 792 1330 877 agendae
1354 791 1531 876 sufficiant,

243 907 279 965 et
302 903 430 964 muniis
454 903 537 984 ipsis
560 905 779 985 proportione
811 901 1056 984 respondeant:
1089 901 1119 962 si
1145 902 1392 984 magistrorum
1416 897 1531 963 officiis

244 1029 291 1090 ea,
316 1029 420 1093 quam
443 1029 524 1072 sene
546 1015 730 1092 merentur,
764 1007 966 1073 concilietur
998 1009 1227 1072 existimatio:
1254 1010 1283 1070 si
1307 1008 1532 1090 provideatur,

244 1123 283 1178 ut
308 1115 464 1180 doctores
487 1113 687 1180 muneribus
720 1117 790 1179 suis
822 1114 1045 1198 delectentur,
1078 1123 1114 1180 et
1137 1115 1181 1179 ad
1205 1113 1449 1179 aemulationis
1471 1124 1533 1178 stu·

244 1223 340 1287 dium
364 1224 560 1306 incitentur,
582 1229 624 1286 ut
645 1223 811 1288 nimirum
834 1221 949 1286 officia
972 1243 1033 1286 sua
1057 1221 1223 1305 peculiari
1245 1244 1323 1286 oum
1347 1243 1432 1286 cura
1450 1245 1534 1304 prae

244 1339 335 1394 stare
359 1337 590 1394 consuescant.
623 1331 652 1394 2.
686 1327 774 1393 Cum
812 1329 982 1394 humanae
1006 1330 1132 1394 mentis
1164 1352 1203 1392 ea
1235 1333 1282 1394 sit
1314 1330 1481 1414 conditio,
1501 1339 1534 1395 ut

245 1439 312 1502 nisi
335 1434 442 1500 officii
474 1439 528 1500 sui
566 1436 757 1500 identidem
790 1437 1022 1522 admoneatur,
1054 1435 1156 1500 facile
1179 1437 1223 1500 de
1246 1439 1473 1501 contentione
1493 1459 1534 1500 re·

245 1547 372 1626 mittat,
389 1566 428 1608 ao
443 1544 541 1608 velut
558 1543 785 1628 elanguescat,
801 1545 844 1608 ad
860 1545 1049 1610 acuendam
1065 1547 1308 1628 magistrorum
1332 1545 1534 1608 industriam

244 1651 467 1716 vehementer
481 1649 595 1735 faciet,
611 1653 640 1714 si
656 1655 693 1715 in
716 1653 896 1736 quibusvis
920 1653 1079 1718 ludorum
1102 1653 1334 1717 literan'orum
1357 1651 1535 1736 generibus

245 1757 419 1822 Praefecti
441 1780 481 1822 ac
504 1759 683 1823 Praesides
713 1762 977 1843 constituentur,
1001 1759 1126 1845 quibus
1150 1759 1323 1822 addantur
1345 1757 1536 1823 Directores

245 1865 387 1950 quidam
411 1870 601 1950 superiores
625 1889 644 1931 e
669 1867 819 1951 politicis
843 1868 959 1953 Regni
975 1865 1221 1931 Tribunalibus
1240 1867 1443 1951 pendentes,
1467 1889 1537 1952 quo

246 1995 321 2037 rum
338 1981 451 2056 partes
469 1975 648 2056 praecipue
664 1975 734 2036 sint
751 1973 907 2038 ordinem
924 1975 1173 2056 praescriptum
1191 1981 1311 2036 exacte
1325 1975 1433 2058 tueri,
1445 1971 1536 2056 juxta

246 2089 378 2145 statuta
395 2080 566 2164 pecularia
581 2081 673 2145 hunc
698 2083 735 2145 in
760 2080 863 2145 finem
886 2081 1130 2146 concinnanda.
1154 2081 1184 2144 3.
1209 2079 1366 2165 Denique
1391 2083 1425 2144 si
1450 2081 1538 2145 adhi-

245 2187 319 2250 bita
334 2186 448 2252 sobria
464 2190 670 2270 parsimonia
687 2197 820 2253 sumtus
840 2197 938 2254 tanto
961 2191 1101 2274 negotio
1126 2209 1223 2272 pares
1245 2187 1539 2271 administrentur,

246 2304 281 2359 et
305 2317 347 2359 ne
372 2317 539 2379 expensae
562 2295 654 2359 ultra
678 2299 769 2360 vires
793 2294 895 2360 fundi
917 2299 1085 2381 assignati
1100 2303 1291 2380 assurgant,
1308 2298 1540 2378 provideatur.

245 2538 281 2610 2.
294 2539 334 2608 A
347 2539 478 2610 budai
494 2542 689 2630 egyetem
705 2540 865 2632 alapitc
880 2539 1017 2611 levele
1031 2539 1241 2631 (Diploma
1256 2539 1541 2630 inaugurele).
1556 2439 1557 2522 i

744 2703 814 2756 1780
832 2701 979 2756 mirczius
997 2702 1041 2756 25.

354 2867 425 2931 Nos
448 2869 558 2932 Maria
583 2867 745 2933 Theresia
761 2877 824 2934 etc.
841 2877 903 2933 etc.
926 2871 1112 2934 Memoriae
1130 2869 1409 2933 commendamus
1427 2821 1557 2935 tenorel

247 2975 485 3038 Praesentium
503 2973 736 3060 significantes
760 2975 886 3061 quibus
909 2978 1049 3062 expedit
1073 2979 1251 3042 universis.
1275 2975 1364 3040 Cum
1389 2979 1429 3040 in
1455 2983 1557 3043 omni*

246 3081 437 3166 Republica
471 3083 514 3146 ad
548 3090 640 3147 recte
673 3085 950 3150 constituendam
982 3086 1071 3149 Rem
1102 3085 1310 3149 Literariam
1341 3089 1541 3168 cumprimis

245 3193 475 3254 necessarium
498 3213 570 3256 esse
595 3195 688 3256 omni
716 3192 813 3259 Aevo
841 3195 1078 3257 existimatum
1110 3195 1165 3276 sit,
1198 3200 1238 3256 ut
1270 3192 1434 3278 generale
1471 3193 1540 3258 Stu-

247 3297 352 3381 dium,
376 3301 487 3362 veteri
506 3299 606 3362 modo
630 3302 680 3364 ita
703 3300 954 3384 compellatum,
979 3323 1038 3364 seu
1054 3300 1303 3365 Universarum
1318 3302 1540 3365 scientiarum

247 3403 434 3468 Academia
458 3407 633 3471 commodo
657 3410 818 3500 quopiam
842 3408 914 3472 loco
934 3411 1210 3490 constitueretur,
1226 3430 1268 3471 ex
1284 3429 1352 3491 qua
1367 3409 1542 3488 nimirum,

247 3521 412 3596 tanquam
428 3534 446 3575 e
463 3511 653 3577 Seminario
673 3514 852 3578 doctorum
862 3515 1033 3598 Virorum,
1049 3513 1189 3578 utilium
1204 3515 1540 3599 necessariorumque

249 3621 472 3683 scientiarum
496 3623 600 3703 periti
623 3625 782 3706 magistri
805 3622 848 3686 ad
873 3630 1003 3685 ceteras
1025 3621 1141 3707 Regni
1159 3623 1308 3684 minores
1322 3627 1358 3683 et
1374 3620 1541 3685 subalter-

248 3748 309 3789 nas
332 3725 535 3790 Academias
564 3734 598 3790 et
625 3727 814 3812 Gymnasia
847 3751 925 3792 cum
957 3731 1086 3814 insigni
1109 3728 1176 3793 Rei
1199 3727 1392 3792 Literariae
1418 3729 1541 3793 emolu-

248 3841 364 3898 mento
389 3837 461 3917 peti
489 3842 635 3918 possent,
668 3843 703 3899 et
736 3839 773 3900 in
805 3859 872 3920 qua
904 3839 1114 3922 omnigenae,
1146 3857 1232 3920 quae
1265 3833 1396 3918 ubique
1431 3835 1542 3900 doceri

248 3949 432 4025 nequeunt,
441 3941 653 4025 Disciplinae
670 3944 905 4026 traderentur,
928 3945 932 4024 Ι
954 3953 965 3989 1
983 3964 1123 4025 cavere,
1139 3963 1226 4027 quae
1242 3941 1319 4005 aliis
1337 3944 1374 4004 in
1390 3940 1542 4026 Gymna-

248 4049 308 4111 siis
330 4049 454 4113 hausta
477 4058 567 4135 suut,
591 4051 647 4116 ln‘c
670 4053 736 4115 rite
760 4051 1020 4135 perpolirentur,
1044 4074 1082 4115 ac
1106 4051 1253 4134 denique
1276 4049 1320 4113 ad
1345 4051 1449 4113 cuius
1474 4072 1543 4114 nor-

248 4177 340 4220 mam
363 4159 473 4221 omnis
497 4180 557 4242 per
579 4161 778 4224 universum
801 4159 962 4245 Regnum
990 4158 1192 4223 Studiorum
1214 4159 1303 4220 ratio
1326 4157 1541 4241 exigeretur:

248 4264 375 4327 idcirco
408 4267 656 4350 antiquissimis
685 4263 758 4348 jam
796 4265 1016 4350 temporibus,
1054 4264 1179 4350 quibus
1218 4263 1341 4328 Studia
1373 4265 1542 4328 eiusmodi

248 4371 421 4457 generalia
455 4376 580 4456 passim
612 4376 648 4437 in
681 4373 758 4437 aliis
790 4375 947 4457 Europae
979 4374 1173 4438 Provinciis
1201 4369 1541 4435 constabiliebantur.

248 4479 415 4565 gloriosae
440 4485 621 4548 memoriae
645 4483 925 4547 Praedecessores
958 4503 1092 4568 quoque
1126 4487 1268 4564 nostroe,
1300 4479 1416 4564 Reges
1448 4479 1543 4544 Hun-

362 4681 369 4708 ¹
389 4672 469 4726 Ezek
488 4689 505 4725 a
521 4672 602 4742 jelek
621 4691 655 4726 az
674 4674 847 4729 credetinek
866 4690 957 4745 agyos
975 4675 1082 4745 lapjait
1098 4674 1212 4744 jelolik.
