3160 5212
1295 351 1358 414 331

71 547 200 634 negocij
226 551 429 634 magnitudo
453 550 656 634 expostulat,
680 563 720 614 vt
744 549 807 614 hec
832 569 967 632 presens
996 547 1184 630 concordia,
1208 549 1361 611 omnium

71 657 209 722 auribus
241 660 459 740 immittatur,
491 657 700 722 Conclusum
731 663 793 740 991,
825 667 866 720 vt
898 657 962 721 hoo
994 655 1208 730 9191199999
1245 655 1360 738 Regni

71 767 312 829 necessitatum
343 767 468 850 gracia,
501 765 659 828 dominus
691 765 769 830 Rex
802 763 1022 844 Wladislaus,
1054 762 1199 827 alteram
1232 761 1360 824 dietam

71 871 280 953 Generalem,
319 873 362 936 ad
401 871 490 937 festa
523 871 776 946 Pentheoostcs,
810 873 962 954 proxime
994 877 1150 949 ventura,
1183 869 1240 933 vel
1272 871 1359 932 circa

70 982 104 1043 iu
128 981 244 1066 aliquo
268 982 396 1064 insigni
420 981 493 1044 loco
517 1002 577 1044 seu
604 980 758 1044 Ciuitate
790 979 905 1064 Regni
937 979 1077 1057 indicat,
1110 977 1170 1041 vbi
1202 976 1361 1040 similiter

71 1088 230 1152 Oratores
261 1089 494 1152 Romanorum
527 1087 635 1171 Regis
658 1087 774 1151 adesse
799 1085 982 1166 debebunt,
1010 1085 1143 1168 Inque
1167 1084 1362 1147 conuocatis

70 1195 227 1260 omnibus
250 1195 376 1260 Incolis
399 1198 510 1259 tocius
533 1196 656 1278 Regni,
689 1201 725 1257 91
758 1195 987 1258 dominiorum
1018 1191 1071 1255 illi
1103 1191 1360 1274 pertinencium.

69 1303 160 1368 hunc
181 1310 368 1367 tractatum
391 1309 427 1366 91
450 1305 620 1384 unionem,
639 1302 882 1367 uniuersaliter
898 1301 1075 1383 publicari,
1091 1306 1126 1364 et
1142 1297 1186 1362 ab
1202 1299 1362 1362 vniuerso

6 1435 7 1464 ss
69 1409 203 1492 populo,
237 1410 472 1474 Romanorum
504 1409 645 1492 Regem,
678 1415 739 1472 aut
772 1430 849 1472 9999
879 1407 1029 1489 heredes,
1066 1427 1146 1470 casu
1183 1427 1251 1490 quo
1289 1407 1361 1486 ipse

6 1515 7 1526 ’
69 1517 228 1581 (19991999
252 1516 464 1580 Wladislaus
486 1517 572 1595 Rex,
596 1518 669 1579 sine
698 1515 872 1598 legittima
903 1513 995 1597 prole
1028 1513 1215 1578 masculina
1248 1533 1363 1594 super-

68 1628 160 1704 stite,
198 1631 345 1688 mortem
382 1623 502 1705 obiret,
541 1625 578 1686 in
617 1621 774 1686 futurum
805 1622 984 1705 Hungarie
1022 1621 1154 1705 Regem
1193 1619 1363 1701 acceptari

68 1731 185 1812 faciat,
217 1731 265 1794 Et
295 1733 325 1794 si
353 1733 413 1815 qui
443 1729 516 1794 illic
548 1735 782 1812 comparentes
813 1731 850 1792 in
876 1731 982 1811 priori
1005 1729 1271 1812 congregacione
1296 1727 1363 1789 visi

67 1862 138 1904 non
162 1837 301 1920 fuerint,
324 1837 402 1902 Illic
426 1839 702 1920 prenominatum
725 1836 749 1901 J
751 1843 969 1900 uramentum
1000 1834 1144 1918 publice,
1168 1833 1268 1898 modo
1296 1854 1363 1916 quo

68 1968 172 2029 supra
205 1945 337 2012 dictum
369 1951 430 2026 991,
464 1951 624 2028 prestare,
657 1952 692 2007 et
724 1943 859 2007 litteras
891 1942 1094 2007 confitentes
1117 1941 1248 2022 itidem,
1272 1939 1362 2024 quod

66 2054 245 2138 generales
268 2053 327 2117 ille
350 2053 466 2117 littere
490 2054 638 2135 inprime
662 2053 929 2135 congregacione
953 2057 1235 2134 recognouerunt,
1267 2046 1364 2110 robo-

66 2184 143 2225 rare
167 2161 351 2227 debebunt.

178 2269 268 2333 ltem
301 2268 508 2334 0999199999
547 2275 607 2348 991,
646 2267 744 2344 Quod
783 2265 980 2330 huiusmodi
1018 2265 1213 2328 litterarum
1250 2261 1364 2326 Robo-

66 2381 162 2442 racio
188 2385 221 2440 et
245 2371 496 2456 Juramentum,
520 2374 679 2456 deinceps
711 2373 752 2436 (19
787 2393 928 2455 9999999
957 2375 993 2434 19
1018 2393 1196 2454 personam
1228 2369 1365 2432 descen-

67 2485 138 2564 dat,
174 2491 246 2548 tam
279 2483 339 2546 diu
372 2504 546 2567 quousque
580 2481 660 2544 talis
692 2502 789 2543 casus
821 2480 863 2542 (19
896 2478 1107 2542 succedendo
1130 2478 1364 2542 Romanorum

65 2594 175 2677 Rege,
215 2599 275 2656 aut
314 2613 374 2654 sua
414 2590 505 2673 prole
546 2588 751 2670 verificetur,
790 2588 855 2668 Ita,
893 2594 933 2650 nt
971 2589 1265 2670 quocienscunque
1304 2583 1365 2646 ali-

66 2723 171 2784 quem
205 2701 320 2784 Regni
352 2699 538 2779 Prelatum,
577 2697 620 2760 ad
659 2696 877 2761 Prelaturam
914 2717 1009 2758 suam
1042 2694 1084 2756 de
1117 2713 1205 2755 nouo
1238 2691 1364 2754 assumi

66 2811 260 2892 contingat,
292 2806 389 2883 Quod
414 2805 449 2869 Is
481 2807 519 2868 in
551 2805 761 2868 assumcione
789 2825 858 2884 sua,
883 2809 1074 2885 presentem
1098 2799 1300 2864 Tractatum
1323 2797 1364 2860 de

66 2915 290 2978 Successione
314 2914 548 2978 Romanorum
571 2913 687 2997 Regis,
711 2919 772 2975 aut
796 2932 935 2974 suorum
963 2909 1126 2972 heredum
1150 2908 1252 2971 Juret
1275 2904 1364 2969 velle

68 3023 265 3102 obseruare,
297 3028 332 3084 et
364 3042 442 3084 eum
475 3021 641 3103 prosequi,
665 3021 718 3084 vti
742 3019 783 3081 de
808 3017 1012 3081 duramento
1035 3019 1071 3078 in
1096 3017 1204 3096 prima
1228 3035 1366 3097 congre-

65 3133 214 3214 gacione
239 3130 394 3212 superius
418 3127 634 3208 dictumest,
659 3126 804 3208 insuper
835 3133 870 3188 et
894 3125 1028 3187 litteras
1054 3130 1217 3205 patentes.
1241 3120 1365 3205 quibus

64 3247 99 3302 91
125 3239 369 3302 Iuramentum
393 3235 589 3299 huiusmodi
613 3257 647 3297 se
682 3235 880 3316 prestitisse,
904 3239 939 3295 et
963 3238 1151 3294 tractatum
1174 3235 1365 3311 presentem

64 3367 208 3410 seruare
241 3343 339 3425 velle,
373 3366 444 3406 sese
478 3342 630 3426 obligare
665 3340 846 3405 tenebitur.
870 3339 1037 3422 Alioquin
1060 3339 1126 3400 nisi
1149 3336 1211 3400 hec
1237 3334 1365 3398 fecerit.

62 3453 107 3516 ad
135 3451 336 3516 huiusmodi
360 3450 575 3514 Prelaturam
599 3449 738 3512 admitti
762 3469 830 3510 non
846 3446 957 3511 debet.
975 3447 1054 3509 Pari
1071 3445 1171 3508 modo
1187 3443 1365 3506 Palatinus

62 3559 197 3644 Regni,
221 3557 399 3642 Wayuoda
418 3556 690 3633 Transsilvanus,
707 3555 823 3618 Banus
848 3555 996 3634 Croacie,
1012 3553 1134 3616 Comes
1150 3550 1366 3614 Themesien'-

62 3671 122 3750 sis,
150 3667 243 3730 Bani
266 3666 308 3730 de
332 3665 470 3749 Jaycza,
494 3664 742 3741 Zewriniensis,
767 3675 801 3726 et
825 3656 1366 3735 1199199Α11199’1919,0991911991

6 3823 7 3846 ;
62 3776 178 3839 castri
214 3773 393 3855 Budensis,
426 3772 547 3836 Comes
576 3771 801 3852 PosoniensiS,
825 3777 859 3832 et
884 3769 943 3832 alii
967 3765 1131 3831 officiales
1156 3767 1308 3841 maiores,
1331 3771 1365 3826 et

62 3879 262 3946 0991911991
295 3881 468 3962 pociorum
501 3877 700 3941 Castrorum
731 3877 855 3958 Regni,
890 3876 1068 3958 presertim
1091 3893 1216 3952 eorum,
1240 3893 1305 3954 que
1330 3872 1366 3932 in

61 3987 201 4052 finibus
231 3987 346 4070 Regni
378 3994 458 4050 sunt
491 3987 688 4065 9999111919,
721 3986 1015 4068 quocienscunque
1043 3981 1129 4044 tales
1153 3980 1194 4044 de
1218 3999 1306 4042 nouo
1322 3979 1364 4040 ad

60 4095 126 4160 sua
155 4091 273 4157 officia
295 4095 458 4157 assrunmi
474 4095 662 4177 contingat,
678 4093 702 4157 J
704 4114 802 4154 99999
818 4092 1051 4155 Romanorum
1067 4090 1166 4172 Regi,
1182 4095 1217 4150 91
1233 4087 1366 4150 litteras

61 4203 151 4266 dare
188 4201 288 4264 modo
312 4222 379 4285 quo
403 4223 504 4283 supra
537 4201 578 4264 (19
613 4199 752 4282 99919119
776 4199 907 4262 dictum
932 4203 991 4273 991,
1016 4195 1234 4272 tenebuntur,
1257 4216 1365 4278 neque

6 4319 7 4402 ,
60 4310 154 4374 91199
181 4308 377 4372 huiusmodi
400 4330 516 4371 eorum
540 4306 665 4390 officijs
689 4306 917 4389 preficiantur.

183 4415 272 4480 Item
288 4415 552 4480 Conservatores
577 4414 677 4477 Sacre
702 4414 832 4476 Corone
856 4412 980 4494 Regni,
1005 4416 1176 4491 presentes
1196 4415 1230 4472 91
1248 4408 1366 4472 futuri.

60 4528 98 4590 in
125 4528 291 4606 ingressu
315 4519 420 4604 officij
446 4523 499 4586 sui
522 4521 687 4585 iurabunt
711 4520 945 4584 Romanorum
968 4519 1067 4602 Regi,
1091 4539 1166 4580 eam
1189 4517 1366 4585 09999999,

61 4635 90 4695 si
127 4628 270 4694 accidat
303 4629 479 4692 dominum
514 4629 742 4693 Wladislaum
776 4628 916 4710 Regem,
956 4627 1028 4689 sine
1062 4625 1234 4708 legittima
1275 4623 1366 4705 99919
