<?xml version="1.0" encoding="UTF-8"?>
<!DOCTYPE html PUBLIC "-//W3C//DTD XHTML 1.0 Transitional//EN"
    "http://www.w3.org/TR/xhtml1/DTD/xhtml1-transitional.dtd">
<html xmlns="http://www.w3.org/1999/xhtml" xml:lang="en" lang="en">
 <head>
  <title>
</title>
<meta http-equiv="Content-Type" content="text/html;charset=utf-8" />
  <meta name='ocr-system' content='tesseract 3.04.00' />
  <meta name='ocr-capabilities' content='ocr_page ocr_carea ocr_par ocr_line ocrx_word'/>
</head>
<body>
  <div class='ocr_page' id='page_1' title='image "./enchiridionfont00marcgoog_0215.png"; bbox 0 0 3182 5210; ppageno 0'>
   <div class='ocr_carea' id='block_1_1' title="bbox 1309 380 1373 444">
    <p class='ocr_par' dir='ltr' id='par_1_1' title="bbox 1309 380 1373 444">
     <span class='ocr_line' id='line_1_1' title="bbox 1309 380 1373 444; baseline -0.031 0"><span class='ocrx_word' id='word_1_1' title='bbox 1309 380 1373 444; x_wconf 83' lang='lat'>193</span> 
     </span>
    </p>
   </div>
   <div class='ocr_carea' id='block_1_2' title="bbox 80 576 1373 1094">
    <p class='ocr_par' dir='ltr' id='par_1_2' title="bbox 80 576 1373 1094">
     <span class='ocr_line' id='line_1_2' title="bbox 80 576 1372 662; baseline -0.001 -19"><span class='ocrx_word' id='word_1_2' title='bbox 80 579 161 643; x_wconf 81' lang='lat' dir='ltr'>tales</span> <span class='ocrx_word' id='word_1_3' title='bbox 186 579 374 662; x_wconf 89' lang='lat' dir='ltr'>illatorum,</span> <span class='ocrx_word' id='word_1_4' title='bbox 399 617 439 625; x_wconf 86' lang='lat'>-</span> <span class='ocrx_word' id='word_1_5' title='bbox 465 580 607 644; x_wconf 79' lang='lat' dir='ltr'>Ceterae</span> <span class='ocrx_word' id='word_1_6' title='bbox 632 581 880 662; x_wconf 85' lang='lat' dir='ltr'>possessionum</span> <span class='ocrx_word' id='word_1_7' title='bbox 910 585 1024 661; x_wconf 87' lang='lat' dir='ltr'>partes</span> <span class='ocrx_word' id='word_1_8' title='bbox 1047 576 1083 640; x_wconf 91' lang='lat' dir='ltr'>in</span> <span class='ocrx_word' id='word_1_9' title='bbox 1107 599 1227 642; x_wconf 89' lang='lat' dir='ltr'>manus</span> <span class='ocrx_word' id='word_1_10' title='bbox 1261 579 1372 662; x_wconf 89' lang='lat' dir='ltr'>regias</span> 
     </span>
     <span class='ocr_line' id='line_1_3' title="bbox 80 685 1372 773; baseline -0.001 -24"><span class='ocrx_word' id='word_1_11' title='bbox 80 685 317 770; x_wconf 77' lang='lat' dir='ltr'>devolvantur,</span> <span class='ocrx_word' id='word_1_12' title='bbox 336 689 387 750; x_wconf 83' lang='lat' dir='ltr'>ita</span> <span class='ocrx_word' id='word_1_13' title='bbox 414 689 504 773; x_wconf 91' lang='lat' dir='ltr'>quod</span> <span class='ocrx_word' id='word_1_14' title='bbox 529 687 692 752; x_wconf 86' lang='lat' dir='ltr'>haeredes</span> <span class='ocrx_word' id='word_1_15' title='bbox 715 709 832 752; x_wconf 88' lang='lat' dir='ltr'>eorum</span> <span class='ocrx_word' id='word_1_16' title='bbox 850 693 988 770; x_wconf 91' lang='lat' dir='ltr'>propter</span> <span class='ocrx_word' id='word_1_17' title='bbox 1011 706 1167 750; x_wconf 83' lang='lat' dir='ltr'>excessus</span> <span class='ocrx_word' id='word_1_18' title='bbox 1192 692 1372 768; x_wconf 88' lang='lat' dir='ltr'>parentum</span> 
     </span>
     <span class='ocr_line' id='line_1_4' title="bbox 80 791 1373 878; baseline 0 -22"><span class='ocrx_word' id='word_1_19' title='bbox 80 793 234 878; x_wconf 79' lang='lat' dir='ltr'>legdtima</span> <span class='ocrx_word' id='word_1_20' title='bbox 259 801 355 876; x_wconf 90' lang='lat' dir='ltr'>parte</span> <span class='ocrx_word' id='word_1_21' title='bbox 378 795 604 859; x_wconf 88' lang='lat' dir='ltr'>haereditatis</span> <span class='ocrx_word' id='word_1_22' title='bbox 628 795 802 876; x_wconf 87' lang='lat' dir='ltr'>denudati,</span> <span class='ocrx_word' id='word_1_23' title='bbox 836 796 927 858; x_wconf 89' lang='lat' dir='ltr'>inter</span> <span class='ocrx_word' id='word_1_24' title='bbox 958 791 1091 858; x_wconf 85' lang='lat' dir='ltr'>nobiles</span> <span class='ocrx_word' id='word_1_25' title='bbox 1123 813 1192 856; x_wconf 89' lang='lat' dir='ltr'>non</span> <span class='ocrx_word' id='word_1_26' title='bbox 1225 791 1373 856; x_wconf 89' lang='lat' dir='ltr'>debeant</span> 
     </span>
     <span class='ocr_line' id='line_1_5' title="bbox 80 899 1373 987; baseline -0.002 -23"><span class='ocrx_word' id='word_1_27' title='bbox 80 905 279 984; x_wconf 83' lang='lat' dir='ltr'>computari,</span> <span class='ocrx_word' id='word_1_28' title='bbox 303 908 338 965; x_wconf 90' lang='lat' dir='ltr'>et</span> <span class='ocrx_word' id='word_1_29' title='bbox 362 900 406 964; x_wconf 87' lang='lat' dir='ltr'>ab</span> <span class='ocrx_word' id='word_1_30' title='bbox 430 900 565 966; x_wconf 89' lang='lat' dir='ltr'>actibus</span> <span class='ocrx_word' id='word_1_31' title='bbox 587 901 765 984; x_wconf 79' lang='lat' dir='ltr'><strong>nobilium,</strong></span> <span class='ocrx_word' id='word_1_32' title='bbox 789 910 892 987; x_wconf 87' lang='lat' dir='ltr'>atque</span> <span class='ocrx_word' id='word_1_33' title='bbox 916 899 959 964; x_wconf 91' lang='lat' dir='ltr'>ab</span> <span class='ocrx_word' id='word_1_34' title='bbox 978 901 1077 964; x_wconf 90' lang='lat' dir='ltr'>aditu</span> <span class='ocrx_word' id='word_1_35' title='bbox 1094 900 1222 985; x_wconf 86' lang='lat' dir='ltr'>(regiae</span> <span class='ocrx_word' id='word_1_36' title='bbox 1237 899 1373 978; x_wconf 78' lang='lat' dir='ltr'>aulae)³</span> 
     </span>
     <span class='ocr_line' id='line_1_6' title="bbox 80 1007 1135 1094; baseline -0.002 -23"><span class='ocrx_word' id='word_1_37' title='bbox 80 1009 209 1072; x_wconf 83' lang='lat' dir='ltr'>exclusi</span> <span class='ocrx_word' id='word_1_38' title='bbox 233 1019 405 1086; x_wconf 84' lang='lat' dir='ltr'>maneant,</span> <span class='ocrx_word' id='word_1_39' title='bbox 429 1009 473 1072; x_wconf 87' lang='lat' dir='ltr'>ab</span> <span class='ocrx_word' id='word_1_40' title='bbox 496 1010 654 1074; x_wconf 89' lang='lat' dir='ltr'>omnibus</span> <span class='ocrx_word' id='word_1_41' title='bbox 677 1009 811 1074; x_wconf 88' lang='lat' dir='ltr'>actibus</span> <span class='ocrx_word' id='word_1_42' title='bbox 835 1010 1000 1094; x_wconf 72' lang='lat' dir='ltr'>legitimis</span> <span class='ocrx_word' id='word_1_43' title='bbox 1023 1007 1135 1070; x_wconf 91' lang='lat' dir='ltr'>alieni.</span> 
     </span>
    </p>
   </div>
   <div class='ocr_carea' id='block_1_3' title="bbox 77 1131 1374 1537">
    <p class='ocr_par' dir='ltr' id='par_1_3' title="bbox 77 1131 1374 1537">
     <span class='ocr_line' id='line_1_7' title="bbox 185 1131 1374 1218; baseline -0.002 -22"><span class='ocrx_word' id='word_1_44' title='bbox 185 1133 247 1197; x_wconf 91' lang='lat' dir='ltr'>VI.</span> <span class='ocrx_word' id='word_1_45' title='bbox 270 1133 308 1198; x_wconf 84' lang='lat' dir='ltr'>Si</span> <span class='ocrx_word' id='word_1_46' title='bbox 324 1136 384 1218; x_wconf 93' lang='lat' dir='ltr'>qui</span> <span class='ocrx_word' id='word_1_47' title='bbox 400 1156 482 1198; x_wconf 88' lang='lat' dir='ltr'>vero</span> <span class='ocrx_word' id='word_1_48' title='bbox 498 1157 540 1198; x_wconf 80' lang='lat' dir='ltr'>ex</span> <span class='ocrx_word' id='word_1_49' title='bbox 557 1137 668 1199; x_wconf 81' lang='lat' dir='ltr'>istie..</span> <span class='ocrx_word' id='word_1_50' title='bbox 682 1187 684 1194; x_wconf 76' lang='grc'><strong>,</strong></span> <span class='ocrx_word' id='word_1_51' title='bbox 698 1185 703 1197; x_wconf 95' lang='grc'><strong><em>.</em></strong></span> <span class='ocrx_word' id='word_1_52' title='bbox 724 1136 951 1218; x_wconf 79' lang='lat' dir='ltr'>insurgerent,</span> <span class='ocrx_word' id='word_1_53' title='bbox 975 1153 1060 1217; x_wconf 92' lang='lat' dir='ltr'>quos</span> <span class='ocrx_word' id='word_1_54' title='bbox 1076 1131 1234 1195; x_wconf 89' lang='lat' dir='ltr'>dominus</span> <span class='ocrx_word' id='word_1_55' title='bbox 1257 1141 1374 1194; x_wconf 90' lang='lat' dir='ltr'>noster</span> 
     </span>
     <span class='ocr_line' id='line_1_8' title="bbox 79 1238 1372 1326; baseline 0 -24"><span class='ocrx_word' id='word_1_56' title='bbox 79 1263 133 1304; x_wconf 89' lang='lat' dir='ltr'>rex</span> <span class='ocrx_word' id='word_1_57' title='bbox 160 1244 324 1304; x_wconf 87' lang='lat' dir='ltr'>invocata</span> <span class='ocrx_word' id='word_1_58' title='bbox 348 1249 383 1304; x_wconf 89' lang='lat' dir='ltr'>et</span> <span class='ocrx_word' id='word_1_59' title='bbox 407 1250 614 1326; x_wconf 88' lang='lat' dir='ltr'>congregata</span> <span class='ocrx_word' id='word_1_60' title='bbox 638 1243 737 1325; x_wconf 90' lang='lat' dir='ltr'>regni</span> <span class='ocrx_word' id='word_1_61' title='bbox 760 1242 813 1304; x_wconf 87' lang='lat' dir='ltr'>sui</span> <span class='ocrx_word' id='word_1_62' title='bbox 837 1261 940 1303; x_wconf 92' lang='lat' dir='ltr'>manu</span> <span class='ocrx_word' id='word_1_63' title='bbox 960 1238 1149 1322; x_wconf 80' lang='lat' dir='ltr'>deprimere</span> <span class='ocrx_word' id='word_1_64' title='bbox 1166 1260 1234 1302; x_wconf 90' lang='lat' dir='ltr'>non</span> <span class='ocrx_word' id='word_1_65' title='bbox 1251 1247 1372 1320; x_wconf 87' lang='lat' dir='ltr'>posset,</span> 
     </span>
     <span class='ocr_line' id='line_1_9' title="bbox 78 1344 1373 1430; baseline -0.001 -20"><span class='ocrx_word' id='word_1_66' title='bbox 78 1359 107 1410; x_wconf 84' lang='lat' dir='ltr'>et</span> <span class='ocrx_word' id='word_1_67' title='bbox 142 1349 263 1429; x_wconf 86' lang='lat' dir='ltr'>poenis</span> <span class='ocrx_word' id='word_1_68' title='bbox 287 1347 494 1430; x_wconf 89' lang='lat' dir='ltr'>supradictis</span> <span class='ocrx_word' id='word_1_69' title='bbox 518 1347 695 1425; x_wconf 76' lang='lat' dir='ltr'>adducere,</span> <span class='ocrx_word' id='word_1_70' title='bbox 719 1347 854 1410; x_wconf 90' lang='lat' dir='ltr'>licitum</span> <span class='ocrx_word' id='word_1_71' title='bbox 879 1349 925 1410; x_wconf 90' lang='lat' dir='ltr'>sit</span> <span class='ocrx_word' id='word_1_72' title='bbox 948 1345 1001 1408; x_wconf 91' lang='lat' dir='ltr'>illi</span> <span class='ocrx_word' id='word_1_73' title='bbox 1034 1344 1202 1408; x_wconf 82' lang='lat' dir='ltr'>auxilium</span> <span class='ocrx_word' id='word_1_74' title='bbox 1234 1344 1373 1409; x_wconf 87' lang='lat' dir='ltr'>aliunde</span> 
     </span>
     <span class='ocr_line' id='line_1_10' title="bbox 77 1451 1250 1537; baseline -0.003 -20"><span class='ocrx_word' id='word_1_75' title='bbox 77 1453 271 1534; x_wconf 84' lang='lat' dir='ltr'>implorare,</span> <span class='ocrx_word' id='word_1_76' title='bbox 295 1473 356 1535; x_wconf 91' lang='lat' dir='ltr'>per</span> <span class='ocrx_word' id='word_1_77' title='bbox 379 1453 470 1537; x_wconf 91' lang='lat' dir='ltr'>quod</span> <span class='ocrx_word' id='word_1_78' title='bbox 494 1455 653 1516; x_wconf 81' lang='lat' dir='ltr'>convinci</span> <span class='ocrx_word' id='word_1_79' title='bbox 677 1455 783 1536; x_wconf 89' lang='lat' dir='ltr'>possit</span> <span class='ocrx_word' id='word_1_80' title='bbox 808 1451 927 1517; x_wconf 82' lang='lat' dir='ltr'>feritas</span> <span class='ocrx_word' id='word_1_81' title='bbox 951 1452 1250 1536; x_wconf 78' lang='lat' dir='ltr'>delinquentium.⁴</span> 
     </span>
    </p>
   </div>
   <div class='ocr_carea' id='block_1_4' title="bbox 74 1577 1372 2286">
    <p class='ocr_par' dir='ltr' id='par_1_4' title="bbox 74 1577 1372 2286">
     <span class='ocr_line' id='line_1_11' title="bbox 183 1577 1372 1663; baseline -0.003 -20"><span class='ocrx_word' id='word_1_82' title='bbox 183 1577 263 1643; x_wconf 86' lang='lat' dir='ltr'>VH.</span> <span class='ocrx_word' id='word_1_83' title='bbox 287 1579 334 1642; x_wconf 85' lang='lat' dir='ltr'>Et</span> <span class='ocrx_word' id='word_1_84' title='bbox 359 1581 388 1642; x_wconf 90' lang='lat' dir='ltr'>si</span> <span class='ocrx_word' id='word_1_85' title='bbox 412 1579 503 1642; x_wconf 85' lang='lat' dir='ltr'>idern</span> <span class='ocrx_word' id='word_1_86' title='bbox 527 1581 687 1644; x_wconf 89' lang='lat' dir='ltr'>dominus</span> <span class='ocrx_word' id='word_1_87' title='bbox 709 1587 826 1644; x_wconf 90' lang='lat' dir='ltr'>noster</span> <span class='ocrx_word' id='word_1_88' title='bbox 845 1601 904 1642; x_wconf 82' lang='lat' dir='ltr'>rex</span> <span class='ocrx_word' id='word_1_89' title='bbox 921 1579 1118 1642; x_wconf 87' lang='lat' dir='ltr'>huiusmodi</span> <span class='ocrx_word' id='word_1_90' title='bbox 1134 1577 1372 1663; x_wconf 72' lang='lat' dir='ltr'>delinquentes</span> 
     </span>
     <span class='ocr_line' id='line_1_12' title="bbox 78 1685 1372 1770; baseline 0.001 -23"><span class='ocrx_word' id='word_1_91' title='bbox 78 1688 237 1770; x_wconf 84' lang='lat' dir='ltr'>persequi</span> <span class='ocrx_word' id='word_1_92' title='bbox 269 1707 338 1748; x_wconf 91' lang='lat' dir='ltr'>non</span> <span class='ocrx_word' id='word_1_93' title='bbox 373 1694 516 1768; x_wconf 89' lang='lat' dir='ltr'>curaret,</span> <span class='ocrx_word' id='word_1_94' title='bbox 548 1694 583 1749; x_wconf 90' lang='lat' dir='ltr'>et</span> <span class='ocrx_word' id='word_1_95' title='bbox 616 1689 732 1770; x_wconf 90' lang='lat' dir='ltr'>poenis</span> <span class='ocrx_word' id='word_1_96' title='bbox 765 1687 971 1768; x_wconf 88' lang='lat' dir='ltr'>supradictis</span> <span class='ocrx_word' id='word_1_97' title='bbox 1003 1685 1220 1770; x_wconf 84' lang='lat' dir='ltr'>negligenter</span> <span class='ocrx_word' id='word_1_98' title='bbox 1254 1688 1372 1768; x_wconf 87' lang='lat' dir='ltr'>punire</span> 
     </span>
     <span class='ocr_line' id='line_1_13' title="bbox 77 1790 1371 1878; baseline 0.002 -24"><span class='ocrx_word' id='word_1_99' title='bbox 77 1793 289 1874; x_wconf 85' lang='lat' dir='ltr'>admitteret,</span> <span class='ocrx_word' id='word_1_100' title='bbox 310 1791 547 1856; x_wconf 81' lang='lat' dir='ltr'>denunciando</span> <span class='ocrx_word' id='word_1_101' title='bbox 563 1795 657 1858; x_wconf 90' lang='lat' dir='ltr'>omni</span> <span class='ocrx_word' id='word_1_102' title='bbox 673 1791 863 1877; x_wconf 81' lang='lat' dir='ltr'>priuilegiO,</span> <span class='ocrx_word' id='word_1_103' title='bbox 882 1795 911 1855; x_wconf 91' lang='lat' dir='ltr'>si</span> <span class='ocrx_word' id='word_1_104' title='bbox 927 1792 1018 1877; x_wconf 93' lang='lat' dir='ltr'>quod</span> <span class='ocrx_word' id='word_1_105' title='bbox 1037 1790 1152 1873; x_wconf 88' lang='lat' dir='ltr'>habet,</span> <span class='ocrx_word' id='word_1_106' title='bbox 1168 1793 1210 1856; x_wconf 91' lang='lat' dir='ltr'>de</span> <span class='ocrx_word' id='word_1_107' title='bbox 1226 1814 1265 1856; x_wconf 90' lang='lat' dir='ltr'>eo</span> <span class='ocrx_word' id='word_1_108' title='bbox 1281 1795 1371 1878; x_wconf 92' lang='lat' dir='ltr'>quod</span> 
     </span>
     <span class='ocr_line' id='line_1_14' title="bbox 76 1898 1372 1982; baseline 0.002 -20"><span class='ocrx_word' id='word_1_109' title='bbox 76 1901 368 1963; x_wconf 82' lang='lat' dir='ltr'>excommunicari</span> <span class='ocrx_word' id='word_1_110' title='bbox 384 1921 453 1962; x_wconf 93' lang='lat' dir='ltr'>non</span> <span class='ocrx_word' id='word_1_111' title='bbox 469 1902 584 1982; x_wconf 87' lang='lat' dir='ltr'>possit,</span> <span class='ocrx_word' id='word_1_112' title='bbox 603 1921 661 1982; x_wconf 90' lang='lat' dir='ltr'>per</span> <span class='ocrx_word' id='word_1_113' title='bbox 677 1900 853 1963; x_wconf 90' lang='lat' dir='ltr'>dominum</span> <span class='ocrx_word' id='word_1_114' title='bbox 877 1898 1183 1982; x_wconf 89' lang='lat' dir='ltr'>Archiepiscopum</span> <span class='ocrx_word' id='word_1_115' title='bbox 1211 1898 1372 1964; x_wconf 72' lang='grc'><strong>0010111-</strong></span> 
     </span>
     <span class='ocr_line' id='line_1_15' title="bbox 75 2005 1371 2089; baseline 0.002 -19"><span class='ocrx_word' id='word_1_116' title='bbox 75 2029 156 2086; x_wconf 84' lang='lat' dir='ltr'>sem,</span> <span class='ocrx_word' id='word_1_117' title='bbox 173 2009 270 2070; x_wconf 91' lang='lat' dir='ltr'>omni</span> <span class='ocrx_word' id='word_1_118' title='bbox 288 2005 518 2088; x_wconf 86' lang='lat' dir='ltr'>praelatorum</span> <span class='ocrx_word' id='word_1_119' title='bbox 541 2007 683 2072; x_wconf 90' lang='lat' dir='ltr'>consilio</span> <span class='ocrx_word' id='word_1_120' title='bbox 707 2007 917 2070; x_wconf 88' lang='lat' dir='ltr'>attendente.</span> <span class='ocrx_word' id='word_1_121' title='bbox 942 2013 1042 2089; x_wconf 91' lang='lat' dir='ltr'>prout</span> <span class='ocrx_word' id='word_1_122' title='bbox 1066 2005 1110 2069; x_wconf 88' lang='lat' dir='ltr'>ad</span> <span class='ocrx_word' id='word_1_123' title='bbox 1132 2005 1197 2069; x_wconf 93' lang='lat' dir='ltr'>hoc</span> <span class='ocrx_word' id='word_1_124' title='bbox 1214 2005 1371 2072; x_wconf 90' lang='lat' dir='ltr'>dominus</span> 
     </span>
     <span class='ocr_line' id='line_1_16' title="bbox 75 2113 1371 2198; baseline 0.001 -21"><span class='ocrx_word' id='word_1_125' title='bbox 75 2136 131 2177; x_wconf 85' lang='lat' dir='ltr'>rex</span> <span class='ocrx_word' id='word_1_126' title='bbox 159 2135 275 2195; x_wconf 87' lang='lat' dir='ltr'>seper</span> <span class='ocrx_word' id='word_1_127' title='bbox 298 2113 415 2177; x_wconf 84' lang='lat' dir='ltr'>literas</span> <span class='ocrx_word' id='word_1_128' title='bbox 439 2136 517 2178; x_wconf 86' lang='lat' dir='ltr'>suas</span> <span class='ocrx_word' id='word_1_129' title='bbox 533 2115 695 2198; x_wconf 86' lang='lat' dir='ltr'>speciales</span> <span class='ocrx_word' id='word_1_130' title='bbox 718 2113 898 2198; x_wconf 86' lang='lat' dir='ltr'>obligavit,</span> <span class='ocrx_word' id='word_1_131' title='bbox 922 2136 941 2176; x_wconf 88' lang='lat' dir='ltr'>a</span> <span class='ocrx_word' id='word_1_132' title='bbox 966 2135 1106 2177; x_wconf 85' lang='lat' dir='ltr'>romana</span> <span class='ocrx_word' id='word_1_133' title='bbox 1130 2113 1208 2177; x_wconf 79' lang='lat' dir='ltr'>sede</span> <span class='ocrx_word' id='word_1_134' title='bbox 1241 2114 1371 2198; x_wconf 71' lang='lat' dir='ltr'>capella</span> 
     </span>
     <span class='ocr_line' id='line_1_17' title="bbox 74 2223 410 2286; baseline 0.006 -2"><span class='ocrx_word' id='word_1_135' title='bbox 74 2225 147 2286; x_wconf 90' lang='lat' dir='ltr'>eius</span> <span class='ocrx_word' id='word_1_136' title='bbox 170 2223 410 2286; x_wconf 88' lang='lat' dir='ltr'>interdicatur.</span> 
     </span>
    </p>
   </div>
   <div class='ocr_carea' id='block_1_5' title="bbox 9 2345 1372 2540">
    <p class='ocr_par' dir='ltr' id='par_1_5' title="bbox 9 2345 1372 2540">
     <span class='ocr_line' id='line_1_18' title="bbox 183 2345 1372 2431; baseline 0.001 -19"><span class='ocrx_word' id='word_1_137' title='bbox 183 2347 230 2412; x_wconf 92' lang='lat' dir='ltr'>X.</span> <span class='ocrx_word' id='word_1_138' title='bbox 247 2347 337 2410; x_wconf 88' lang='lat' dir='ltr'>Item</span> <span class='ocrx_word' id='word_1_139' title='bbox 354 2349 562 2412; x_wconf 86' lang='lat' dir='ltr'>munitiones</span> <span class='ocrx_word' id='word_1_140' title='bbox 575 2356 610 2411; x_wconf 88' lang='lat' dir='ltr'>et</span> <span class='ocrx_word' id='word_1_141' title='bbox 620 2347 760 2412; x_wconf 86' lang='lat' dir='ltr'>castella</span> <span class='ocrx_word' id='word_1_142' title='bbox 777 2348 818 2412; x_wconf 91' lang='lat' dir='ltr'>de</span> <span class='ocrx_word' id='word_1_143' title='bbox 835 2367 924 2410; x_wconf 92' lang='lat' dir='ltr'>novo</span> <span class='ocrx_word' id='word_1_144' title='bbox 940 2345 1069 2431; x_wconf 85' lang='lat' dir='ltr'>absque</span> <span class='ocrx_word' id='word_1_145' title='bbox 1086 2346 1225 2410; x_wconf 87' lang='lat' dir='ltr'>licentia</span> <span class='ocrx_word' id='word_1_146' title='bbox 1241 2349 1372 2414; x_wconf 90' lang='lat' dir='ltr'>domini</span> 
     </span>
     <span class='ocr_line' id='line_1_19' title="bbox 9 2439 1372 2540; baseline 0.002 -24"><span class='ocrx_word' id='word_1_147' title='bbox 9 2439 10 2448; x_wconf 31' lang='lat'>¹</span> <span class='ocrx_word' id='word_1_148' title='bbox 74 2456 166 2539; x_wconf 88' lang='lat' dir='ltr'>regis</span> <span class='ocrx_word' id='word_1_149' title='bbox 190 2453 248 2517; x_wconf 83' lang='lat' dir='ltr'>vel</span> <span class='ocrx_word' id='word_1_150' title='bbox 271 2475 358 2539; x_wconf 89' lang='lat' dir='ltr'>quae</span> <span class='ocrx_word' id='word_1_151' title='bbox 383 2453 514 2518; x_wconf 87' lang='lat' dir='ltr'>fuerint</span> <span class='ocrx_word' id='word_1_152' title='bbox 539 2455 625 2520; x_wconf 90' lang='lat' dir='ltr'>tales</span> <span class='ocrx_word' id='word_1_153' title='bbox 649 2456 691 2518; x_wconf 89' lang='lat' dir='ltr'>de</span> <span class='ocrx_word' id='word_1_154' title='bbox 715 2453 840 2540; x_wconf 89' lang='lat' dir='ltr'>quibus</span> <span class='ocrx_word' id='word_1_155' title='bbox 863 2454 1071 2518; x_wconf 88' lang='lat' dir='ltr'>detrimenta</span> <span class='ocrx_word' id='word_1_156' title='bbox 1094 2454 1299 2539; x_wconf 82' lang='lat' dir='ltr'>inferuntur,</span> <span class='ocrx_word' id='word_1_157' title='bbox 1315 2457 1372 2522; x_wconf 91' lang='lat' dir='ltr'>vel</span> 
     </span>
    </p>
   </div>
   <div class='ocr_carea' id='block_1_6' title="bbox 9 2559 1372 3704">
    <p class='ocr_par' dir='ltr' id='par_1_6' title="bbox 9 2559 1372 3704">
     <span class='ocr_line' id='line_1_20' title="bbox 9 2559 1372 2646; baseline 0.003 -23"><span class='ocrx_word' id='word_1_158' title='bbox 9 2633 10 2636; x_wconf 7' lang='grc' dir='ltr'><strong>Ἴ</strong></span> <span class='ocrx_word' id='word_1_159' title='bbox 72 2563 107 2623; x_wconf 89' lang='lat' dir='ltr'>in</span> <span class='ocrx_word' id='word_1_160' title='bbox 117 2570 297 2644; x_wconf 88' lang='lat' dir='ltr'>posterum</span> <span class='ocrx_word' id='word_1_161' title='bbox 313 2561 435 2626; x_wconf 86' lang='lat' dir='ltr'>inferri</span> <span class='ocrx_word' id='word_1_162' title='bbox 446 2571 751 2644; x_wconf 81' lang='lat' dir='ltr'>praesumerentur,</span> <span class='ocrx_word' id='word_1_163' title='bbox 762 2569 821 2625; x_wconf 91' lang='lat' dir='ltr'>aut</span> <span class='ocrx_word' id='word_1_164' title='bbox 832 2563 936 2625; x_wconf 89' lang='lat' dir='ltr'>etiam</span> <span class='ocrx_word' id='word_1_165' title='bbox 947 2559 1071 2646; x_wconf 89' lang='lat' dir='ltr'>quibus</span> <span class='ocrx_word' id='word_1_166' title='bbox 1084 2563 1176 2644; x_wconf 87' lang='lat' dir='ltr'>ipsae</span> <span class='ocrx_word' id='word_1_167' title='bbox 1194 2566 1372 2646; x_wconf 90' lang='lat' dir='ltr'>possessio-</span> 
     </span>
     <span class='ocr_line' id='line_1_21' title="bbox 73 2667 1372 2752; baseline 0.003 -22"><span class='ocrx_word' id='word_1_168' title='bbox 73 2689 131 2731; x_wconf 88' lang='lat' dir='ltr'>nes</span> <span class='ocrx_word' id='word_1_169' title='bbox 161 2691 232 2732; x_wconf 88' lang='lat' dir='ltr'>non</span> <span class='ocrx_word' id='word_1_170' title='bbox 266 2668 453 2752; x_wconf 88' lang='lat' dir='ltr'>sufficiunt,</span> <span class='ocrx_word' id='word_1_171' title='bbox 486 2673 634 2734; x_wconf 87' lang='lat' dir='ltr'>minores</span> <span class='ocrx_word' id='word_1_172' title='bbox 666 2672 770 2733; x_wconf 89' lang='lat' dir='ltr'>etiam</span> <span class='ocrx_word' id='word_1_173' title='bbox 803 2691 904 2752; x_wconf 90' lang='lat' dir='ltr'>super</span> <span class='ocrx_word' id='word_1_174' title='bbox 927 2667 1085 2732; x_wconf 84' lang='lat' dir='ltr'>ecclesias</span> <span class='ocrx_word' id='word_1_175' title='bbox 1108 2678 1143 2733; x_wconf 90' lang='lat' dir='ltr'>et</span> <span class='ocrx_word' id='word_1_176' title='bbox 1166 2673 1372 2734; x_wconf 87' lang='lat' dir='ltr'>monasteria</span> 
     </span>
     <span class='ocr_line' id='line_1_22' title="bbox 73 2775 1372 2854; baseline 0.005 -18"><span class='ocrx_word' id='word_1_177' title='bbox 73 2775 184 2840; x_wconf 80' lang='lat' dir='ltr'>lactas</span> <span class='ocrx_word' id='word_1_178' title='bbox 201 2779 275 2840; x_wconf 90' lang='lat' dir='ltr'>sine</span> <span class='ocrx_word' id='word_1_179' title='bbox 296 2777 461 2841; x_wconf 88' lang='lat' dir='ltr'>dilatione</span> <span class='ocrx_word' id='word_1_180' title='bbox 484 2780 578 2841; x_wconf 87' lang='lat' dir='ltr'>omni</span> <span class='ocrx_word' id='word_1_181' title='bbox 593 2777 780 2841; x_wconf 89' lang='lat' dir='ltr'>deleantur.</span> <span class='ocrx_word' id='word_1_182' title='bbox 805 2777 898 2854; x_wconf 79' lang='lat' dir='ltr'>Quae</span> <span class='ocrx_word' id='word_1_183' title='bbox 922 2779 951 2840; x_wconf 91' lang='lat' dir='ltr'>si</span> <span class='ocrx_word' id='word_1_184' title='bbox 967 2777 1142 2840; x_wconf 90' lang='lat' dir='ltr'>destructa</span> <span class='ocrx_word' id='word_1_185' title='bbox 1158 2798 1226 2840; x_wconf 92' lang='lat' dir='ltr'>non</span> <span class='ocrx_word' id='word_1_186' title='bbox 1242 2777 1372 2844; x_wconf 88' lang='lat' dir='ltr'>fuerint</span> 
     </span>
     <span class='ocr_line' id='line_1_23' title="bbox 73 2885 1371 2952; baseline 0.003 -6"><span class='ocrx_word' id='word_1_187' title='bbox 73 2885 271 2950; x_wconf 88' lang='lat' dir='ltr'>detentores</span> <span class='ocrx_word' id='word_1_188' title='bbox 301 2885 486 2952; x_wconf 88' lang='lat' dir='ltr'>earundem</span> <span class='ocrx_word' id='word_1_189' title='bbox 518 2889 749 2952; x_wconf 89' lang='lat' dir='ltr'>munitionum</span> <span class='ocrx_word' id='word_1_190' title='bbox 778 2889 987 2948; x_wconf 87' lang='lat' dir='ltr'>sentenciam</span> <span class='ocrx_word' id='word_1_191' title='bbox 1010 2887 1371 2950; x_wconf 83' lang='lat' dir='ltr'>excommunicationis</span> 
     </span>
     <span class='ocr_line' id='line_1_24' title="bbox 73 2991 1371 3077; baseline 0.002 -22"><span class='ocrx_word' id='word_1_192' title='bbox 73 2993 262 3058; x_wconf 85' lang='lat' dir='ltr'>incurrant.</span> <span class='ocrx_word' id='word_1_193' title='bbox 286 2994 334 3057; x_wconf 84' lang='lat' dir='ltr'>Et</span> <span class='ocrx_word' id='word_1_194' title='bbox 357 2993 600 3058; x_wconf 90' lang='lat' dir='ltr'>nichilominus</span> <span class='ocrx_word' id='word_1_195' title='bbox 619 3015 679 3077; x_wconf 93' lang='lat' dir='ltr'>per</span> <span class='ocrx_word' id='word_1_196' title='bbox 697 2993 873 3056; x_wconf 89' lang='lat' dir='ltr'>dominum</span> <span class='ocrx_word' id='word_1_197' title='bbox 890 3015 1006 3076; x_wconf 89' lang='lat' dir='ltr'>regem</span> <span class='ocrx_word' id='word_1_198' title='bbox 1021 2991 1081 3056; x_wconf 89' lang='lat' dir='ltr'>ubi</span> <span class='ocrx_word' id='word_1_199' title='bbox 1097 2993 1189 3056; x_wconf 86' lang='lat' dir='ltr'>idem</span> <span class='ocrx_word' id='word_1_200' title='bbox 1207 3015 1371 3074; x_wconf 88' lang='lat' dir='ltr'>processe-</span> 
     </span>
     <span class='ocr_line' id='line_1_25' title="bbox 72 3099 1371 3202; baseline 0.002 -39"><span class='ocrx_word' id='word_1_201' title='bbox 72 3101 118 3164; x_wconf 87' lang='lat' dir='ltr'>rit</span> <span class='ocrx_word' id='word_1_202' title='bbox 145 3105 183 3164; x_wconf 90' lang='lat' dir='ltr'>in</span> <span class='ocrx_word' id='word_1_203' title='bbox 202 3123 319 3188; x_wconf 88' lang='lat' dir='ltr'>regn0,</span> <span class='ocrx_word' id='word_1_204' title='bbox 342 3101 399 3166; x_wconf 89' lang='lat' dir='ltr'>vel</span> <span class='ocrx_word' id='word_1_205' title='bbox 423 3125 483 3185; x_wconf 89' lang='lat' dir='ltr'>per</span> <span class='ocrx_word' id='word_1_206' title='bbox 506 3103 696 3185; x_wconf 89' lang='lat' dir='ltr'>palatinum</span> <span class='ocrx_word' id='word_1_207' title='bbox 719 3101 917 3166; x_wconf 87' lang='lat' dir='ltr'>huiusmodi</span> <span class='ocrx_word' id='word_1_208' title='bbox 941 3101 1150 3163; x_wconf 85' lang='lat' dir='ltr'>municiones</span> <span class='ocrx_word' id='word_1_209' title='bbox 1183 3099 1371 3202; x_wconf 61' lang='lat' dir='ltr'>deleantur,</span> 
     </span>
     <span class='ocr_line' id='line_1_26' title="bbox 73 3208 1371 3296; baseline 0.003 -25"><span class='ocrx_word' id='word_1_210' title='bbox 73 3225 185 3273; x_wconf 82' lang='lat' dir='ltr'>terrae</span> <span class='ocrx_word' id='word_1_211' title='bbox 210 3213 240 3274; x_wconf 90' lang='lat' dir='ltr'>si</span> <span class='ocrx_word' id='word_1_212' title='bbox 263 3212 412 3296; x_wconf 88' lang='lat' dir='ltr'>quidem,</span> <span class='ocrx_word' id='word_1_213' title='bbox 436 3211 496 3276; x_wconf 92' lang='lat' dir='ltr'>ubi</span> <span class='ocrx_word' id='word_1_214' title='bbox 525 3211 611 3275; x_wconf 87' lang='lat' dir='ltr'>tales</span> <span class='ocrx_word' id='word_1_215' title='bbox 634 3212 842 3274; x_wconf 88' lang='lat' dir='ltr'>munitiones</span> <span class='ocrx_word' id='word_1_216' title='bbox 876 3232 934 3291; x_wconf 90' lang='lat' dir='ltr'>per</span> <span class='ocrx_word' id='word_1_217' title='bbox 967 3208 1143 3272; x_wconf 90' lang='lat' dir='ltr'>dominum</span> <span class='ocrx_word' id='word_1_218' title='bbox 1176 3231 1291 3293; x_wconf 87' lang='lat' dir='ltr'>regem</span> <span class='ocrx_word' id='word_1_219' title='bbox 1314 3212 1371 3274; x_wconf 87' lang='lat' dir='ltr'>vel</span> 
     </span>
     <span class='ocr_line' id='line_1_27' title="bbox 72 3316 1371 3402; baseline 0.002 -24"><span class='ocrx_word' id='word_1_220' title='bbox 72 3316 267 3396; x_wconf 85' lang='lat' dir='ltr'>palatinum</span> <span class='ocrx_word' id='word_1_221' title='bbox 283 3325 437 3401; x_wconf 82' lang='lat' dir='ltr'>repertae</span> <span class='ocrx_word' id='word_1_222' title='bbox 454 3318 594 3402; x_wconf 75' lang='lat' dir='ltr'>fuerint,</span> <span class='ocrx_word' id='word_1_223' title='bbox 611 3341 670 3400; x_wconf 89' lang='lat' dir='ltr'>per</span> <span class='ocrx_word' id='word_1_224' title='bbox 685 3338 769 3401; x_wconf 92' lang='lat' dir='ltr'>quos</span> <span class='ocrx_word' id='word_1_225' title='bbox 788 3319 900 3382; x_wconf 88' lang='lat' dir='ltr'>dictae</span> <span class='ocrx_word' id='word_1_226' title='bbox 925 3318 1132 3379; x_wconf 89' lang='lat' dir='ltr'>munitiones</span> <span class='ocrx_word' id='word_1_227' title='bbox 1156 3325 1371 3381; x_wconf 85' lang='lat' dir='ltr'>constructae</span> 
     </span>
     <span class='ocr_line' id='line_1_28' title="bbox 73 3422 1370 3512; baseline 0.001 -25"><span class='ocrx_word' id='word_1_228' title='bbox 73 3422 225 3508; x_wconf 82' lang='lat' dir='ltr'>fuerunt,</span> <span class='ocrx_word' id='word_1_229' title='bbox 245 3427 281 3489; x_wconf 91' lang='lat' dir='ltr'>in</span> <span class='ocrx_word' id='word_1_230' title='bbox 306 3429 360 3490; x_wconf 91' lang='lat' dir='ltr'>ius</span> <span class='ocrx_word' id='word_1_231' title='bbox 382 3429 517 3512; x_wconf 90' lang='lat' dir='ltr'>regium</span> <span class='ocrx_word' id='word_1_232' title='bbox 532 3425 771 3508; x_wconf 82' lang='lat' dir='ltr'>devolvantur,</span> <span class='ocrx_word' id='word_1_233' title='bbox 787 3425 881 3488; x_wconf 91' lang='lat' dir='ltr'>nulla</span> <span class='ocrx_word' id='word_1_234' title='bbox 899 3425 1133 3506; x_wconf 90' lang='lat' dir='ltr'>redemptione</span> <span class='ocrx_word' id='word_1_235' title='bbox 1148 3423 1205 3486; x_wconf 89' lang='lat' dir='ltr'>vel</span> <span class='ocrx_word' id='word_1_236' title='bbox 1222 3446 1370 3488; x_wconf 90' lang='lat' dir='ltr'>commu-</span> 
     </span>
     <span class='ocr_line' id='line_1_29' title="bbox 72 3531 1369 3616; baseline 0.001 -23"><span class='ocrx_word' id='word_1_237' title='bbox 72 3535 205 3597; x_wconf 82' lang='lat' dir='ltr'>tatione</span> <span class='ocrx_word' id='word_1_238' title='bbox 230 3541 375 3616; x_wconf 89' lang='lat' dir='ltr'>recepta,</span> <span class='ocrx_word' id='word_1_239' title='bbox 399 3537 533 3598; x_wconf 88' lang='lat' dir='ltr'>sivero</span> <span class='ocrx_word' id='word_1_240' title='bbox 557 3533 687 3597; x_wconf 87' lang='lat' dir='ltr'>fuerint</span> <span class='ocrx_word' id='word_1_241' title='bbox 711 3531 866 3613; x_wconf 88' lang='lat' dir='ltr'>aliorum,</span> <span class='ocrx_word' id='word_1_242' title='bbox 890 3533 981 3594; x_wconf 88' lang='lat' dir='ltr'>veris</span> <span class='ocrx_word' id='word_1_243' title='bbox 1005 3540 1040 3595; x_wconf 92' lang='lat' dir='ltr'>et</span> <span class='ocrx_word' id='word_1_244' title='bbox 1058 3533 1203 3613; x_wconf 91' lang='lat' dir='ltr'>propriis</span> <span class='ocrx_word' id='word_1_245' title='bbox 1220 3531 1369 3595; x_wconf 89' lang='lat' dir='ltr'>dominis</span> 
     </span>
     <span class='ocr_line' id='line_1_30' title="bbox 71 3642 312 3704; baseline 0.008 -2"><span class='ocrx_word' id='word_1_246' title='bbox 71 3642 312 3704; x_wconf 87' lang='lat' dir='ltr'>restituantur.</span> 
     </span>
    </p>
   </div>
   <div class='ocr_carea' id='block_1_7' title="bbox 68 3757 1370 4158">
    <p class='ocr_par' dir='ltr' id='par_1_7' title="bbox 68 3757 1370 4158">
     <span class='ocr_line' id='line_1_31' title="bbox 180 3757 1370 3845; baseline -0.005 -16"><span class='ocrx_word' id='word_1_247' title='bbox 180 3764 266 3829; x_wconf 87' lang='lat' dir='ltr'>XX.</span> <span class='ocrx_word' id='word_1_248' title='bbox 290 3764 482 3828; x_wconf 86' lang='lat' dir='ltr'>Statuimus</span> <span class='ocrx_word' id='word_1_249' title='bbox 506 3766 620 3845; x_wconf 87' lang='lat' dir='ltr'>etiam,</span> <span class='ocrx_word' id='word_1_250' title='bbox 640 3771 679 3826; x_wconf 94' lang='lat' dir='ltr'>ut</span> <span class='ocrx_word' id='word_1_251' title='bbox 695 3764 785 3825; x_wconf 88' lang='lat' dir='ltr'>sicut</span> <span class='ocrx_word' id='word_1_252' title='bbox 801 3784 842 3824; x_wconf 89' lang='lat' dir='ltr'>ex</span> <span class='ocrx_word' id='word_1_253' title='bbox 860 3768 955 3842; x_wconf 87' lang='lat' dir='ltr'>parte</span> <span class='ocrx_word' id='word_1_254' title='bbox 973 3757 1225 3845; x_wconf 84' lang='lat' dir='ltr'>regnicolarum</span> <span class='ocrx_word' id='word_1_255' title='bbox 1243 3763 1370 3842; x_wconf 88' lang='lat' dir='ltr'>praeci-</span> 
     </span>
     <span class='ocr_line' id='line_1_32' title="bbox 72 3868 1370 3955; baseline -0.004 -19"><span class='ocrx_word' id='word_1_256' title='bbox 72 3873 168 3952; x_wconf 90' lang='lat' dir='ltr'>pitur</span> <span class='ocrx_word' id='word_1_257' title='bbox 191 3871 270 3936; x_wconf 84' lang='lat' dir='ltr'>fieri</span> <span class='ocrx_word' id='word_1_258' title='bbox 293 3880 536 3955; x_wconf 90' lang='lat' dir='ltr'>occupatorum</span> <span class='ocrx_word' id='word_1_259' title='bbox 558 3872 743 3952; x_wconf 83' lang='lat' dir='ltr'>restitutio,</span> <span class='ocrx_word' id='word_1_260' title='bbox 767 3871 815 3932; x_wconf 88' lang='lat' dir='ltr'>sic</span> <span class='ocrx_word' id='word_1_261' title='bbox 839 3871 943 3932; x_wconf 88' lang='lat' dir='ltr'>etiam</span> <span class='ocrx_word' id='word_1_262' title='bbox 968 3868 999 3932; x_wconf 92' lang='lat' dir='ltr'>d.</span> <span class='ocrx_word' id='word_1_263' title='bbox 1016 3891 1084 3932; x_wconf 80' lang='lat' dir='ltr'>rex.</span> <span class='ocrx_word' id='word_1_264' title='bbox 1109 3889 1195 3952; x_wconf 89' lang='lat' dir='ltr'>quae</span> <span class='ocrx_word' id='word_1_265' title='bbox 1215 3868 1370 3932; x_wconf 88' lang='lat' dir='ltr'>ecclesia-</span> 
     </span>
     <span class='ocr_line' id='line_1_33' title="bbox 69 3977 1368 4068; baseline -0.001 -27"><span class='ocrx_word' id='word_1_266' title='bbox 69 4000 148 4042; x_wconf 88' lang='lat' dir='ltr'>rum</span> <span class='ocrx_word' id='word_1_267' title='bbox 182 3989 221 4044; x_wconf 91' lang='lat' dir='ltr'>ct</span> <span class='ocrx_word' id='word_1_268' title='bbox 252 3979 421 4044; x_wconf 88' lang='lat' dir='ltr'>nobilium</span> <span class='ocrx_word' id='word_1_269' title='bbox 446 4001 517 4044; x_wconf 89' lang='lat' dir='ltr'>esse</span> <span class='ocrx_word' id='word_1_270' title='bbox 541 3979 775 4060; x_wconf 89' lang='lat' dir='ltr'>dinoscuntur,</span> <span class='ocrx_word' id='word_1_271' title='bbox 808 3978 1063 4068; x_wconf 86' lang='lat' dir='ltr'>restitutionem</span> <span class='ocrx_word' id='word_1_272' title='bbox 1088 3984 1254 4056; x_wconf 88' lang='lat' dir='ltr'>teneatur,</span> <span class='ocrx_word' id='word_1_273' title='bbox 1278 3977 1368 4060; x_wconf 89' lang='lat' dir='ltr'>quod</span> 
     </span>
     <span class='ocr_line' id='line_1_34' title="bbox 68 4085 1134 4158; baseline -0.004 -8"><span class='ocrx_word' id='word_1_274' title='bbox 68 4089 190 4150; x_wconf 89' lang='lat' dir='ltr'>sinon</span> <span class='ocrx_word' id='word_1_275' title='bbox 216 4086 331 4158; x_wconf 76' lang='lat' dir='ltr'>fuerit,</span> <span class='ocrx_word' id='word_1_276' title='bbox 357 4088 564 4151; x_wconf 86' lang='lat' dir='ltr'>sententiam</span> <span class='ocrx_word' id='word_1_277' title='bbox 587 4085 949 4148; x_wconf 82' lang='lat' dir='ltr'>excommunicationis</span> <span class='ocrx_word' id='word_1_278' title='bbox 973 4085 1134 4146; x_wconf 88' lang='lat' dir='ltr'>incurrat.</span> 
     </span>
    </p>
   </div>
   <div class='ocr_carea' id='block_1_8' title="bbox 9 4299 1369 4742">
    <p class='ocr_par' dir='ltr' id='par_1_8' title="bbox 9 4299 1369 4742">
     <span class='ocr_line' id='line_1_35' title="bbox 123 4299 1368 4384; baseline -0.004 -17"><span class='ocrx_word' id='word_1_279' title='bbox 123 4313 239 4369; x_wconf 77' lang='lat' dir='ltr'>⁸Tobb</span> <span class='ocrx_word' id='word_1_280' title='bbox 281 4313 398 4368; x_wconf 76' lang='lat' dir='ltr'>oklevdl</span> <span class='ocrx_word' id='word_1_281' title='bbox 442 4313 607 4384; x_wconf 81' lang='lat' dir='ltr'>bizonyitja</span> <span class='ocrx_word' id='word_1_282' title='bbox 650 4331 668 4366; x_wconf 88' lang='lat' dir='ltr'>a</span> <span class='ocrx_word' id='word_1_283' title='bbox 776 4311 930 4364; x_wconf 86' lang='lat' dir='ltr'>mondatot</span> <span class='ocrx_word' id='word_1_284' title='bbox 945 4299 975 4362; x_wconf 66' lang='lat' dir='ltr'>&#39;a</span> <span class='ocrx_word' id='word_1_285' title='bbox 1002 4313 1118 4381; x_wconf 79' lang='lat' dir='ltr'>»regiae</span> <span class='ocrx_word' id='word_1_286' title='bbox 1146 4310 1321 4364; x_wconf 61' lang='lat' dir='ltr'>aulam-vel.</span> <span class='ocrx_word' id='word_1_287' title='bbox 1342 4311 1368 4362; x_wconf 87' lang='grc' dir='ltr'><strong>Α</strong></span> 
     </span>
     <span class='ocr_line' id='line_1_36' title="bbox 66 4399 1313 4474; baseline -0.002 -18"><span class='ocrx_word' id='word_1_288' title='bbox 66 4419 199 4474; x_wconf 71' lang='lat' dir='ltr'>magyar</span> <span class='ocrx_word' id='word_1_289' title='bbox 225 4418 328 4457; x_wconf 81' lang='lat' dir='ltr'>nemas</span> <span class='ocrx_word' id='word_1_290' title='bbox 346 4417 418 4457; x_wconf 81' lang='lat' dir='ltr'>azon</span> <span class='ocrx_word' id='word_1_291' title='bbox 435 4401 528 4474; x_wconf 70' lang='lat' dir='ltr'>jugat,</span> <span class='ocrx_word' id='word_1_292' title='bbox 550 4401 630 4474; x_wconf 91' lang='lat' dir='ltr'>hogy</span> <span class='ocrx_word' id='word_1_293' title='bbox 649 4421 668 4455; x_wconf 82' lang='lat' dir='ltr'>a</span> <span class='ocrx_word' id='word_1_294' title='bbox 775 4401 918 4455; x_wconf 76' lang='lat' dir='ltr'>kiaddsolr</span> <span class='ocrx_word' id='word_1_295' title='bbox 937 4407 983 4453; x_wconf 93' lang='lat' dir='ltr'>ott</span> <span class='ocrx_word' id='word_1_296' title='bbox 1002 4399 1128 4471; x_wconf 78' lang='lat' dir='ltr'>hdzagot</span> <span class='ocrx_word' id='word_1_297' title='bbox 1146 4401 1313 4454; x_wconf 80' lang='lat' dir='ltr'>mutatnalr.</span> 
     </span>
     <span class='ocr_line' id='line_1_37' title="bbox 9 4489 1369 4570; baseline -0.005 -21"><span class='ocrx_word' id='word_1_298' title='bbox 9 4505 12 4570; x_wconf 69' lang='grc' dir='ltr'><em>ζ</em></span> <span class='ocrx_word' id='word_1_299' title='bbox 65 4493 185 4563; x_wconf 74' lang='lat' dir='ltr'>kisalyi</span> <span class='ocrx_word' id='word_1_300' title='bbox 216 4493 371 4546; x_wconf 80' lang='lat' dir='ltr'>udvarban</span> <span class='ocrx_word' id='word_1_301' title='bbox 409 4491 665 4564; x_wconf 78' lang='lat' dir='ltr'>megialenhctett.</span> <span class='ocrx_word' id='word_1_302' title='bbox 831 4491 915 4543; x_wconf 73' lang='grc' dir='ltr'>ιΕ11</span> <span class='ocrx_word' id='word_1_303' title='bbox 928 4508 945 4543; x_wconf 89' lang='lat' dir='ltr'>a</span> <span class='ocrx_word' id='word_1_304' title='bbox 958 4489 1122 4561; x_wconf 77' lang='lat' dir='ltr'>segitsdget</span> <span class='ocrx_word' id='word_1_305' title='bbox 1144 4489 1290 4543; x_wconf 89' lang='lat' dir='ltr'>Albrecht</span> <span class='ocrx_word' id='word_1_306' title='bbox 1308 4506 1369 4543; x_wconf 86' lang='lat' dir='ltr'>osz-</span> 
     </span>
     <span class='ocr_line' id='line_1_38' title="bbox 9 4573 1368 4652; baseline -0.003 -16"><span class='ocrx_word' id='word_1_307' title='bbox 9 4573 11 4628; x_wconf 73' lang='grc' dir='ltr'>ἷ</span> <span class='ocrx_word' id='word_1_308' title='bbox 64 4581 164 4636; x_wconf 73' lang='grc' dir='ltr'><strong>Ε1611</strong></span> <span class='ocrx_word' id='word_1_309' title='bbox 194 4581 306 4636; x_wconf 68' lang='lat' dir='ltr'>viltam</span> <span class='ocrx_word' id='word_1_310' title='bbox 338 4579 620 4652; x_wconf 72' lang='lat' dir='ltr'>kiegeszltcnddnsk</span> <span class='ocrx_word' id='word_1_311' title='bbox 649 4599 666 4634; x_wconf 88' lang='lat' dir='ltr'>a</span> <span class='ocrx_word' id='word_1_312' title='bbox 776 4581 844 4635; x_wconf 80' lang='lat' dir='ltr'>trdk</span> <span class='ocrx_word' id='word_1_313' title='bbox 876 4581 1054 4650; x_wconf 83' lang='lat' dir='ltr'>harczcgtdl‚</span> <span class='ocrx_word' id='word_1_314' title='bbox 1084 4580 1179 4634; x_wconf 87' lang='lat' dir='ltr'>rdmai</span> <span class='ocrx_word' id='word_1_315' title='bbox 1214 4579 1368 4650; x_wconf 76' lang='lat' dir='ltr'>kirtlytdl,</span> 
     </span>
     <span class='ocr_line' id='line_1_39' title="bbox 775 4668 1232 4742; baseline -0.007 -18"><span class='ocrx_word' id='word_1_316' title='bbox 775 4670 907 4742; x_wconf 74' lang='lat' dir='ltr'>apdsdtdl</span> <span class='ocrx_word' id='word_1_317' title='bbox 926 4669 1069 4722; x_wconf 75' lang='lat' dir='ltr'>vdrhatta</span> <span class='ocrx_word' id='word_1_318' title='bbox 1088 4687 1106 4722; x_wconf 91' lang='lat' dir='ltr'>a</span> <span class='ocrx_word' id='word_1_319' title='bbox 1124 4668 1232 4740; x_wconf 78' lang='lat' dir='ltr'>kirtly.</span> 
     </span>
    </p>
   </div>
   <div class='ocr_carea' id='block_1_9' title="bbox 9 4777 1259 4852">
    <p class='ocr_par' dir='ltr' id='par_1_9' title="bbox 9 4777 1259 4852">
     <span class='ocr_line' id='line_1_40' title="bbox 9 4777 1259 4852; baseline -0.005 -9"><span class='ocrx_word' id='word_1_320' title='bbox 9 4823 13 4832; x_wconf 89' lang='lat'><em>·</em></span> <span class='ocrx_word' id='word_1_321' title='bbox 120 4798 259 4844; x_wconf 64' lang='lat' dir='ltr'>laruas:</span> <span class='ocrx_word' id='word_1_322' title='bbox 276 4799 412 4852; x_wconf 68' lang='lat' dir='ltr'>amgyar</span> <span class='ocrx_word' id='word_1_323' title='bbox 427 4797 643 4843; x_wconf 71' lang='grc'><strong>1111111111.</strong></span> <span class='ocrx_word' id='word_1_324' title='bbox 1226 4777 1259 4830; x_wconf 85' lang='grc'>13</span> 
     </span>
    </p>
   </div>
   <div class='ocr_carea' id='block_1_10' title="bbox 0 0 1596 5210">
    <p class='ocr_par' dir='ltr' id='par_1_10' title="bbox 0 0 1596 5210">
     <span class='ocr_line' id='line_1_41' title="bbox 0 0 1596 5210; baseline 0 4"><span class='ocrx_word' id='word_1_325' title='bbox 0 0 1596 5210; x_wconf 95' lang='lat' dir='ltr'> </span> 
     </span>
    </p>
   </div>
  </div>
 </body>
</html>
