3142 5214
215 351 282 415 588

323 548 465 614 Decimo.
482 545 607 612 Annua
624 547 782 630 Comitia,
805 548 849 611 ad
872 550 1011 632 negotia
1037 545 1172 630 publica
1196 545 1387 626 tractanda,
1408 541 1512 627 justi-

215 657 301 718 tiam
339 653 656 738 administrandam,
695 661 730 718 et
768 657 1014 738 propositione-s
1048 656 1161 738 regiae
1195 656 1224 716 si
1258 674 1345 737 quae
1378 650 1511 715 fuerint

214 760 468 847 intelligendas,
492 765 689 844 necessaria,
712 783 845 827 necnon
868 764 1094 825 terminorum
1116 759 1328 824 octavalium
1361 758 1512 822 celebra-

214 869 353 953 tionem,
376 877 493 934 nostro
516 868 749 933 Gubernatori
772 875 806 933 et
832 871 953 932 intimo
978 867 1129 933 Consilio
1155 865 1404 952 promulganda
1420 887 1511 928 com-

215 977 396 1060 mittimus,
429 976 633 1041 reservando
664 976 773 1041 Nobis
805 997 922 1041 eorum
946 979 1108 1058 omnium,
1131 983 1218 1060 quae
1241 975 1299 1039 hic
1331 979 1512 1060 geruntur,

214 1085 346 1167 regiam
369 1083 670 1148 confirmationem.

328 1193 514 1260 Undecima.
538 1191 703 1275 Supremo
722 1189 841 1256 Status
857 1193 1019 1256 directori
1033 1198 1150 1254 nostro
1167 1211 1226 1254 sua
1243 1193 1290 1253 sit
1308 1187 1512 1269 authoritas

215 1435 290 1489 soha
308 1452 377 1490 nem
397 1435 594 1508 elegyitettek
613 1435 678 1490 bele
698 1437 847 1508 magokat,
867 1443 990 1507 excepto
1009 1455 1077 1490 cum
1096 1435 1204 1490 Judice
1230 1435 1327 1506 Regio
1347 1432 1513 1500 Cibinensi,

217 1523 264 1576 kit
276 1525 303 1579 is
316 1542 333 1578 a
346 1525 507 1580 Szebeniek
521 1525 722 1580 valasztottak
735 1543 816 1598 vagy
830 1525 1030 1580 candidtltak.
1050 1527 1074 1579 3.
1089 1527 1132 1578 Aa
1146 1525 1220 1579 Vico
1234 1521 1356 1577 Tisztek
1375 1527 1455 1576 most
1479 1522 1513 1580 ia.

217 1611 249 1666 ds
268 1614 389 1667 minden
409 1615 483 1668 read
501 1615 743 1686 sadfogadatlan3
763 1614 795 1670 es
814 1616 905 1670 annal
924 1617 951 1670 is
969 1615 1082 1669 inktbb
1114 1631 1148 1668 az
1176 1612 1286 1682 le'szen,
1315 1618 1346 1666 et
1373 1611 1513 1681 Supremi

216 1701 347 1758 Comites
367 1708 455 1758 erunt
474 1702 614 1760 Umbrae.
641 1706 667 1758 4.
696 1704 818 1776 Fatigia
846 1710 877 1758 et
905 1721 1052 1776 expensae
1080 1703 1359 1758 confirmandorum¹
1380 1700 1515 1771 singulis

215 1794 313 1862 annis,
326 1794 396 1864 quia
405 1793 496 1864 juxta
508 1793 589 1864 leges
602 1793 708 1848 debeat
727 1795 856 1866 singulis
869 1795 957 1848 annis
976 1795 1096 1862 mutari,
1116 1799 1147 1846 et
1166 1793 1203 1846 ad
1224 1793 1276 1846 100
1294 1789 1439 1845 milliaria
1461 1805 1515 1860 pro

215 1882 442 1936 confirmatione
455 1880 588 1952 fatigari.
612 1884 635 1936 5.
656 1883 783 1955 Magyar
802 1883 913 1954 Orsztg
933 1883 1011 1937 noha
1029 1883 1113 1937 kbzel
1132 1901 1192 1936 van
1212 1899 1245 1934 az
1259 1879 1428 1948 Udvarhoz,
1442 1877 1515 1948 meg

215 1988 279 2026 sem
298 1971 524 2042 practicaltatik
544 1988 576 2024 ez
595 1977 641 2025 ott
660 1973 694 2026 is.
714 1974 739 2026 6.
760 1975 786 2026 A
799 1973 928 2044 religiok
942 1973 1036 2026 ebben
1050 1973 1148 2026 latens
1161 1977 1192 2025 et
1204 1971 1287 2025 lenta
1300 1968 1516 2041 perseeutiotdl

216 2061 326 2127 felnek,
346 2079 384 2114 ne
402 2061 556 2115 occasione
575 2061 646 2116 talis
666 2063 900 2116 confirmationis
918 2079 1034 2134 semper
1053 2061 1202 2116 Catholici
1221 2065 1455 2132 promoveantur
1486 2063 1516 2111 et

217 2150 270 2204 alii
289 2151 475 2220 rejiciantur.
494 2150 563 2205 Uno
583 2151 697 2206 Verbo:
717 2153 840 2206 nintsen
860 2159 926 2223 post
945 2158 1090 2223 punctum
1109 2151 1264 2221 religionis
1283 2148 1373 2202 ennel
1392 2166 1409 2202 a
1430 2149 1518 2201 clau-

216 2240 335 2294 sulanal
355 2239 571 2310 ftjdalmasabb
591 2243 719 2294 mutatio
739 2260 756 2294 a
774 2242 951 2312 diplomtba,
971 2259 1047 2313 quae
1074 2241 1135 2295 nisi
1157 2257 1194 2294 ex
1222 2239 1412 2308 benignitate
1439 2254 1517 2292 suae

218 2325 387 2398 Majestatis
408 2335 621 2400 praecaveatur
640 2337 671 2383 et
689 2333 857 2400 omittatur,
876 2350 1030 2403 nunquam
1052 2333 1292 2402 importunarum
1310 2331 1343 2382 in
1372 2330 1517 2398 Augusta

217 2419 288 2471 aula
325 2418 574 2472 sollicitationum
608 2436 772 2490 numquam
803 2421 1089 2492 supplantationum,
1112 2415 1248 2491 ¹denique
1286 2417 1442 2472 turbarum
1486 2423 1518 2470 et

217 2507 441 2578 Tempestatum
460 2506 530 2560 finis
549 2508 607 2560 erit
626 2523 766 2578 unquam.
785 2546 821 2552 -
840 2512 867 2562 A
886 2510 940 2563 IX.
960 2509 1077 2581 pontrdl
1096 2507 1292 2580 ugyanekkor
1317 2508 1370 2576 igy
1398 2505 1517 2576 nyilat-

216 2597 342 2650 koztak:
367 2596 450 2661 Quod
469 2597 506 2650 ad
526 2598 688 2651 articulum
707 2616 820 2654 nonum
838 2600 1018 2671 diplomatis,
1038 2600 1070 2654 in
1091 2599 1175 2669 cujus
1200 2598 1378 2651 deletionem
1407 2595 1517 2648 Status

216 2685 254 2738 ad
286 2684 537 2755 flagrantissimas
566 2685 762 2742 Dominorum
790 2689 920 2744 fratrum
948 2688 1170 2743 catholicorum
1198 2685 1361 2740 instantias
1388 2685 1518 2738 tandem

215 2775 396 2828 difficillime
414 2774 532 2828 inducti
560 2791 672 2841 samua,
701 2779 830 2832 attinet:
858 2779 919 2832 Nos
948 2780 1069 2832 omnino
1096 2778 1246 2831 nescimus
1274 2793 1313 2828 an
1340 2777 1397 2827 hoc
1424 2779 1519 2844 pacto

217 2865 411 2934 ipsorummet
449 2863 644 2918 Domiuorum
681 2865 901 2922 Catholicorum
938 2868 1021 2937 bone,
1054 2872 1084 2921 et
1115 2867 1252 2938 publicae
1282 2863 1518 2936 tranquillitati,

216 2953 387 3007 consultum
416 2954 465 3022 sit,
484 2969 539 3006 nec
564 2954 650 3008 nou?
677 2961 778 3009 stante
806 2959 887 3010 enim
915 2957 947 3010 vi
975 2955 1148 3027 diplomatis
1175 2953 1386 3025 benignissimi
1413 2951 1516 3005 libera

217 3043 358 3096 Statuam
390 3043 606 3112 candidatione,
638 3047 733 3098 metui
761 3046 829 3115 jure
861 3051 967 3118 potest,
995 3063 1033 3100 ne
1061 3046 1098 3100 ad
1127 3045 1267 3113 ambitus,
1295 3041 1517 3113 suffragiorum

218 3134 412 3204 corruptelas,
441 3134 654 3203 prensationes,
677 3140 708 3187 et
726 3136 841 3190 similes
873 3137 1061 3190 comitiorum
1089 3135 1279 3206 popularium
1306 3137 1395 3200 artae,
1423 3136 1516 3202 porta

217 3227 322 3292 patens
341 3228 445 3292 aperta
463 3223 522 3291 sit;
542 3229 572 3276 et
603 3223 681 3293 inde,
711 3228 757 3278 uti
785 3227 926 3282 admissio
955 3225 1198 3280 Consiliariorum
1227 3224 1360 3295 plurium
1387 3222 1516 3291 sperari,

217 3312 261 3363 ita
280 3329 372 3383 aeque
392 3311 524 3365 exclusio
538 3313 586 3366 vel
600 3314 772 3383 pauciorum
791 3317 886 3370 metui
905 3317 1016 3387 possit;
1036 3315 1113 3386 quod
1132 3332 1187 3368 nos
1207 3316 1238 3367 in
1252 3311 1515 3376 mediorelictum,

216 3400 382 3455 altissimae
395 3401 422 3454 S.
436 3401 465 3454 C.
480 3401 601 3472 Raeque
615 3401 654 3454 M.
665 3402 744 3457 Vrae
764 3411 794 3458 et
814 3406 1133 3460 excellentissimorum
1152 3404 1285 3474 ejusdem
1300 3401 1515 3455 Ministrorum

216 3491 382 3560 sapientiae
401 3489 616 3544 submittimus.

325 3580 352 3632 A
370 3579 471 3650 kirtly
492 3580 562 3633 1693
580 3580 685 3650 aprilis
707 3581 824 3635 14-ike'n
836 3583 901 3636 kalt
913 3582 1146 3653 resolutidjtban
1160 3600 1177 3636 a
1190 3581 1285 3635 rdmai
1296 3579 1515 3634 katholikusok

215 3669 454 3738 gravamenjeire
482 3670 535 3740 igy
564 3671 711 3725 vtlaszol:
741 3671 937 3726 Confirmavit
968 3676 1090 3744 insuper
1121 3672 1283 3726 articulum
1311 3671 1371 3724 iim
1397 3675 1427 3722 et
1450 3671 1514 3724 9-1n

216 3754 389 3824 diplomatis
408 3759 443 3811 de
462 3760 487 3813 4.
509 3759 662 3813 Decembr.
682 3762 764 3814 Anni
785 3764 862 3830 1691,
882 3763 1113 3834 declaravitque,
1137 3767 1172 3815 ut
1200 3778 1301 3815 eorum
1329 3761 1445 3814 uirtute
1476 3759 1515 3811 ad

216 3845 469 3901 duodecimvirale
480 3848 644 3903 Consilium
655 3851 796 3904 intimum
808 3857 838 3904 et
849 3851 994 3906 Tabulam
1007 3853 1135 3922 Regiam
1149 3854 1261 3921 pariter
1275 3849 1515 3903 duodecimvira-
1550 3897 1558 3917 ,

217 3933 285 4003 lem,
306 3952 341 3988 ex
367 3938 497 4006 singulis
517 3944 644 4009 quatuor
663 3945 850 4009 receptarum
869 3941 1051 4011 religionum
1071 3943 1130 3994 tria
1149 3940 1284 4010 subjecta
1303 3943 1381 4009 apta,
1410 3939 1436 3990 si
1468 3945 1514 3991 tot

217 4041 269 4094 pro
289 4025 395 4079 iisdem
415 4043 452 4079 ex
472 4027 605 4098 qualibet
624 4027 769 4098 religione
787 4031 912 4100 reperiri
932 4032 1054 4100 possint,
1074 4035 1283 4096 assumantur;
1303 4027 1355 4081 ubi
1375 4041 1445 4080 vero
1475 4043 1514 4079 ex

217 4112 369 4169 Unitariis
379 4121 409 4169 et
420 4117 496 4187 Aug.
508 4116 693 4170 Confessioni
704 4117 831 4172 addictis
845 4125 905 4172 tres
919 4121 1041 4173 idoneae
1055 4135 1196 4189 personae
1207 4118 1331 4187 reperiri
1340 4117 1513 4186 nequirent,

216 4203 351 4258 defectus
370 4205 419 4258 hic
440 4223 476 4258 ex
496 4205 659 4258 Catholicis
679 4211 709 4259 et
729 4207 920 4274 Reformatis,
940 4209 976 4262 ad
997 4208 1161 4262 Consilium
1184 4208 1325 4260 intimum
1354 4223 1447 4275 aeque
1478 4224 1512 4258 ac

218 4291 363 4348 Tabulam
400 4295 537 4366 Regiam,
568 4295 726 4349 observata
757 4297 837 4350 inter
868 4298 969 4352 ambas
1001 4297 1090 4351 hasce
1121 4297 1295 4366 Religioues
1323 4295 1354 4346 in
1383 4299 1512 4366 utroque

217 4381 348 4436 Consilio
379 4385 569 4456 aequalitate,
599 4385 813 4455 supleatur...
834 4387 878 4438 Aa
905 4388 1105 4441 Alvinoziana
1133 4385 1288 4440 Resolutio
1316 4384 1378 4437 6-ik
1407 4385 1510 4455 pontja

217 4471 330 4524 ismetli
350 4490 366 4526 e
385 4473 599 4528 rendellrezest.
619 4475 646 4526 A
665 4475 841 4545 nyolczadik
861 4477 992 4546 pontbnn
1014 4477 1155 4531 »resolvit
1174 4494 1228 4530 sua
1241 4474 1392 4544 Maiestas,
1406 4481 1440 4526 ut
1454 4484 1510 4527 art.

216 4563 235 4614 8
263 4568 293 4615 et
311 4565 376 4618 9-us
404 4565 478 4618 dicti
507 4565 688 4634 diplomatis,
718 4571 806 4635 prout
833 4565 869 4618 de
898 4566 977 4620 facto
1005 4569 1150 4636 existunt,
1171 4567 1279 4620 intacti
1298 4565 1511 4634 relinquantur

216 4651 374 4723 debitaque
393 4654 615 4708 observentur«.
