3160 5212
1304 367 1382 472 345,

74 565 204 628 tionem
238 564 440 628 damnorum
469 563 601 629 fuerint
634 550 808 648 deputati,
842 563 1037 630 firmissimo
1071 563 1134 628 sub
1163 561 1369 648 juramento,

1 663 2 746 J
73 672 253 736 universos
277 667 389 754 ejusce
413 671 507 736 modi
538 671 786 754 malefactores,
819 677 891 736 tam
924 667 1055 738 scilicet
1083 671 1233 754 Nobiles,
1266 694 1370 757 quem

1 841 2 867 ,
72 779 181 841 etiam
209 777 378 862 ignobiles
401 781 598 862 exquirere,
622 779 664 844 de
688 778 892 864 illorumque
917 778 1112 844 nominibus
1144 782 1310 862 experiri3
1334 787 1369 842 et

1 949 3 972 ,
74 887 111 948 in
134 891 310 968 regestum
325 885 546 969 conscribere,
570 895 605 950 et
621 886 757 950 eosdem
780 887 921 950 tandem
940 883 1043 968 juxta
1062 908 1180 951 eorum
1203 887 1368 952 demerita

1 1038 3 1051 .
74 995 196 1074 punire
221 991 377 1056 debeant.

184 1095 257 1181 §3.
281 1099 471 1180 Praeterea,
504 1097 545 1160 de
570 1097 754 1162 Nobilibus
786 1120 920 1184 quoque
954 1098 1032 1182 illis,
1065 1104 1126 1185 qui
1163 1104 1301 1166 rusticis
1333 1105 1370 1166 in

72 1207 227 1287 ipsorum
267 1209 450 1289 praemissa
488 1205 714 1270 tumultuaria
754 1208 1002 1272 insurrectione
1049 1207 1296 1291 adhaeserunt;
1334 1215 1370 1274 et

74 1321 209 1397 partem
233 1313 371 1379 illorum
387 1321 590 1396 tenuerunt;
615 1331 693 1378 cum
715 1317 831 1400 eisque
850 1317 1162 1399 participaverunt,
1185 1319 1369 1382 veritatem

72 1423 207 1506 pariter
229 1423 415 1506 inquirant.
439 1423 487 1488 Et
511 1445 568 1488 eos
591 1445 716 1506 omneS,
749 1427 809 1508 qui
842 1421 1030 1506 culpabiles
1063 1426 1198 1488 inventi
1230 1424 1370 1506 fuerint,

2 1558 12 1584 .·
72 1532 109 1592 in
135 1537 311 1614 regestum
327 1530 487 1594 similiter
510 1529 718 1614 inscribant,
741 1539 845 1616 etque
871 1529 935 1594 sub
958 1551 1076 1594 eorum
1099 1531 1223 1616 sigillis
1239 1533 1369 1617 Regiae

4 1650 16 1683 ·'
70 1633 253 1720 Majestati
276 1641 428 1702 mittent.

184 1741 258 1827 §4
282 1745 331 1810 Ut
356 1747 495 1812 tandem
523 1745 626 1830 juxte
650 1750 772 1812 seriem
811 1745 1009 1830 hujusmodi
1041 1751 1178 1832 regesti,
1211 1749 1264 1813 illi
1296 1758 1371 1814 ten·

69 1873 180 1938 quem
204 1855 396 1936 proscripti,
419 1853 578 1920 omnibus
601 1876 719 1920 eorum
745 1855 850 1936 bonis,
874 1863 909 1920 et
929 1853 1067 1938 juribus
1098 1859 1370 1940 possessionariis

71 1959 329 2024 destituentur:
362 1961 410 2025 Et
446 1961 489 2027 ad
513 1966 771 2046 occupationem
804 1960 1010 2045 ejuscemodi
1044 1963 1219 2046 bonorum,
1250 1965 1369 2048 vigore

71 2067 272 2131 donationis
319 2067 460 2154 Regiae,
499 2069 622 2134 exinde
651 2067 725 2154 jam
760 2069 882 2152 factae,
920 2071 977 2134 vel
1016 2069 1156 2153 fiendae,
1196 2091 1370 2154 processus

70 2173 223 2258 amplior
256 2197 324 2240 non
352 2179 397 2241 sit
422 2181 640 2262 necessarius,
664 2201 772 2264 neque
797 2181 1001 2264 requiratur,
1034 2177 1093 2242 sed
1109 2175 1257 2262 quilibet
1276 2175 1369 2260 juste
1443 2161 1446 2170 .

72 2281 158 2346 talis
184 2282 274 2346 bons
297 2286 493 2368 impetrans,
518 2285 646 2350 eisdem
674 2285 716 2350 de
745 2285 838 2350 facto
862 2289 1032 2370 potiatur:
1055 2285 1107 2350 Ne
1132 2283 1370 2350 malefactores

71 2392 242 2473 impuniti
264 2399 433 2474 maneant,
457 2400 492 2456 et
516 2415 557 2458 ne
583 2395 779 2458 innocentes
811 2393 1089 2458 condemnentur.

187 2495 206 2582 ξ
231 2500 259 2561 5.
283 2499 388 2564 Multi
411 2501 503 2564 enim
526 2499 705 2564 Nobilium
728 2503 764 2564 in
796 2521 917 2566 menus
941 2503 1147 2565 rusticorum
1171 2499 1370 2582 incidentes

1 2585 2 2641 3
72 2631 114 2672 ne
142 2631 204 2691 per
227 2629 284 2672 eos
316 2609 561 2690 occiderentur,
585 2609 654 2672 illis
687 2607 925 2706 adhaeserunt,
958 2617 991 2672 et
1020 2632 1091 2674 sese
1125 2608 1370 2674 subdiderunt:

1 2741 2 2813 ᾗ
73 2717 266 2802 Postquam
295 2723 410 2781 tamen
451 2723 654 2800 potuerunt,
692 2737 770 2780 mox
804 2715 881 2779 illos
915 2716 1137 2801 reliquerunt,
1170 2725 1204 2780 et
1238 2716 1282 2781 ab
1322 2719 1371 2780 eis

1 2845 2 2862 ¹
71 2823 297 2909 aufugerunt.
321 2825 368 2888 Et
393 2824 478 2888 tales
502 2823 720 2888 condemnari
752 2845 821 2888 non
844 2822 979 2887 debent.
1086 2916 1088 2920 Ι

111 3010 218 3078 Bona
242 3007 426 3077 Nobilium
451 3010 593 3076 rusticis
613 3009 889 3077 adhaerentium
914 3009 1043 3098 quibus
1068 3007 1332 3096 conseruntur?

188 3146 368 3211 Articulus
392 3147 444 3210 35.
467 3146 514 3210 Et
547 3147 638 3230 quod
661 3147 772 3231 Regia
804 3144 976 3228 Majestas,
1000 3143 1087 3210 bona
1116 3145 1238 3210 talium
1271 3146 1372 3208 scele-

73 3263 235 3320 ratorum
267 3253 455 3336 Nobilium,
488 3255 655 3338 Dominis,
679 3262 715 3318 et
737 3255 961 3339 Magnetibus
995 3255 1068 3339 (qui
1091 3256 1195 3317 etiam
1219 3252 1372 3336 alioquin

72 3364 162 3426 satis
201 3359 345 3440 habent)
385 3385 454 3427 non
487 3362 660 3427 conferet:
683 3362 731 3427 Et
764 3365 793 3426 si
813 3359 886 3444 jam
919 3361 1136 3426 contulisset:
1175 3357 1372 3442 hujusmodi

1 3524 14 3568 „
73 3469 217 3533 collatio
240 3467 369 3532 nullius
393 3472 439 3533 sit
463 3468 656 3534 finnitetis:
681 3469 747 3533 Sed
772 3469 840 3532 illis
864 3469 976 3552 donet,
993 3491 1137 3554 quorum
1162 3467 1294 3550 iratres
1311 3475 1370 3531 eut

1 3571 2 3624 ἶ
74 3584 202 3660 patres⁷
227 3596 287 3657 per
309 3578 455 3640 rusticos
479 3579 582 3640 occisi
605 3582 694 3640 sunt.

187 3679 206 3765 ξ
232 3683 260 3746 1.
284 3681 373 3746 Item
398 3682 485 3764 illis;
510 3685 569 3766 qui
593 3680 770 3764 Maiestati
786 3675 884 3761 Suae,
906 3691 941 3746 et
965 3683 1096 3776 Regno,
1121 3685 1156 3746 in
1180 3685 1317 3765 campie,
1337 3691 1369 3746 et

2 3782 3 3785 ¹
72 3788 298 3870 exercitibus,
321 3789 378 3854 vel
402 3793 532 3872 cestris,
560 3795 691 3852 armata
716 3811 819 3853 manu
843 3789 993 3853 fideliter
1016 3792 1226 3852 servierunt:

187 3893 206 3979 ξ
230 3897 259 3962 2.
283 3896 465 3960 Praeterea
490 3896 576 3976 illis3
600 3899 660 3978 qui
683 3919 725 3959 ex
749 3899 886 3960 rusticis
909 3897 1048 3980 quidem
1076 3894 1274 3978 parentibus
1298 3899 1372 3958 nati

2 4029 3 4075 3
71 4011 177 4082 sunt3
201 4003 260 4068 sed
286 4025 387 4085 penes
411 4005 563 4086 ipsorum
596 4002 769 4084 DominoS,
793 4011 828 4066 et
852 4003 993 4068 Nobiles
1027 4002 1183 4082 fideliter,
1208 4012 1242 4064 et
1269 4003 1370 4086 probe

2 4127 10 4219 ,⁸
71 4112 290 4190 servierunt3
314 4115 429 4196 eisque
454 4113 490 4175 in
515 4113 665 4194 ipsorum
700 4111 859 4194 periculis
883 4111 1111 4196 adstiterunt:

187 4215 206 4298 ξ
231 4218 260 4280 3.
284 4217 333 4284 Ut
357 4220 462 4282 etism
478 4217 603 4301 reliqui
627 4220 756 4300 rustici,
780 4217 950 4281 fideliores
970 4219 1034 4282 hoc
1057 4217 1212 4298 exemplo
1228 4216 1372 4278 reddan-

75 4345 78 4382 i
110 4347 145 4406 ir,
172 4331 205 4387 et
230 4323 387 4388 Dominis
412 4345 529 4388 eorum
554 4324 594 4387 de
619 4331 753 4387 caetero
778 4323 970 4388 ferventius
995 4324 1234 4408 obsequantur.

188 4431 206 4512 ξ
232 4431 261 4494 4.
285 4430 332 4495 Et
357 4433 387 4494 si
409 4434 486 4515 quis
510 4429 595 4494 bene
620 4434 801 4514 impetrate
829 4430 924 4514 bona,
950 4433 1018 4495 illis
1042 4454 1187 4517 (piorum
1221 4433 1371 4502 fuerunt,

74 4563 78 4601 ·.
118 4559 198 4603 vore
232 4540 396 4620 remittet,
429 4539 485 4602 vel
508 4541 634 4622 gratis3
669 4548 832 4623 tanquam
868 4543 1036 4623 pmticeps
1076 4541 1220 4622 sceleris,
1254 4539 1373 4602 eedem

2 4669 3 4672 ¹
75 4667 78 4728 j
106 4667 186 4710 >ena
212 4645 465 4710 condemnetur.
