3154 5202
1278 355 1345 420 425

161 553 212 616 21.
251 553 349 617 Item.
382 553 480 631 Quod
520 553 688 617 Dominus
726 553 978 617 Locumtenens
1015 553 1106 618 Belli
1144 556 1344 623 ductoribus

39 659 284 725 Comitatibus
325 669 360 725 et
392 660 538 726 Sedibus
570 660 779 745 Regestrum
818 659 859 724 de
900 663 1030 743 praetio
1062 664 1276 747 victualium,
1309 673 1344 728 et

37 769 205 831 omnium
228 789 342 831 rerum
365 775 399 832 et
423 789 595 832 armorum
617 767 792 831 extradari
815 765 929 847 faciat,
953 789 994 830 ne
1019 775 1139 834 taxent
1155 772 1344 836 vendentes
1440 784 1445 796 ·

42 895 113 956 pro
146 874 258 939 lubito
290 896 359 956 suo,
391 883 560 958 emptores
592 877 762 958 accipiant
791 874 918 960 absque
944 879 1105 959 pecuniis
1129 879 1188 942 sed
1213 877 1344 942 faciant

37 989 172 1066 gentes
198 985 356 1064 pecunias
380 985 506 1048 vivere.

161 1091 212 1153 22.
235 1088 333 1154 Item.
357 1089 455 1167 Quod
479 1110 583 1174 equos
606 1097 641 1152 et
665 1111 807 1174 equaces
830 1089 998 1154 Dominus
1027 1092 1277 1158 Locumtenens
1300 1115 1342 1156 ne

41 1199 232 1278 permittat
263 1196 406 1260 educere
440 1197 480 1260 de
514 1196 635 1281 Regno
669 1217 748 1261 nam
780 1199 809 1260 si
842 1200 918 1281 quis
956 1198 1134 1264 Nobilium
1172 1201 1345 1264 invenerit

41 1303 237 1368 educentes
260 1301 395 1368 auferre
418 1303 542 1368 valeat.

42 1573 115 1643 Aa
139 1573 249 1646 1542.
274 1575 1022 1754 (110111111120-1611Τ60111111111011
1047 1577 1344 1668 orszaggyiiles

594 1705 621 1754 v
647 1703 698 1774 ga
725 1703 798 1754 ser.

47 1847 83 1913 A
107 1853 203 1913 111111
235 1849 440 1915 1111111111
471 1851 705 1934 crepy-saetam
736 1849 957 1915 leoeltarcibaa
995 1849 1111 1914 triactt
1146 1849 1346 1933 paldriayrol

47 1956 169 2021 kiadta
194 1955 313 2020 1111εὸ1
332 1955 469 2022 deuocat
484 1954 607 2036 (Acten
623 1957 696 2020 1111
713 1955 836 2022 Datea.
853 1956 1102 2036 Hermoastadt,
1121 1958 1216 2023 1870.
1232 1958 1284 2021 30.
1301 1957 1344 2036 a),

45 2066 183 2130 111111
208 2061 356 2146 81111911
378 2063 511 2129 scaea
539 2061 694 2147 (Erdalyi
731 2063 981 2148 Orsacpppalea'
1014 2063 1345 2138 1111111161).

164 2268 258 2332 1542.
291 2269 347 2333 die
381 2268 463 2333 XX.
496 2269 551 2333 die
585 2271 710 2333 mensis
743 2268 942 2333 Decembris
974 2269 1104 2332 domini
1136 2267 1345 2352 Regnicolae

47 2378 162 2440 trium
195 2379 374 2441 nationum
397 2376 702 2441 Transilvanarum
724 2379 762 2440 in
784 2377 967 2440 Conventa
991 2374 1181 2440 Thordensi
1207 2397 1346 2461 congre-

46 2486 128 2568 gati
151 2485 337 2566 suscriptos
360 2483 523 2548 articulos
548 2505 608 2567 pro
632 2485 721 2549 bono
745 2482 891 2566 publico,
914 2483 1012 2566 regni
1036 2485 1293 2548 conservatione
1310 2492 1345 2548 et

48 2589 236 2654 concordia
260 2612 342 2656 vera
366 2598 401 2654 et
426 2589 587 2672 fraterna,
611 2590 775 2654 fecerunt.

164 2695 326 2779 Inprimis
353 2720 430 2763 cum
454 2722 496 2762 ex
520 2698 681 2763 simulata
705 2697 886 2763 concordia
909 2697 1019 2761 multa
1043 2696 1132 2760 mala
1165 2701 1346 2781 superiori-

52 2803 119 2868 bus
143 2807 274 2868 exactis
298 2805 418 2869 diebus
442 2812 586 2890 sequuta
606 2811 696 2888 sunt,
720 2805 841 2888 clades,
874 2805 1042 2886 incendia,
1066 2805 1345 2888 depopulationes

49 2911 170 2996 Regni
202 2917 237 2974 et
269 2915 464 2976 exactiones
497 2913 658 2997 indignae
692 2912 736 2976 ab
769 2912 925 2976 hostibus
958 2911 1083 2991 illatae,
1115 2933 1157 2975 ne
1187 2912 1346 2996 deinceps

50 3020 183 3082 1111011
215 3018 313 3100 mala,
338 3041 424 3104 quae
448 3019 607 3084 ultimam
640 3022 822 3104 pernitiem
847 3021 975 3103 patriae
999 3017 1121 3082 afferre
1147 3022 1285 3102 possint,
1309 3022 1346 3082 in

49 3125 116 3190 hoc
150 3147 266 3190 omnes
304 3128 459 3191 unanimi
498 3147 671 3208 consensu,
711 3127 812 3211 longa
851 3126 1052 3210 praehabita
1091 3126 1345 3208 deliberatione,

51 3231 194 3316 paribus
226 3235 406 3298 sententiis
439 3242 681 3315 convenerunt,
714 3241 754 3298 ut
787 3233 914 3299 futuris
947 3231 1158 3317 temporibus
1191 3233 1345 3316 deposito

49 3342 147 3404 omni
171 3341 258 3424 odio,
281 3341 525 3425 simultatibus,
549 3364 588 3406 ac
611 3346 718 3406 tantis
753 3343 910 3427 dissidys,
943 3365 1060 3407 veram
1091 3340 1345 3426 fraternamque

50 3449 240 3512 amititiam
273 3455 419 3526 servent,
452 3455 487 3511 et
519 3449 548 3511 si
580 3449 695 3534 aliqua
726 3452 781 3513 vis
814 3448 950 3512 hostilis
982 3469 1087 3532 regno
1113 3497 1119 3508 .
1145 3497 1151 3510 .
1175 3496 1182 3510 .
1207 3445 1345 3528 paribus

53 3555 179 3617 animis
211 3576 250 3617 ac
283 3553 522 3619 voluntatibus
555 3556 598 3620 ad
631 3557 800 3620 tuendum
823 3557 985 3642 Regnum
1008 3556 1224 3635 conveniant,
1244 3551 1345 3636 juxta

51 3660 256 3725 mandatum
293 3661 458 3725 ordinarii
487 3659 624 3746 judicis,
657 3684 758 3748 quem
800 3663 964 3745 Princeps
1002 3683 1069 3726 una
1108 3683 1186 3725 cum
1224 3660 1345 3738 Regno

50 3769 236 3832 constituit
268 3767 324 3832 vel
357 3770 553 3851 constituet,
586 3791 687 3856 seque
720 3777 840 3835 mutuo
874 3777 1056 3854 protegant
1089 3775 1125 3832 et
1148 3765 1346 3832 defendant.

162 3874 347 3939 Decretum
379 3883 431 3940 est
464 3878 493 3940 si
520 3879 580 3962 qui
603 3877 717 3942 hostes
741 3879 902 3963 Regnum
926 3877 1138 3958 invaderent,
1162 3883 1245 3940 tunc
1278 3877 1345 3939 sin-

50 3981 129 4068 guli
161 3981 264 4047 Oives
295 3983 489 4048 Civitatum
521 3991 556 4048 et
594 3984 725 4049 domiui
767 3985 966 4050 Castrorum
1004 3984 1153 4048 familias
1191 3985 1346 4048 omnium

50 4097 266 4158 caeterorum
297 4091 564 4175 Regnicolarum
596 4091 698 4156 huius
731 4092 846 4177 Regni
879 4093 988 4155 nostri
1021 4094 1114 4154 intra
1152 4111 1267 4154 muros
1306 4112 1345 4153 ac

53 4199 265 4261 municiones
292 4217 370 4261 suas
402 4200 577 4280 recipiant.
610 4199 756 4281 Recepti
788 4220 869 4263 vero
894 4201 1088 4283 quicunque
1112 4195 1251 4278 fuerint,
1275 4200 1345 4260 suis

52 4305 176 4369 vivant
199 4306 350 4388 inpensis
374 4312 408 4368 et
432 4305 566 4369 nullum
590 4306 761 4390 damnum,
785 4305 916 4369 nullam
948 4305 1150 4370 violentiam
1185 4301 1346 4386 inferant,

52 4433 163 4497 neque
187 4412 304 4478 dolum
326 4436 365 4478 ac
389 4413 545 4479 fraudem
568 4415 719 4500 aliquam
739 4417 966 4497 committant,
982 4415 1041 4478 sed
1058 4421 1178 4477 mutua
1194 4415 1346 4478 amicitia

53 4528 88 4583 et
122 4518 319 4586 defensione
352 4543 386 4584 se
420 4523 509 4604 ipsos
542 4528 714 4586 tueantur.
747 4522 785 4588 si
818 4530 934 4586 autem
966 4521 1091 4607 aliquis
1123 4527 1280 4604 receptus
1309 4523 1344 4583 in

52 4626 176 4691 Castra
203 4627 334 4713 aliquid
358 4628 542 4713 deliquerit
566 4637 684 4692 contra
708 4630 809 4709 cives,
833 4628 889 4693 vel
912 4630 1005 4692 cives
1028 4637 1063 4693 et
1097 4627 1345 4693 inhabitatores
