3172 5208
228 239 296 304 504

230 449 411 518 Articnlns
437 449 476 518 Χ.
503 447 671 538 Officium
696 449 982 520 Concelluriuius
1016 453 1101 520 benc
1125 453 1274 521 meritae
1305 453 1418 522 alieni
1441 457 1565 541 per-t

228 579 338 626 sonae
361 557 589 647 constratum
613 558 658 626 El
681 559 850 648 Maiestas
874 558 947 628 Suu
971 559 1094 650 Reqin,
1119 561 1154 629 in
1174 561 1280 630 rebus
1303 560 1553 650 Hnnanicis

228 665 388 734 nonnisi
410 663 619 754 Hunqurieo
643 666 752 733 etium
777 665 934 735 Consilio
960 671 1104 734 ututur:
1127 669 1245 758 Neque
1268 669 1551 758 supplicantes,

229 773 320 841 ulios
337 794 446 862 quum
463 773 571 859 decet,
588 772 833 857 Consiliurios,
851 779 883 842 et
900 771 1126 859 Secretarios,
1143 797 1212 864 pro
1231 775 1305 844 suis
1322 775 1565 864 expeditio-¹

738 881 844 949 nibus
868 881 1010 950 adeunt.
1562 885 1565 898 ¹

335 1033 385 1101 Ut
416 1037 526 1100 omnis
549 1033 755 1120 gubematio
779 1037 998 1121 dignitasque
1027 1035 1160 1101 consilii
1192 1037 1403 1122 Hungarici3
1439 1023 1565 1100 item¹

228 1142 450 1207 cancellariae
488 1142 681 1208 authoritas
722 1165 782 1226 per
820 1164 916 1207 suam
957 1145 1089 1229 regiam
1129 1140 1346 1227 majestatem
1384 1143 1543 1208 defecto

228 1257 456 1330 restauratum
489 1271 595 1334 eaque
620 1272 663 1314 ex
687 1249 828 1314 consilio
860 1251 1060 1336 Hungarico
1092 1250 1234 1315 idoneae
1258 1271 1421 1333 personae
1447 1271 1542 1314 con-

228 1355 377 1438 feratur;
402 1377 549 1421 necnon
571 1359 684 1420 omnia
708 1355 823 1422 officia
847 1354 975 1442 majora
992 1364 1026 1422 et
1042 1359 1182 1440 minora,
1206 1359 1313 1422 etiam
1328 1359 1538 1422 tricesimae

229 1485 412 1548 earumque
445 1461 687 1546 praefecturae,
718 1466 848 1528 tamin
882 1464 945 1528 hoc
977 1463 1186 1549 Hungariae,
1209 1486 1313 1549 quam
1343 1463 1421 1528 aliis
1457 1463 1537 1528 sibi

227 1571 369 1635 annexis
392 1569 594 1652 Dalmatiae,
618 1569 776 1634 Oroatiae
792 1577 827 1635 et
844 1571 1043 1636 sclavoniae
1064 1573 1179 1657 regnis
1196 1594 1255 1655 per
1269 1574 1405 1636 nativos
1422 1571 1535 1635 Hun-

227 1699 327 1763 garos
350 1679 573 1763 nationesque
597 1675 768 1761 subjectas
792 1687 826 1742 et
847 1701 997 1744 annexas
1017 1679 1059 1744 de
1075 1688 1209 1744 caetero
1224 1680 1532 1762 administrentur,

228 1791 399 1849 statutum
416 1792 487 1866 est;
511 1793 697 1870 caveatque
721 1807 781 1850 sua
798 1784 958 1870 majestas
982 1789 1075 1872 regia
1101 1785 1312 1851 sufficienter
1336 1787 1533 1870 praedictis

228 1891 376 1956 statibus
393 1899 429 1955 et
444 1890 622 1956 ordinibus
646 1895 753 1978 regni,
776 1915 818 1956 ne
843 1901 1003 1957 externae
1027 1895 1182 1958 nationes
1207 1893 1366 1977 deinceps
1385 1901 1421 1957 et
1437 1893 1530 1957 alte-

228 2000 299 2062 rius
323 2001 472 2063 nationis
496 1999 650 2063 homines
666 2001 703 2064 in
716 2000 1000 2085 gubernationem
1026 2001 1261 2086 Hungaricam
1277 2023 1429 2086 unquam
1448 2025 1527 2066 sese

227 2108 405 2191 ingerant3
430 2129 515 2170 neve
539 2109 577 2170 in
600 2106 701 2170 rebus
733 2107 942 2192 Hungan'cis
966 2107 1119 2190 aliorum,
1147 2130 1251 2193 quam
1273 2109 1529 2192 Hungarorum

227 2213 377 2297 oonsilio,
402 2237 444 2278 ex
468 2213 626 2279 omnibns
652 2213 807 2296 partibus
830 2217 929 2300 regni
952 2215 1152 2300 Hungariae
1175 2221 1279 2300 atque
1303 2216 1409 2279 etiam
1428 2215 1528 2279 Scla-

227 2323 357 2402 voniae,
382 2344 423 2384 ex
440 2321 558 2384 ordine
582 2341 716 2406 quoque
739 2321 908 2385 nobilium
931 2324 968 2386 in
992 2324 1162 2404 praesenti
1185 2320 1298 2386 adhuc
1322 2323 1436 2386 diaeta
1453 2323 1527 2386 col-

159 2431 163 2444 “
227 2428 325 2510 lect0,
349 2431 446 2492 iuxta
476 2428 563 2492 decr.
589 2429 617 2491 3.
641 2427 742 2493 Ulad.
769 2430 859 2512 regis
881 2436 944 2492 art.
970 2429 989 2492 7
1013 2436 1048 2491 et
1071 2427 1158 2492 Lud.
1183 2429 1211 2491 2.
1235 2435 1299 2492 art.
1323 2429 1364 2491 39
1390 2428 1525 2514 absque

227 2535 403 2620 religionis
442 2535 649 2618 discrimine,
682 2534 800 2598 eadem
832 2531 993 2617 majestas
1026 2557 1087 2599 sua
1120 2541 1247 2599 utatur.
1286 2535 1402 2620 Atque
1440 2535 1524 2601 ideo

227 2649 399 2706 statutum
423 2649 482 2726 est,
503 2649 551 2725 ut,
568 2644 690 2727 siquis
713 2642 959 2727 Hungarorum
982 2646 1019 2707 in
1041 2645 1190 2728 negotiis
1214 2645 1284 2706 suis
1307 2643 1523 2728 Hungaricis

226 2747 368 2813 alterius
400 2751 550 2814 nationis
582 2749 793 2813 consiliarios
825 2757 859 2814 et
883 2753 1081 2814 secretarios
1116 2771 1175 2832 pro
1207 2749 1424 2833 expeditione
1456 2773 1520 2816 sua

226 2856 354 2937 adiret3
387 2877 529 2941 eamque
553 2853 596 2920 ab
619 2857 703 2936 ipsis
734 2854 947 2938 extraheret,
979 2878 1037 2920 eae
1061 2857 1103 2920 de
1128 2854 1220 2919 facto
1244 2857 1457 2940 invigorosae
1482 2869 1518 2923 et

226 2964 398 3028 invalidae
416 2964 626 3030 habeantur:
653 2966 681 3027 si
697 2964 837 3048 quidem
853 2971 887 3027 et
903 2963 989 3028 aliae
1004 2965 1161 3027 nationes
1177 2970 1212 3027 et
1229 2964 1423 3046 provinciae
1438 2986 1518 3028 suas

227 3093 286 3153 per
309 3071 488 3156 indigenas
512 3073 747 3155 expeditiones
772 3069 883 3134 facere
907 3073 1172 3134 consveverintss

228 3285 409 3357 Articulus
434 3289 492 3358 XI.
519 3289 767 3375 Confiniorum
790 3288 1053 3377 Praefectum,
1072 3295 1105 3355 el
1125 3287 1393 3376 Capitonentm,
1412 3288 1513 3357 Hun-

225 3398 325 3481 quris
350 3397 385 3465 in
416 3397 536 3487 Reqno
566 3397 841 3485 possessionntis
875 3395 1126 3488 conferuntur:
1158 3396 1204 3464 Er
1235 3395 1374 3464 ratione
1407 3395 1513 3464 Prae-

225 3502 402 3571 sidiornm
428 3505 732 3586 Selnnonicorum‚
756 3503 923 3591 Mnjeslns
948 3501 1020 3571 Suu
1045 3503 1155 3592 Reqio
1181 3524 1262 3570 enm
1284 3502 1511 3572 Serenissimo

288 3610 519 3679 Archi-Duce
542 3609 698 3678 Domino
722 3609 963 3694 Ferdinundo,
986 3631 1050 3699 per
1073 3609 1224 3699 Leqntos
1248 3609 1446 3677 concludat.

334 3775 568 3840 Confiniorum
595 3797 678 3840 vero
711 3775 942 3858 praefecturas
966 3782 1000 3838 et
1025 3779 1260 3860 capitaneatus
1284 3784 1356 3840 tam
1383 3778 1420 3840 in
1441 3777 1509 3860 hoc,

225 3904 328 3966 quam
346 3883 423 3946 aliis
446 3882 652 3966 supradictis
672 3884 795 3966 regnis,
811 3882 989 3966 Hungaris
1013 3885 1162 3947 nationis
1185 3882 1329 3967 aliisque
1352 3882 1509 3968 subjectis

225 3996 260 4051 et
283 3991 425 4052 annexis
449 3989 655 4072 nationibUS,
679 3989 810 4053 idoneis
834 3989 997 4053 videlicet
1022 3995 1056 4052 et
1080 3989 1165 4053 bene
1189 3992 1320 4054 meritis
1355 3995 1508 4073 personia,

331 4181 535 4235 ⁸likin-hinet
564 4183 680 4236 aktrmi
709 4181 776 4250 baja
795 4182 912 4234 volt-
932 4181 989 4250 irja
1012 4181 1139 4252 Karolyi
1158 4199 1175 4234 a
1195 4182 1338 4252 korponai
1362 4181 1506 4252 gyuresrol

225 4268 302 4322 szdld
321 4268 468 4323 mitve'ben
487 4307 523 4314 -
541 4289 575 4325 az
596 4269 917 4342 igazsagszolgtltatta
937 4288 955 4323 a
975 4270 1097 4341 belitgyi
1117 4271 1334 4341 kdzigaagatts,
1354 4288 1372 4324 a
1384 4271 1507 4341 kamere,

225 4377 242 4411 a
262 4359 333 4412 hedi
352 4361 453 4430 flgyek
473 4379 552 4432 vagy
571 4380 588 4414 a
607 4360 770 4431 gratialiak
799 4360 927 4430 ktre'bdl,
956 4378 1028 4414 azon
1057 4377 1158 4430 ugyan
1177 4377 1195 4413 a
1214 4377 1340 4430 magyar
1362 4359 1507 4414 Cancelllr

225 4465 238 4502 s
257 4466 291 4501 az
310 4453 477 4520 ngyvezetd
504 4468 629 4522 magyar
658 4450 752 4503 titkar
770 4467 839 4503 nem
859 4451 960 4502 tudott
978 4449 1125 4520 segitem
1151 4447 1242 4520 vigig
1264 4449 1372 4503 kellett
1390 4467 1408 4503 a
1425 4467 1506 4521 pana-

224 4539 347 4591 szosnak
367 4557 400 4592 az
420 4540 514 4592 udvar
533 4546 628 4592 osseas
648 4538 818 4608 hatdse'igait
834 4539 941 4608 jamia.
