3144 5218
224 316 292 380 514

224 515 355 590 Gabor
383 515 523 588 torolta
552 537 647 610 meg,
677 515 804 587 middn
833 541 855 587 a
884 512 1120 606 csehorszagi
1140 507 1358 612 Ι1111111111θί
1378 512 1524 581 1111111

225 643 341 714 kezve
375 639 551 736 fegyvert
589 639 724 736 fogott.
762 639 979 712 Perdinand
1017 663 1039 709 a
1076 635 1318 732 nikolsburgi
1345 632 1524 708 bekeben

225 765 445 860 megigerte,
482 766 586 859 hogy
622 763 846 836 koronazasi
884 761 1081 836 bitlevelet
1119 788 1141 835 a
1179 760 1524 854 tervenyktnyvbe

223 891 329 986 fogja
358 891 511 963 iktatni.
541 891 594 960 Be
623 891 654 962 is
682 889 849 962 valtotta
877 887 1048 983 igeretet.
1079 887 1136 958 Az
1169 887 1342 958 less-iki
1372 887 1523 980 orszag·

226 1017 360 1112 gyiile's
389 1017 437 1088 Il.
466 1015 764 1109 tbrvenyczikke
793 1015 1040 1088 tartalmazza
1069 1039 1091 1086 a
1119 1013 1325 1086 hitlevelet.

334 1143 370 1214 A
399 1141 595 1214 hitlevelet
615 1167 657 1214 az
678 1141 779 1214 Orsa.
800 1140 1053 1214 Leveltarban
1078 1140 1204 1212 6111111
1233 1137 1398 1234 peldany
1429 1138 1524 1212 utan

226 1268 424 1361 k'cztljiik:

338 1479 427 1543 »Nos
451 1479 699 1562 Ferdinandus,
723 1479 763 1544 D.
779 1502 828 1565 gr.
845 1502 905 1543 rex
929 1478 1013 1543 Boh.
1030 1478 1071 1542 A.
1087 1477 1129 1542 A.
1145 1483 1207 1540 etc.
1232 1474 1467 1561 Agnoscimus
1489 1483 1523 1538 et

226 1591 408 1656 memoriae
432 1587 708 1652 commendamus
732 1595 849 1652 tenore
874 1591 1106 1670 praesentium
1137 1583 1372 1671 significantes
1396 1582 1523 1668 quibus

226 1696 365 1780 expedit
390 1697 568 1759 universis.
600 1695 707 1776 Quod,
738 1716 817 1758 cum
842 1696 1070 1758 sacratissimo
1097 1695 1244 1776 principi
1268 1713 1307 1755 ac
1328 1690 1370 1755 D.
1389 1690 1433 1754 D.
1453 1690 1524 1754 Ma-

225 1801 328 1886 thiae,
352 1801 410 1884 D.;
435 1824 484 1887 gr.
501 1801 541 1865 el.
557 1802 656 1866 Rom.
673 1805 872 1886 imperatori
895 1801 926 1866 S.
943 1800 984 1868 A.
1000 1823 1039 1866 ac
1055 1801 1177 1882 Germ,
1194 1799 1320 1884 Hung,
1337 1796 1424 1862 Boh.
1441 1801 1522 1882 regi,

225 1911 267 1976 D.
284 1909 431 1994 patrueli
447 1917 482 1972 et
499 1911 589 1992 patri
604 1915 719 1972 nostro
743 1907 1062 1990 observandissimo,
1078 1907 1227 1992 benigne
1251 1908 1365 1969 visum
1390 1903 1521 1984 fuisset,

226 2020 346 2084 inclito
370 2040 431 2082 suc
454 2019 571 2104 Hung.
590 2041 695 2104 regno
720 2018 943 2103 partibusque
966 2018 1078 2082 eidem
1101 2017 1252 2100 adnexis
1269 2037 1329 2099 pro
1346 2019 1401 2098 pia
1419 2023 1522 2100 atque

227 2135 367 2210 paterna
384 2147 444 2188 sua
459 2115 543 2188 'cura
568 2133 603 2189 et
626 2125 868 2209 sollicitudine,
892 2125 935 2188 de
959 2122 1077 2188 futuro
1101 2145 1180 2208 rege
1203 2131 1307 2208 atque
1331 2143 1521 2186 successore

227 2236 431 2316 tempestive
452 2236 650 2316 prospicere,
667 2256 811 2318 eumque
828 2237 864 2298 in
880 2233 992 2317 finem,
1009 2255 1051 2296 ex
1067 2231 1235 2317 singulari
1250 2253 1311 2295 sua
1327 2237 1362 2294 et
1380 2239 1519 2313 paterna

227 2363 308 2424 erga
324 2361 385 2404 nos
401 2342 514 2424 gratia
531 2346 565 2403 et
581 2361 704 2423 amore,
721 2337 875 2423 ejusdem
891 2342 990 2425 regni
1006 2339 1038 2404 S.
1049 2337 1081 2402 S.
1091 2345 1126 2402 11
1144 2337 1180 2402 Ο.
1191 2337 1229 2402 Ο.
1245 2337 1393 2422 benigne
1410 2339 1522 2421 requi-

227 2448 373 2528 sivisset,
390 2445 744 2510 1111011111111111
768 2450 920 2530 ipsorum
943 2468 1059 2532 regem
1083 2445 1218 2530 eligere,
1242 2452 1429 2527 acceptare,
1450 2465 1523 2526 pro-

227 2554 372 2618 clamare
405 2562 440 2617 et
469 2575 637 2637 coronare,
670 2555 822 2640 adeoque
855 2558 1004 2639 optimae
1037 2549 1228 2636 majestatis
1257 2573 1337 2615 suae
1361 2550 1397 2614 O.
1422 2551 1521 2636 une

228 2663 422 2744 intentioni,
445 2683 532 2746 quae
556 2665 693 2726 nonnisi
716 2665 752 2726 in
784 2661 987 2727 beneficium
1019 2659 1122 2745 hujus
1155 2681 1298 2724 coronae
1331 2657 1522 2722 redundare

227 2775 340 2853 queat,
356 2790 417 2832 sua
434 2790 568 2854 quoque
585 2792 627 2833 ex
645 2778 741 2852 parte
759 2770 961 2853 respondere
985 2769 1134 2832 vellent:
1160 2768 1266 2832 iidem
1281 2766 1314 2831 S.
1331 2765 1363 2830 S.
1379 2773 1414 2828 et
1431 2764 1470 2829 Ο.
1486 2763 1521 2828 Ο.

227 2875 414 2940 sollicitum
429 2877 529 2960 hunc,
554 2884 588 2940 et
609 2881 677 2941 iam
692 2885 793 2941 antea
817 2877 974 2960 plurimis
996 2875 1231 2940 occasionibus
1254 2872 1521 2957 praeclarissime

228 2989 459 3048 contestatum
483 2981 674 3067 majestatis
697 3007 777 3048 suae
794 2983 831 3048 O.
846 2984 947 3067 une
965 2981 1137 3065 affectum,
1153 2984 1205 3046 uti
1230 2979 1348 3046 fideles
1371 2985 1406 3042 et
1430 2981 1521 3042 cives

229 3093 358 3172 patriae
379 3098 534 3154 amantes
550 3092 656 3174 decet,
675 3099 775 3177 grato
791 3094 906 3155 animo
925 3097 1157 3176 agnoscentes,
1181 3086 1335 3173 ejusdem
1353 3085 1521 3150 desiderio

230 3196 322 3262 haud
349 3199 523 3281 gravatim
547 3196 786 3282 obsecundare,
807 3205 910 3282 atque
933 3219 994 3262 nos
1019 3200 1054 3260 in
1079 3218 1194 3282 regem
1218 3203 1321 3280 atque
1345 3195 1522 3259 dominum

229 3307 394 3386 ipsorum,
414 3307 510 3368 iuxta
534 3309 713 3390 antiquam
745 3307 1028 3370 consuetudinem
1051 3313 1086 3368 et
1110 3303 1307 3368 libertatem
1338 3299 1521 3364 eorundem

228 3433 360 3494 semper
386 3410 612 3495 observatam,
639 3413 777 3496 paribus
810 3416 901 3478 votis
925 3419 959 3475 et
983 3415 1138 3475 unanimi
1167 3431 1334 3474 consensu
1364 3411 1432 3472 rite
1464 3406 1521 3470 eli-

228 3540 317 3604 gere,
342 3518 559 3601 proclamare,
585 3521 812 3604 invocatoque
836 3519 974 3582 demum
998 3521 1149 3582 numinis
1165 3519 1277 3582 divini
1293 3515 1432 3596 auxilio,
1449 3512 1521 3578 feli-

227 3629 314 3690 citer
337 3647 497 3690 coronare
529 3633 703 3709 promptos
738 3635 940 3710 paratosque
974 3623 1046 3688 fore
1080 3624 1349 3688 declaraverint:
1378 3620 1520 3684 demisse

227 3741 396 3817 rogantes
422 3735 475 3796 uti
509 3732 747 3816 infrascriptos
779 3733 951 3814 articulos,
982 3734 1162 3816 omniaque
1187 3739 1222 3795 et
1246 3729 1391 3816 singula,
1415 3731 1520 3792 ineis

228 3847 398 3924 contenta,
431 3848 514 3926 rata,
553 3849 652 3926 grata
685 3849 719 3904 et
754 3849 892 3924 accepta
925 3839 1100 3924 habentes,
1132 3847 1355 3922 nostrumque
1389 3841 1519 3921 regium

228 3968 429 4011 consensum
446 3947 514 4011 illis
532 3947 741 4034 praebentes,
766 3948 951 4011 clementer
966 3955 1152 4030 acceptare,
1171 3943 1383 4010 authoritate
1407 3951 1517 4006 nostra

228 4057 322 4139 regia
346 4053 533 4137 approbare
557 4061 592 4118 et
616 4054 825 4138 confirmare,
858 4061 961 4140 atque
994 4061 1067 4118 tam
1100 4074 1161 4117 nos
1195 4054 1261 4134 ipsi
1284 4071 1344 4115 suo
1370 4057 1516 4132 tempore

229 4160 376 4246 benigne
392 4160 582 4246 observare,
599 4184 703 4248 quam
719 4185 780 4245 per
794 4162 888 4246 alios,
911 4183 1058 4247 quorum
1074 4163 1226 4242 interest,
1246 4158 1393 4224 firmiter
1411 4157 1516 4221 obser·

229 4270 305 4332 vari
321 4267 432 4332 facere
450 4269 680 4354 dignaremur.
706 4269 858 4346 Quorum
881 4269 1021 4354 quidem
1045 4269 1268 4332 articulorum
1291 4275 1392 4331 tenor
1414 4267 1517 4349 sequi·

229 4381 294 4458 tur,
319 4382 353 4438 et
382 4382 434 4440 111
467 4376 564 4440 talis:
592 4377 619 4442 L
644 4375 805 4443 00111110.
830 4375 928 4453 Quod
962 4378 1140 4440 universas
1173 4381 1207 4437 et
1240 4371 1394 4459 singulas
1425 4373 1517 4457 regni

229 4479 416 4566 libertates,
441 4486 686 4566 1111111111111,
712 4481 902 4567 privilegia,
929 4489 1069 4564 statuta,
1093 4485 1168 4546 iura
1192 4489 1226 4544 et
1251 4479 1516 4556 consvetudines,

229 4589 389 4654 11111111
414 4589 666 4654 conclusionem
698 4596 866 4654 tractatus
899 4590 1105 4654 Viennensis
1136 4609 1318 4672 omnesque
1351 4585 1516 4659 articulos
