3124 5216
1273 386 1335 450 741

42 591 146 668 atque
161 583 205 647 ad
222 582 512 666 deliberationem,
531 582 698 648 adhibitis
714 586 818 648 etiam
835 582 1048 647 Primoribus
1071 583 1186 666 Regni
1201 589 1337 646 maturo

42 691 194 756 Consilio
213 691 413 774 discussum,
430 689 537 754 Nobis
553 691 666 755 medio
682 691 913 756 Cancellariae
930 691 1076 756 Nostrae
1092 692 1222 774 Regiae
1239 691 1337 754 Hun-

41 801 158 881 garico
180 797 324 864 Aulicae
340 798 496 880 relatum,
519 805 623 882 atque
647 821 708 882 per
730 798 801 862 Nos
825 799 961 863 demum
978 797 1203 862 Authoritate
1226 798 1336 880 Regia

41 904 270 990 adprobatum
301 905 431 988 fuisset,
455 905 608 970 eiusdem
638 905 783 970 Tomum
816 907 965 988 primum
996 904 1052 969 hic
1076 905 1238 986 Viennae,
1272 903 1337 968 sub

41 1013 179 1078 Titulo:
202 1013 308 1077 Ratio
327 1013 553 1076 Educationis
576 1014 752 1097 totiusque
774 1013 840 1077 Rei
868 1013 1058 1076 Literariae
1082 1034 1143 1096 per
1173 1012 1336 1095 Regnum

42 1121 252 1204 Hungeriae,
292 1127 328 1184 et
351 1120 552 1184 Provincias
593 1119 717 1183 Eidem
750 1120 909 1204 adnexas,
941 1120 1049 1204 Typis
1081 1118 1183 1185 Anno
1222 1118 1335 1183 adhuc

43 1228 140 1292 1777.
173 1227 314 1309 editum,
347 1247 407 1310 per
439 1226 530 1290 idem
563 1227 725 1309 Regnum
757 1225 967 1310 Hungeriae,
999 1234 1104 1311 atque
1136 1226 1336 1292 Provincias

40 1334 201 1416 adnexas,
224 1356 263 1398 eo
287 1355 394 1418 nsque
418 1336 524 1397 etiem
549 1333 725 1416 publicari,
763 1341 866 1419 atque
895 1356 955 1418 pro
988 1341 1147 1398 accurata
1179 1333 1337 1399 observa-

40 1443 135 1505 tione
160 1439 344 1526 praescn'bi
367 1443 634 1525 procuravimus
657 1442 770 1525 quoad
793 1441 882 1505 alter
905 1444 1010 1506 etiam
1033 1442 1161 1506 Tomus
1176 1441 1336 1506 Instituti

39 1549 203 1614 videlicet
230 1547 333 1632 hujus
366 1550 529 1613 Literarii
562 1548 853 1632 supplementum,
879 1551 1080 1613 minutatim
1111 1551 1226 1614 omnia
1259 1570 1336 1612 con-

39 1658 222 1741 plexurum
246 1679 331 1741 quae
355 1657 399 1720 ad
424 1656 543 1739 Operis
582 1654 853 1739 Absolutionem,
878 1657 1079 1742 plenamque
1112 1654 1335 1740 Reipublicae

39 1767 231 1830 Literariae
270 1763 505 1845 stabilitatem,
543 1771 646 1848 atque
680 1764 906 1828 Educationis
943 1764 1146 1829 Gentilitiae
1189 1763 1336 1829 formam

38 1875 231 1935 etiamnum
255 1871 448 1935 desiderare
464 1873 724 1954 comperientur,
749 1869 857 1934 Nobis
885 1871 1032 1935 relatum
1054 1877 1157 1956 atque
1182 1893 1242 1969 per
1264 1869 1336 1934 Nos

37 1979 165 2042 itidem
188 1976 407 2042 Auctoritate
431 1977 558 2042 Nostra
581 1978 692 2060 Regia
730 1976 877 2061 benigne
901 1976 1137 2061 adprobatum,
1161 1977 1335 2062 Typisque

38 2086 189 2170 publicis
213 2107 393 2150 excussum
426 2083 541 2166 fuerit,
573 2107 677 2170 quam
710 2086 852 2169 proinde
884 2086 1069 2150 Rationem
1101 2086 1335 2164 EducationiS,

37 2197 216 2278 totiusque
239 2195 306 2258 Rei
330 2195 520 2257 Literariae
548 2194 719 2276 praesenti
743 2214 877 2278 quoque
909 2193 1106 2276 Diplomate
1128 2193 1264 2274 Nostr0,
1296 2212 1334 2254 ac

37 2305 67 2366 si
93 2303 136 2366 de
160 2301 273 2366 Verbo
297 2303 340 2367 ad
366 2299 518 2366 Verbum
541 2301 653 2365 eidem
676 2302 844 2364 insertum
868 2299 999 2383 fuisset,
1023 2307 1196 2364 reservata
1220 2307 1335 2364 tamen

36 2408 158 2491 Nobis,
182 2407 505 2493 successoribusque
529 2408 665 2473 Nostris
697 2407 853 2491 Regibus
876 2408 1077 2492 Hungeriae
1110 2407 1274 2472 nonnulla
1299 2409 1335 2470 in

35 2519 81 2580 iis
107 2522 268 2580 contenta
292 2515 459 2597 mutandi,
492 2516 650 2598 addendi,
674 2523 709 2580 et
742 2516 909 2598 demendi,
944 2523 1044 2598 prout
1068 2537 1086 2578 e
1114 2516 1167 2580 Re
1191 2513 1334 2580 Publica

34 2645 111 2688 esse
136 2625 250 2686 visum
274 2621 388 2705 fuerit,
413 2621 588 2704 facultate,
604 2622 751 2707 benigne
771 2622 1017 2687 confirmamus
1035 2623 1156 2705 Quare,
1179 2629 1219 2686 ut
1232 2619 1334 2705 juxta

36 2732 132 2796 idem
164 2730 371 2793 Institutum
404 2730 614 2794 Literarium
642 2732 841 2795 universum
874 2732 1035 2815 Regnum
1066 2731 1275 2814 Hungeriae,
1299 2736 1333 2792 et

35 2839 243 2903 Provinciae
276 2837 398 2901 Eidem
422 2838 574 2900 adnexae
614 2836 842 2901 sufficientem
864 2839 1085 2909 ,occasionem
1117 2839 1335 2900 nanciscatur

35 2945 158 3010 Proles
182 2965 259 3008 suas
282 2946 349 3007 rite
372 2944 549 3026 educandi,
573 2950 676 3028 atque
693 2945 907 3024 instituendi,
930 2943 1095 3008 collocata
1118 2946 1267 3027 primurn
1289 2945 1332 3009 ad

34 3051 276 3117 Meditullium
308 3051 431 3135 Regni,
464 3053 501 3114 in
524 3053 607 3134 ipsis
645 3051 766 3134 Regiis
798 3049 975 3114 Aedificiis
1008 3049 1144 3115 Nostris
1176 3053 1213 3114 in
1244 3051 1333 3116 Arce

33 3160 192 3223 Budensi
239 3156 377 3240 habitis,
425 3158 673 3223 Universarum
712 3158 941 3222 Scientiarum
987 3156 1182 3241 Academia,
1230 3165 1333 3242 atque

32 3265 219 3351 magnifice
257 3266 384 3347 dotata,
423 3268 622 3350 cunctisque
660 3267 858 3328 necessariis
889 3263 1121 3329 Adminiculis
1162 3265 1206 3328 ad
1244 3267 1333 3331 Rem

33 3375 244 3439 Literariam
275 3375 341 3437 rite
380 3372 600 3437 excolendam
633 3371 736 3454 probe
763 3373 941 3454 instructa,
982 3393 1024 3435 ex
1062 3393 1130 3454 qua
1162 3372 1333 3457 videlicet,

32 3489 204 3566 tanquam
219 3503 237 3544 e
254 3481 394 3563 perenni
418 3480 616 3563 Seminario,
633 3479 798 3543 Doctores
821 3480 935 3543 idonei
950 3481 1150 3564 quarumvis
1168 3479 1333 3544 Scientia-

32 3611 115 3652 rum
143 3609 203 3672 pro
236 3586 394 3653 omnibus
426 3587 603 3651 Institutis
636 3587 832 3650 Litterariis
864 3587 1070 3670 deligantur,
1102 3587 1202 3650 etad
1235 3585 1333 3671 cujus

31 3696 202 3761 Normam
241 3697 351 3760 omnis
383 3695 563 3759 institutio
602 3695 806 3760 Juventutis
845 3715 904 3778 per
935 3695 1134 3757 universum
1172 3694 1332 3778 Regnum

30 3805 200 3886 exigatur
223 3801 322 3887 (quae
347 3804 460 3866 omnia
495 3804 531 3865 in
566 3802 729 3885 peculiari
761 3801 966 3884 Diplomate,
997 3801 1090 3886 quod
1122 3823 1182 3883 pro
1214 3804 1333 3866 eadem

31 3909 274 3976 Universitate
303 3911 428 3974 Nostra
461 3911 571 3994 Regia
595 3910 749 3974 Budensi
771 3930 862 3973 nunc
895 3929 962 3973 una
992 3910 1146 3993 expediri
1178 3909 1332 3992 fecimus„

31 4016 177 4081 uberius
209 4017 466 4097 continentur).l
499 4018 655 4095 Quatuor
687 4024 860 4101 praeterea
893 4015 1096 4080 Academias
1122 4019 1159 4081 in
1184 4025 1333 4102 quatuor

30 4125 153 4208 Regni
184 4124 410 4189 Districtibus
452 4125 642 4189 liberaliter
674 4123 906 4204 fundavimus,
939 4130 973 4187 et
1006 4123 1146 4208 quidem
1180 4146 1239 4208 pro
1272 4123 1332 4188 Di-

30 4233 162 4295 strictu
178 4231 465 4314 Cis-Danubiano,
481 4234 518 4295 in
534 4231 658 4295 Libera
682 4231 859 4314 Regiaque
878 4231 1032 4295 Ciuitate
1055 4230 1180 4294 Nostra
1201 4229 1332 4314 Tyma-

32 4341 157 4421 viensi,
181 4361 241 4422 pro
266 4337 603 4420 Trans-Danubiano,
628 4340 664 4402 in
680 4337 804 4401 Libera
828 4339 1006 4421 Regiaque
1030 4338 1184 4402 Ciuitate
1216 4338 1332 4403 Jauri-

30 4448 143 4528 nensi,
167 4469 227 4530 pro
251 4445 517 4531 Cis-Tybiscano
533 4448 570 4509 in
594 4445 717 4509 Libera
733 4445 910 4529 Regiaque
927 4445 1080 4510 Ciuitate
1104 4445 1330 4528 Cassoviensi,

146 4682 156 4710 ¹
175 4673 254 4728 Ldsd
273 4691 307 4726 aa
327 4673 425 4728 elbbbi
444 4673 600 4728 oklevelet.
