3192 5214
214 321 258 390 78

214 525 436 590 traditionem
468 527 566 609 regni
600 523 714 608 fuerit,
747 525 803 590 vel
836 528 874 589 in
896 523 1000 588 aliam
1024 521 1154 609 fugerit
1179 526 1398 606 provinciam,
1422 531 1508 589 tunc

214 651 296 696 vero
320 629 407 696 bona
430 630 525 695 illius
548 633 585 695 in
617 634 747 717 regiam
779 635 923 697 veniant
955 639 1170 716 potestatem.
1202 630 1268 696 Ast
1301 634 1330 696 si
1361 635 1438 717 quis
1472 634 1509 696 in

213 737 355 804 consilio
390 741 484 824 regie
516 742 637 804 mortis
675 747 736 804 aut
774 741 973 806 traditionis
1012 741 1111 825 regni
1149 739 1309 826 legaliter
1345 742 1509 804 inventus

215 843 330 928 fuerit,
363 848 434 928 ipse
467 867 548 912 vero
582 847 723 930 capitali
755 846 930 912 subiaceat
963 849 1142 931 sententie,
1180 847 1268 913 bona
1301 867 1383 912 vero
1414 847 1510 912 illius

137 995 140 1000 -
215 952 296 1018 filiis
319 952 560 1018 innocentibus
584 956 752 1019 inremota
776 957 855 1039 sint,
880 954 1136 1020 remanentibus
1159 954 1304 1021 salvia⁴⁹

201 1050 204 1060 '
323 1059 387 1125 IH.
411 1057 463 1124 De
486 1057 598 1126 servis
622 1062 655 1124 ei
678 1077 864 1126 servorum
890 1057 1118 1128 occisoribus
1153 1062 1190 1127 si
1213 1063 1358 1128 alicuius
1390 1083 1511 1127 servus

214 1189 353 1233 servum
368 1167 511 1232 alterius
535 1169 707 1252 occiderit,
731 1171 845 1234 sanior
867 1169 1038 1236 homicide
1062 1171 1283 1236 medietatem
1307 1171 1397 1235 servi
1420 1190 1512 1234 com-

218 1283 321 1359 ponat
344 1277 470 1339 seniori
493 1274 678 1358 interfecti,
703 1277 733 1340 si
764 1282 894 1359 potast;
919 1278 972 1340 siu
1000 1283 1125 1360 autem,
1159 1284 1298 1359 peracta
1329 1299 1396 1341 una
1428 1298 1512 1362 qua-

215 1383 418 1467 dragesima,
441 1382 660 1446 venundetur
683 1403 802 1446 servus
826 1389 861 1446 et
886 1383 1038 1464 precium
1062 1384 1248 1450 dividatur.

324 1489 383 1554 Iv.
416 1486 468 1554 De
503 1487 712 1556 liberatione
740 1485 909 1554 eiusdem.
943 1490 1089 1556 Servum
1122 1490 1262 1556 liberari
1295 1489 1512 1571 homicidam,

215 1599 245 1660 si
284 1599 410 1662 seniori
449 1597 618 1680 placuerit
656 1617 733 1661 cum
772 1603 911 1662 centum
940 1605 974 1662 et
998 1597 1044 1662 X.
1068 1599 1223 1662 iuvencis
1261 1606 1321 1663 aut
1354 1600 1512 1678 redimat,

215 1711 278 1768 aut
301 1706 426 1770 tradat.

249 1819 252 1829 '
326 1811 366 1874 V.
391 1807 444 1874 De
469 1805 632 1874 liberloie
654 1827 853 1875 servorum.
878 1810 916 1876 Si
939 1812 1016 1896 quis
1039 1811 1160 1876 alienis
1184 1814 1292 1876 servis
1315 1809 1512 1878 libertatem

216 1921 391 2004 acquirere
415 1920 549 2000 nititur,
573 1919 703 2003 quod⁶⁰
727 1920 818 1982 servi
834 1919 980 1983 totidem
996 1921 1166 2000 mancipia
1190 1919 1310 2001 solvat,
1329 1918 1514 2004 exquibus

216 2028 284 2092 due
302 2034 414 2110 partes
431 2028 505 2112 regi
524 2022 527 2111 Ι
545 2028 652 2090 tercia
676 2027 801 2090 seniori
825 2047 1017 2109 servorum;
1043 2049 1102 2091 rex
1118 2033 1242 2091 'autem
1265 2051 1307 2092 ex
1332 2049 1392 2092 sua
1415 2036 1514 2110 parte

217 2137 361 2199 terciam
385 2133 517 2202 tribuat
541 2137 669 2198 comiti.
1431 2139 1434 2144 ’

326 2241 385 2306 VI.
416 2236 469 2305 De
490 2236 591 2326 surio
624 2258 820 2306 servorum.
855 2241 892 2304 Si
924 2243 1001 2325 quis
1034 2259 1211 2306 servorum
1242 2241 1347 2305 semel
1379 2239 1514 2305 furtum

217 2350 435 2431 commiserit,
453 2349 575 2414 reddat
585 2347 719 2413 furtum
728 2357 763 2412 et
773 2355 954 2431 componat
970 2369 1090 2412 nasum
1101 2348 1141 2413 V.
1157 2350 1320 2430 iuvencis,
1337 2351 1366 2414 si
1384 2355 1514 2432 potest;

218 2458 404 2520 sinautem
427 2456 658 2522 abscindatur.
683 2456 720 2520 si
743 2454 874 2520 absciso
898 2477 980 2520 naso
1003 2458 1130 2520 iterum
1145 2457 1354 2521 commiserit
1371 2455 1514 2537 furtum,

218 2571 399 2646 componat
415 2587 513 2630 aures
528 2565 568 2631 V.
584 2567 747 2645 iuvencis,
763 2565 818 2628 sin
832 2570 949 2627 autem
963 2561 1218 2628 abscindantur.
1243 2564 1281 2628 Si
1299 2565 1391 2630 idem
1406 2566 1514 2628 tercio

219 2669 353 2734 furtum
376 2675 593 2754 commiserit,
617 2679 731 2737 careat
754 2674 866 2734 vita.51
1400 2659 1404 2665 ¹

327 2777 405 2843 VH.
429 2775 482 2844 De
502 2774 602 2864 surio
628 2775 834 2843 liberorum.
859 2777 997 2862 Siquis
1021 2775 1207 2840 liberorum
1226 2775 1359 2842 furtum
1375 2781 1515 2844 commi-

219 2888 311 2968 serit,
345 2885 409 2950 hao
441 2885 516 2970 lege
549 2905 750 2968 componere
781 2885 1006 2966 decrevimus,
1039 2886 1068 2948 si
1100 2883 1213 2966 semel,
1246 2885 1392 2949 redimat
1425 2888 1516 2950 sesi

222 3001 342 3078 potest,
366 2996 419 3058 sin
442 3001 559 3058 autem
581 2995 807 3058 venundet-ur.
832 2993 870 3058 Si
893 2999 1009 3057 autem
1033 2993 1124 3056 idem
1144 2994 1362 3057 venundatus
1381 2991 1516 3057 furtum

219 3104 438 3183 commiserit,
462 3101 597 3186 legibus
621 3122 797 3166 servorum
821 3099 1036 3164 subiaceat.⁶²

330 3210 412 3276 Itane
443 3210 482 3274 de
515 3211 629 3274 codem.
664 3207 701 3272 Si
734 3208 891 3289 secund0,
924 3207 1029 3272 simili
1062 3207 1131 3291 legi
1164 3195 1346 3289 subiaceat,
1379 3208 1516 3270 sivero

221 3318 336 3398 tercio,
360 3316 539 3398 dispendio
563 3317 636 3380 vite
660 3315 877 3380 diiudicetur.

330 3423 425 3488 Vm.
450 3418 502 3487 De
527 3418 781 3507 compositione
805 3417 908 3505 reolo.
934 3421 971 3484 si
994 3423 1071 3505 quis
1095 3422 1259 3484 comitum
1277 3427 1408 3502 partem
1424 3423 1516 3506 regis

220 3530 488 3614 defraudaverit,
512 3531 635 3595 reddat
659 3527 816 3592 fraudem
840 3536 875 3592 et
899 3528 1004 3610 duplo
1028 3535 1217 3610 componat.

329 3637 393 3702 IX.
419 3634 469 3700 De
504 3634 636 3701 iniusta
666 3631 914 3722 appellatione.
940 3634 978 3699 Si
1010 3637 1087 3720 quis
1119 3634 1271 3698 militum
1304 3634 1515 3698 iudiciuma

222 3767 282 3811 suc
315 3747 439 3809 comite
472 3753 564 3808 recte
592 3745 783 3807 iudicatum
808 3763 977 3823 sparnone,
1002 3763 1118 3826 regem
1141 3740 1351 3824 apellaverit,
1376 3743 1516 3823 cupiens

221 3856 382 3917 comitem
421 3874 521 3916 suum
554 3852 694 3916 reddere
729 3853 904 3930 imustum,
937 3852 982 3913 sit
1015 3847 1152 3914 debitor
1184 3851 1301 3914 decem
1335 3869 1516 3930 pensarum

220 3964 297 4026 auri
321 3981 381 4024 suo
405 3961 543 4023 comiti..
623 3981 627 3993 ·

331 4068 376 4130 Χ.
400 4063 453 4132 De
487 4063 654 4131 violentia
689 4063 838 4130 camilia.
872 4065 910 4129 Si
942 4066 1019 4150 quis
1047 4066 1211 4128 comitum
1235 4065 1377 4127 inventa
1400 4061 1516 4146 aliqua

222 4177 405 4256 occasione,
444 4175 527 4258 quid
567 4175 693 4236 iniuste
733 4172 838 4236 militi
876 4170 1067 4253 abstulerit,
1106 4171 1228 4234 reddat
1267 4177 1302 4234 et
1341 4191 1441 4251 super
1475 4193 1518 4235 ex

225 4284 360 4366 proprio
385 4289 530 4345 tantum.

279 4536 301 4565 ι·
321 4525 452 4580 naiman
472 4525 495 4579 1.
514 4528 557 4580 ao.
576 4529 620 4582 21.
980 4533 1001 4562 ι·
1022 4523 1057 4576 v.
1076 4530 1101 4578 a.
1122 4523 1227 4576 usare
1246 4521 1286 4576 n.
1306 4523 1331 4578 a

279 4626 301 4654 ⁸⁰
319 4621 391 4686 quot
409 4616 535 4688 hebet-
980 4621 1003 4652 ⁵·
1022 4614 1126 4668 tasas
1145 4613 1202 4667 ΠΙ.
1223 4613 1309 4670 aas.
1328 4611 1368 4665 11.
1389 4613 1412 4666 1.
1434 4611 1456 4664 1.
