3142 5214
1295 381 1360 445 639

60 585 184 649 taliter
208 584 418 664 inducerent,
442 589 477 646 61
501 582 544 646 ad
569 585 770 647 instantiam
794 603 891 646 suam
919 584 1114 668 quempiam
1134 576 1275 662 judicio,
1299 591 1359 644 aut

58 693 267 756 executione
299 697 538 776 aggravarent,
577 695 703 754 extunc
744 712 820 772 pars
859 688 1080 753 damnificata
1113 689 1225 752 medio
1258 691 1359 753 unius

60 799 311 863 Viae-Comitis
336 797 454 862 taliter
476 795 683 880 adjudicata,
714 819 753 860 60
784 803 927 861 executa
951 796 1048 879 bona,
1071 818 1139 860 uua
1164 817 1241 860 cum
1266 797 1360 860 dam·

60 927 199 989 norum,
223 912 258 969 et
281 925 505 988 expensarum
530 903 711 986 refusione,
736 907 874 986 praevia
898 905 1068 968 duntaxat
1100 905 1202 967 unica
1236 901 1360 966 certifi-

58 1016 211 1095 catione,
235 1015 308 1077 sine
332 1013 619 1094 01111116111610,
644 1019 678 1076 61
703 1012 859 1076 ulteriori
888 1014 1091 1076 exmissione
1120 1013 1301 1076 restituere
1325 1015 1360 1073 61

57 1119 338 1184 satisfactionem
370 1118 523 1201 impendi
556 1117 667 1183 facere
701 1125 735 1182 01
768 1121 797 1182 01
836 1139 920 1202 opus
952 1117 1067 1201 fuerit,
1101 1120 1206 1182 etiam
1238 1116 1360 1180 lllmus

58 1225 163 1292 Dnus
179 1227 300 1292 Comes
316 1225 442 1310 Banna,
451 1225 508 1290 vel
521 1226 636 1311 Regni
646 1225 855 1309 Capitoneus
865 1227 1023 1290 assistere
1040 1227 1155 1309 possit,
1169 1224 1359 1308 valeatque.

424 1471 606 1543 Atticulae
631 1471 757 1542 XVIII.
788 1472 883 1540 Anni
907 1473 1005 1541 1675.

175 1657 353 1742 Siquidem
372 1678 441 1721 non
461 1678 537 1722 raro
557 1659 594 1720 in
612 1655 676 1722 hoo
692 1657 813 1742 Regno
831 1655 989 1722 Oroatiae
1007 1663 1041 1720 et
1058 1654 1258 1719 Sclavoniae
1275 1659 1361 1720 acci-

58 1767 129 1847 dit,
154 1766 245 1850 quod
270 1763 389 1828 Status
413 1764 657 1846 Ecclesiastici,
680 1785 719 1827 ao
743 1766 849 1828 etiam
872 1762 1060 1826 saeculares
1093 1761 1256 1845 homines,
1289 1771 1361 1826 tam

58 1873 232 1937 1111611001
248 1871 437 1938 Nobilitari
461 1874 700 1959 praerogativa
723 1871 921 1957 gaudentes,
937 1891 1040 1953 quam
1056 1872 1161 1933 etiam
1177 1867 1361 1956 Ignobiles,

59 1984 270 2066 praesertim
294 1984 519 2065 pauperiores
543 1983 580 2044 in
603 1982 709 2044 variis
734 1982 803 2043 suis
827 1975 1098 2060 necessitatibus
1114 1975 1202 2041 bona
1227 1983 1261 2040 et
1282 1973 1360 2059 jura

61 2088 332 2172 possessionaria
356 2087 400 2150 ad
423 2087 499 2170 duc,
519 2085 664 2150 subinde
691 2088 766 2168 tria,
791 2085 866 2168 plus
894 2087 1007 2148 minus
1027 2081 1150 2170 jugera
1184 2091 1360 2166 terrarum,

61 2202 105 2260 et
130 2194 320 2277 foenilium,
345 2215 404 2278 pro
428 2196 552 2279 exigua
577 2193 721 2275 pecunia
745 2198 779 2254 et
803 2212 944 2274 summa,
961 2190 1213 2272 potentioribus
1229 2197 1263 2254 61
1280 2191 1362 2254 diti·

60 2300 185 2366 oribus
208 2299 393 2364 Nobilibus
416 2321 476 2363 seu
500 2301 605 2362 etiam
629 2295 861 2382 Magnetibus,
885 2297 993 2382 aliqui
1009 2297 1052 2360 ad
1069 2305 1201 2362 certum
1216 2303 1361 2380 tempuS,

61 2409 131 2474 alii
155 2429 236 2471 1610
261 2406 466 2490 simpliciter
488 2409 723 2491 oppignorare,
756 2412 792 2468 61
823 2404 1055 2490 hypothecare
1087 2407 1361 2470 consuevissent:

60 2535 213 2598 cumque
233 2533 390 2577 successu
410 2516 582 2596 temporis,
601 2515 674 2577 sive
692 2511 830 2576 evoluto
848 2516 994 2576 termino
1011 2513 1227 2594 conditionis
1245 2509 1361 2595 hujus-

62 2623 164 2688 modi
196 2621 301 2704 Bona,
329 2627 364 2685 et
387 2620 474 2686 Jura
499 2622 769 2705 possessionaria,
793 2641 853 2684 seu
885 2625 992 2684 terras
1026 2641 1065 2684 ac
1098 2619 1248 2703 foenilia,
1281 2619 1361 2684 talis

62 2732 311 2814 impignorans,
328 2727 384 2793 vel
401 2749 481 2792 vero
498 2726 651 2812 ejusdem
666 2747 883 2811 successores,
899 2748 959 2810 pro
984 2748 1018 2790 se
1042 2748 1179 2792 rursum
1194 2726 1360 2790 redimere

61 2836 207 2902 1611611.
225 2836 322 2900 Tunc
338 2838 404 2920 ipsi
421 2843 589 2920 emptores
606 2842 641 2899 et
657 2825 842 2899 eorundem
857 2855 1074 2918 successores
1088 2837 1220 2898 ratione
1238 2834 1361 2898 talium

63 2943 235 3008 bonorum
258 2945 610 3028 impignoratitiorum
641 2941 819 3024 admoniti,
852 2944 1031 3025 pecuniam
1063 2940 1214 3005 oblatam
1247 2939 1361 3005 levare

64 3059 236 3133 recusant,
250 3050 434 3134 taliterque
451 3051 722 3132 impignorantes
739 3053 773 3109 61
789 3049 941 3130 ipsorum
956 3069 1163 3112 successores
1173 3049 1210 3110 in
1220 3067 1361 3132 magnas

64 3181 232 3242 expensas
257 3159 354 3243 (quas
379 3161 415 3221 in
438 3154 670 3222 comitatibus
694 3157 729 3218 in
755 3157 1003 3219 extructionem
1036 3155 1303 3238 expeditionum,
1326 3161 1361 3217 et

65 3265 369 3350 praestolationem
401 3271 545 3328 eventus
584 3283 762 3326 causarum
795 3258 972 3345 ejusmodi,
1005 3284 1144 3348 erogare
1177 3261 1361 3348 coguntur)

64 3375 181 3456 ipsum
197 3374 367 3454 meritum,
391 3377 426 3435 et
450 3392 617 3437 summam
633 3372 942 3454 impignoratorum
958 3369 1133 3435 Bonorum
1149 3371 1360 3452 excedentes,

64 3481 105 3542 in
128 3499 299 3542 summurn
316 3473 563 3560 praejudicium
579 3484 613 3542 01
630 3476 794 3540 damnum
810 3476 994 3540 eorundem
1010 3477 1179 3541 adducere
1194 3477 1361 3541 solerent:

63 3587 226 3671 quocirca
250 3583 292 3647 ad
318 3582 486 3647 tollendas
511 3591 546 3646 et
579 3581 829 3648 abbreviandas
863 3589 915 3647 tot
947 3589 981 3647 et
1013 3589 1127 3648 tantas
1156 3586 1193 3648 in
1223 3583 1362 3668 quibus-

65 3690 155 3754 libet
180 3687 326 3754 Sedibus
351 3687 553 3753 Judioiariis
578 3710 751 3771 expensae
777 3695 812 3752 et
837 3687 881 3753 ob
906 3692 1069 3754 rariorem
1088 3690 1362 3755 Celebrationem

65 3797 210 3862 Sedium
225 3796 251 3861 J
251 3795 504 3879 udiciariarum,
529 3817 797 3880 concursumque
817 3799 854 3860 in
870 3797 992 3862 iisdem
1007 3799 1177 3884 gravioris
1197 3804 1362 3864 momenti

64 3923 255 3987 causarum,
284 3902 488 3986 decernitur,
511 3908 551 3966 ut
574 3904 708 3967 omissis
732 3905 769 3966 11
792 3901 915 3967 Sedem
943 3905 1171 3969 Judioiariam
1196 3905 1361 3972 Cottuum

66 4007 171 4094 hujus
203 4009 320 4094 Regni
358 4007 571 4092 quibuslibet
603 4008 906 4092 admonitionibus
939 4019 974 4075 et
1007 4011 1239 4094 citationibus
1264 4013 1362 4078 Vice-

65 4118 199 4200 comes,
223 4124 258 4181 et
283 4116 425 4182 Judices
449 4116 628 4182 Nobilium
652 4120 688 4181 in
713 4116 878 4202 partibus,
902 4117 1124 4184 Vico-Comes
1155 4119 1295 4202 quidem
1318 4120 1361 4184 ad

67 4227 121 4290 50.
145 4224 287 4290 Judices
311 4221 490 4287 Nobilium
513 4247 595 4290 vero
624 4227 667 4289 ad
701 4226 744 4289 25
776 4225 847 4290 flor.
881 4225 1132 4310 Hungarioales
1165 4221 1362 4308 hujusmodi

67 4331 163 4396 leves
188 4331 499 4416 Impignorationes
524 4331 631 4413 (salva
656 4331 880 4396 nihilominus
904 4333 996 4415 parti
1012 4330 1248 4396 succumbenti
1265 4339 1362 4396 extra

66 4439 278 4523 Dominium,
303 4438 345 4502 ad
371 4437 474 4502 Sedes
499 4437 666 4502 Cottuum
685 4434 787 4521 hujus
803 4437 918 4522 Regni
935 4437 1093 4502 Oroatiae
1109 4444 1144 4501 01
1161 4437 1361 4503 Sclavoniae

67 4545 299 4630 appellatione
324 4546 557 4629 permanente)
578 4544 734 4629 judicare
767 4547 899 4628 possint
928 4566 967 4608 ac
1000 4543 1147 4628 valeant,
1181 4547 1286 4610 etiam
1318 4547 1361 4610 ad

66 4657 288 4720 amissionem
312 4656 484 4737 pecuniae,
508 4657 626 4738 vigore
652 4653 863 4719 solummodo
887 4654 1075 4736 praesentis
1099 4655 1231 4719 statuti.
