3124 5216
1284 387 1348 453 735

55 597 260 654 memoratae
289 589 421 672 Regiae
451 587 682 653 Universitati
713 589 867 652 Budensi
895 587 999 652 titulo
1028 593 1210 670 perpetuae
1239 585 1348 663 Dotis,

56 705 92 760 et
116 695 346 760 Fundationis
369 701 506 758 nostrae
531 694 688 778 dandam,
712 703 747 758 et
764 693 1006 758 conferendam
1030 714 1101 756 esse
1122 692 1282 756 duximus
1300 695 1347 756 ita

55 803 236 868 videlicet:
255 809 295 866 ut
305 801 406 865 modo
417 799 490 865 fata
499 801 727 885 Universitas,
738 802 882 866 eandem
891 800 1080 864 Abbatiam
1090 821 1168 863 cum
1179 801 1348 863 universis

55 911 282 974 Pertinentiis
297 912 368 974 suis
384 909 409 974 J
410 931 469 973 ure
484 917 648 993 perpetuo
664 917 699 974 et
715 909 934 974 irrevocabili
951 908 1131 992 possidere,
1148 907 1348 992 fructusque

53 1026 88 1082 et
106 1018 335 1082 emolumenta
345 1014 498 1100 ejusdem
513 1019 684 1101 percipere
702 1019 817 1101 possit,
834 1023 934 1100 prout
951 1015 1081 1098 damus,
1097 1022 1131 1078 et
1142 1013 1348 1079 conferimus

53 1125 78 1190 J
79 1147 140 1190 ure
154 1131 327 1210 perpetue,
337 1127 387 1188 ita
405 1130 530 1207 tamen,
547 1131 582 1189 et
598 1147 637 1189 ea
654 1147 813 1209 expressa
829 1148 907 1190 cum
924 1125 1139 1206 Conditione,
1154 1129 1194 1186 ut
1215 1131 1350 1206 praeter

52 1232 210 1296 exolutas
231 1233 368 1315 praevia
385 1233 517 1296 ratione
538 1231 623 1296 alias
639 1231 909 1296 Fundationales
926 1230 1092 1312 Summas,
1108 1237 1142 1294 et
1159 1231 1348 1312 respective

53 1340 319 1422 anticipationes
338 1338 381 1402 ad
401 1340 569 1402 rationem
594 1337 768 1422 praefatae
791 1338 998 1404 Academiae
1016 1339 1147 1423 Regiae
1170 1335 1349 1400 Nobilium

54 1445 284 1510 Theresianae
309 1443 413 1508 titulo
436 1445 667 1509 Fundationis
690 1453 909 1528 assecuratas,
933 1455 967 1509 et
992 1448 1029 1509 in
1051 1444 1174 1508 Fundo
1203 1443 1349 1509 Univer-

53 1557 179 1632 sitatis‚
204 1574 242 1616 ac
266 1552 461 1637 specialiter
483 1551 655 1618 Abbatiae
687 1555 789 1619 huius
823 1553 1142 1618 Peos-Varadiensis
1171 1553 1349 1634 radicatae,

53 1661 213 1724 Sedecim
236 1659 333 1723 Mille
356 1659 521 1723 Florenos
549 1664 757 1746 angariatim
787 1685 846 1746 per
875 1662 1030 1740 Quatuor
1058 1661 1156 1725 Mille
1184 1660 1349 1724 Florenos

51 1789 252 1833 numerare:
278 1787 377 1850 porro
395 1767 438 1831 ad
459 1765 599 1832 Cassam
623 1769 854 1834 Parochorum
894 1769 897 1846 l
934 1789 1046 1832 annue
1071 1767 1131 1831 Bis
1151 1766 1247 1831 Mille
1271 1765 1350 1830 Flo-

53 1896 156 1940 renos
190 1873 389 1957 dependere,
422 1896 460 1938 ac
494 1875 542 1938 ita
575 1875 707 1959 reliqua
739 1897 873 1960 quoque
907 1875 1017 1939 Onera
1050 1877 1087 1938 in
1120 1873 1349 1957 praeallegato

51 1980 267 2065 computuali
298 1980 534 2044 Instrumenta
566 1982 777 2046 authoritate
806 1989 922 2046 nostra
950 1981 1061 2067 Regia
1080 1980 1248 2045 firmando
1272 2001 1350 2043 con-

51 2097 152 2154 tenta
177 2089 343 2173 depurare
371 2093 548 2170 teneatur,
577 2093 797 2174 caeteroquin
824 2099 941 2154 autern
969 2089 1112 2154 eandem
1139 2087 1348 2171 saepefatam

51 2200 330 2265 Universitatem
352 2195 397 2259 ab
420 2198 513 2259 omni
536 2197 580 2261 ad
605 2196 852 2262 Fortificatorii
876 2198 1016 2263 (lassam
1038 2197 1083 2261 ab
1106 2197 1170 2260 hac
1197 2194 1348 2259 Abbatia

51 2305 260 2390 praestando
299 2303 409 2367 Onere
443 2305 479 2366 in
513 2313 714 2387 perpetuum
753 2308 1023 2388 immunitamus,
1061 2327 1100 2368 ac
1139 2325 1206 2368 una
1245 2303 1349 2368 titulo

50 2411 246 2496 cujuspiam
269 2411 360 2475 Iuris
384 2409 574 2474 Saecularis
591 2412 714 2475 iisdem
730 2413 835 2477 Bonis
855 2435 1057 2498 quocunque
1073 2412 1177 2476 titulo
1195 2419 1349 2495 praeten-

50 2523 128 2584 sive
153 2520 372 2601 inhaerentis,
396 2519 531 2582 nullum
554 2519 662 2584 Nobis
685 2521 750 2585 Jus
774 2542 996 2604 reservamus
1024 2522 1083 2586 sed
1112 2527 1225 2584 totum
1253 2518 1349 2598 illud,

48 2627 223 2713 quidquid
244 2635 341 2710 esset,
361 2625 488 2710 absque
505 2626 575 2690 ulla
591 2628 781 2692 Reservata
798 2631 835 2693 in
851 2630 1062 2712 praedictam
1077 2628 1349 2693 Universitatem

49 2759 134 2800 cum
163 2737 257 2798 omni
289 2733 368 2798 Iure
401 2734 521 2818 Regio,
555 2738 584 2798 si
617 2737 707 2819 quod
742 2738 778 2799 in
811 2738 934 2800 iisdem
966 2738 1073 2800 Bonis
1105 2733 1349 2800 Abbatialibus

49 2845 139 2908 alias
164 2845 269 2907 etiam
296 2841 579 2926 qualitercunque
608 2843 819 2927 haberemus,
843 2853 903 2910 aut
928 2851 1080 2910 nostram
1107 2849 1349 2907 concenrerent

51 2949 275 3035 Majestatem
299 2949 407 3029 (salvo
436 2948 521 3013 Jure
551 2949 675 3030 alieno)
706 2959 869 3034 perpetuo
897 2951 1145 3032 transferimus,
1174 2950 1349 3030 donamus,

51 3069 87 3124 et
107 3057 325 3123 conferimus
342 3057 448 3120 Porro
465 3057 609 3135 eriato:
632 3057 833 3121 Dominium
846 3059 987 3142 proinde
1004 3057 1117 3142 Se'llye
1131 3079 1208 3121 cum
1224 3056 1349 3139 oppido

50 3166 179 3250 Se'llye,
196 3163 471 3229 Possessionibus
488 3167 571 3228 item
588 3188 627 3230 eo
643 3167 887 3249 spectantibus,
906 3175 941 3230 et
964 3168 1104 3252 quidem
1121 3168 1157 3228 in
1173 3164 1349 3230 Comitatu

50 3275 243 3338 Nittriensi
259 3274 471 3358 Cis-Vagum
490 3273 720 3358 Kirdlyfalva,
739 3275 848 3339 altera
867 3297 949 3340 vero
965 3276 1226 3360 Trans-Vagam
1242 3273 1349 3336 Hosa-

52 3381 192 3446 sziifalir
208 3389 339 3465 vocata,
356 3384 458 3445 tertia
471 3384 554 3445 item
564 3385 601 3446 in
611 3381 787 3447 Comitatu
803 3384 1003 3448 Posoniensi
1018 3381 1126 3447 Pered
1144 3387 1349 3464 nuncupata,

52 3513 95 3554 ac
136 3490 284 3574 denique
322 3511 413 3554 nunc
453 3492 639 3553 recensitae
683 3489 909 3555 Possessionis
951 3491 1100 3555 Terreno
1138 3490 1350 3553 contermino

51 3598 203 3661 Praedio
227 3596 445 3679 Kiraly-Rev
469 3605 674 3679 nuncupato,
699 3599 936 3682 universisque
960 3619 1162 3682 quocunque
1186 3597 1286 3660 modo
1305 3597 1347 3659 ad

51 3707 149 3769 idem
187 3705 387 3769 Dominium
425 3705 661 3788 spectantibus
700 3707 935 3789 Pertinentiis,
973 3729 1079 3791 aeque
1119 3707 1349 3772 Univeisitati

51 3814 211 3876 Budensi
239 3812 343 3875 titulo
371 3812 617 3877 translatorum
645 3813 785 3878 Jurium
813 3814 1061 3880 Universitatis
1094 3815 1349 3899 Tymaviensis,

51 3925 108 3984 uti
134 3941 235 4003 supra
260 3921 447 3984 deductum
471 3927 531 4002 est,
556 3919 709 4005 alioquin
733 3931 937 4006 1111111111,
961 3925 1060 4007 quasi
1083 3923 1125 3985 de
1149 3942 1238 3984 novo
1272 3941 1348 3982 cum

51 4030 150 4091 omni
174 4027 259 4092 ι1111
283 4027 395 4112 Regio
424 4026 553 4109 damus,
584 4027 758 4110 donamus
782 4035 817 4091 et
841 4029 1048 4093 conferimus
1077 4029 1156 4092 Iure
1186 4035 1349 4110 perpetuo

53 4134 310 4217 possidendum,
334 4133 528 4197 usuandum
555 4142 590 4198 et
619 4136 815 4198 tenendum.
844 4136 954 4213 Quam
984 4138 1124 4220 proinde
1153 4138 1348 4199 universam

53 4243 197 4325 praevio
213 4241 313 4304 modo
329 4243 533 4304 recensitam
549 4242 706 4326 Massam,
717 4245 753 4305 in
762 4251 931 4326 quantum
947 4244 1030 4307 haec
1046 4267 1105 4308 seu
1122 4241 1349 4326 peculiaribus

52 4351 123 4431 piis
155 4348 433 4412 Fundationibus
473 4349 624 4413 hucdum
657 4371 726 4414 non
764 4351 910 4433 addicta,
944 4373 1003 4414 seu
1035 4351 1188 4437 generali
1226 4351 1349 4414 Fundo

52 4455 259 4518 Studiorum
300 4459 437 4538 praevia
476 4458 608 4519 ratione
648 4457 817 4521 attributa
857 4479 926 4521 1111
965 4466 1055 4538 1111,
1094 4481 1154 4542 pro
1192 4479 1349 4541 supremo

52 4563 266 4626 Patronatus
305 4565 414 4625 nostri
454 4563 558 4648 Regii
597 4563 684 4640 Iure,
724 4585 792 4648 quo
824 4573 863 4628 ut
897 4566 972 4629 Rex
1007 4568 1206 4653 Hungariae
1240 4569 1349 4630 instar

50 4668 224 4754 gloriosae
253 4669 544 4733 Reminiscentiae
574 4671 798 4734 Praedeoesso
819 4673 822 4751 l
845 4693 921 4736 rum
954 4681 1148 4740 nostrorum
1180 4674 1348 4738 Diuorum
