3154 5202
238 365 309 429 '418

240 584 505 647 successereque,
528 583 612 648 quos
636 562 818 626 vernaculo
834 583 988 626 sermone
1011 561 1225 626 Hussarones
1240 562 1433 646 appellant,
1462 567 1543 642 puto
1570 631 1571 638 ,

241 669 410 736 facilitate
442 671 625 752 militandi,
667 691 897 755 equorumque
922 669 1121 735 Turcalium
1142 669 1301 754 agilitate
1335 669 1465 734 illecti.
1491 667 1542 731 vel
1570 655 1571 664 ¹

240 779 362 861 potius,
386 777 477 862 quod
510 799 552 841 ex
576 776 744 841 bellorum
768 776 907 841 licentia
939 775 1096 841 omnibus
1120 774 1323 841 mortalibus
1347 777 1542 840 usuvenire

239 885 334 966 solet,
359 890 398 948 ut
422 887 507 948 victi
531 886 568 948 in
590 886 761 950 victorum
791 904 901 947 mores
924 881 1047 947 abiere.

345 991 453 1058 Arma
477 993 546 1057 illis
570 996 673 1058 cassis
697 993 871 1077 chalyben,
899 992 1004 1057 lorica
1027 991 1175 1072 hamata,
1197 991 1335 1076 gladius
1359 991 1542 1055 Turcicus

241 1099 374 1164 zablam
398 1101 527 1184 dicunt,
552 1104 588 1166 in
612 1105 750 1167 sinistra
775 1102 923 1186 clypeus,
946 1104 1006 1186 qui
1029 1108 1139 1166 totam
1163 1099 1338 1165 thoracem
1371 1112 1412 1164 et
1437 1113 1540 1183 capnt

240 1214 346 1292 tegat,
369 1209 406 1271 in
422 1207 543 1272 dextra
567 1208 763 1273 chirotheca
778 1208 888 1273 ferrea
912 1215 947 1273 ct
971 1209 1088 1272 lancea
1111 1229 1190 1272 eum
1204 1207 1361 1272 fiameolo
1385 1208 1540 1293 quodam

240 1317 366 1380 sericeo
389 1315 453 1379 sub
486 1317 625 1400 cuspide
648 1319 820 1400 apposit0;
845 1319 924 1402 equi
962 1319 1059 1397 varii,
1088 1317 1148 1380 sed
1180 1313 1316 1379 Turcici
1349 1318 1540 1398 praecipui

240 1444 372 1488 summo
397 1424 587 1488 discrimini
618 1432 767 1506 servant,
791 1425 882 1510 quod
916 1430 951 1488 et
974 1423 1159 1488 velociores
1192 1430 1280 1504 sunt,
1304 1430 1340 1487 et
1373 1422 1539 1507 agiliores

240 1533 391 1613 caeteris,
424 1533 550 1617 quique
582 1534 619 1594 in
642 1538 822 1617 utramque
854 1553 994 1594 manum
1018 1529 1196 1594 versatiles
1228 1551 1309 1612 csse,
1337 1537 1375 1593 et
1400 1551 1539 1614 procur·

240 1638 339 1702 rendi
361 1661 400 1702 ac
423 1639 629 1720 recurrendi,
644 1659 713 1703 non
735 1639 828 1703 ultra
852 1645 962 1703 certos
985 1659 1143 1702 numeros
1173 1637 1372 1701 educentur.

348 1747 540 1829 Caeterum,
563 1769 670 1831 quum
692 1746 756 1810 hae
779 1749 935 1810 nationes
959 1755 1030 1810 tam
1059 1745 1214 1809 diversae
1238 1753 1367 1808 terram
1391 1742 1534 1807 eandem

241 1853 403 1936 incolant,
428 1861 526 1918 tanta
550 1855 729 1918 concordia
762 1861 797 1916 et
820 1855 1012 1917 animorum
1044 1873 1209 1917 consensu
1234 1854 1326 1916 inter
1349 1873 1427 1914 sese
1461 1852 1533 1914 sint.

240 1967 280 2024 ut
313 1963 439 2026 mirum
478 1960 566 2024 nihil
598 1963 716 2045 magis.
740 1961 787 2026 Et
826 1962 855 2024 si
888 1961 1062 2024 interdum
1095 1959 1299 2024 tumultuari
1337 1961 1535 2043 contigerit.

240 2068 460 2152 quodetiam
492 2070 584 2132 inter
607 2067 732 2132 fratres
765 2067 851 2133 solet
875 2070 1022 2149 evenne,
1055 2089 1134 2132 mcx
1163 2075 1303 2131 externo
1335 2073 1536 2151 emergente

239 2175 337 2239 hoste
361 2177 398 2239 in
421 2183 578 2242 mutuam
600 2179 750 2260 gratiam
773 2176 927 2254 redeunt,
951 2197 1052 2259 seque
1071 2183 1107 2238 et
1130 2197 1191 2239 sua
1215 2176 1301 2238 mira
1324 2175 1537 2238 dexteritate

241 2290 276 2346 et
299 2289 373 2346 arte
397 2284 513 2347 tutari.
541 2283 640 2360 Quod
663 2283 720 2346 vel
743 2282 797 2346 his
820 2289 874 2346 tot
890 2281 1134 2366 Hungarorum
1158 2279 1322 2364 cladibus,
1345 2303 1537 2366 regumque

241 2390 489 2456 mutationibus
505 2389 604 2454 licuit
620 2411 866 2475 recognoscere,
882 2410 1014 2472 semper
1036 2391 1128 2452 enim
1146 2387 1311 2452 hactenus
1328 2389 1537 2452 incolumem

243 2499 390 2580 patriam
422 2519 442 2561 a
474 2497 565 2561 ferro
599 2505 634 2560 et
657 2496 793 2560 flamma
831 2517 1020 2560 servavere.
1049 2494 1175 2558 Omnes
1207 2503 1323 2559 autem
1348 2517 1409 2578 per
1442 2497 1539 2558 sein

243 2613 375 2688 septem
407 2604 504 2669 sedes
537 2605 808 2688 distinguuntur.
841 2601 1033 2668 Siculorum
1066 2599 1129 2664 hae
1155 2609 1254 2665 sunt:
1286 2601 1474 2666 Udvarhel
1507 2620 1537 2665 et

241 2713 421 2794 Kereztur,
457 2711 559 2795 Ohyk
598 2720 633 2774 et
670 2711 832 2795 Gyorgio,
846 2717 871 2756 ²1
913 2710 1036 2792 Mares,
1074 2709 1212 2794 Kyzdy,
1251 2709 1367 2794 Sepsy,
1408 2709 1540 2794 Orbay.

240 2819 415 2904 Aranyas3
435 2819 626 2883 Saxonum:
649 2819 848 2901 Zaazvaros,
863 2816 974 2899 Sebes,
999 2815 1174 2898 Zerdahel,
1198 2815 1321 2898 Zeben,
1341 2816 1504 2902 Olthyan
1516 2821 1541 2860 ¹²

241 2928 371 3013 Syngh,
387 2927 524 3013 Kyzdy.
538 2933 563 2970 ¹³
582 2927 742 3011 Hungari
761 2929 944 2990 comitatus
959 2932 1102 2991 vocant:
1126 2924 1321 3006 Albensem,
1338 2923 1540 2988 Kikullien-
1570 2905 1571 2936 ¹

241 3058 320 3119 sem,
344 3036 453 3118 Solos,
477 3033 629 3112 Doboka,
653 3033 793 3118 Zolnoh,
825 3032 962 3098 Thorda
987 3041 1020 3096 et
1044 3032 1215 3116 Hunyad;
1239 3031 1364 3116 quibus
1388 3031 1540 3118 singulis

240 3145 330 3228 apud
355 3141 487 3207 Siculos
511 3151 545 3208 et
569 3143 762 3225 Hungaros,
795 3143 944 3224 comites,
968 3142 1045 3220 viri,
1070 3141 1129 3224 qui
1160 3147 1195 3203 et
1215 3136 1294 3222 jura-
1318 3138 1472 3203 calleant
1507 3161 1537 3203 er

240 3251 502 3337 magistratibus
535 3249 700 3313 obeundis
738 3247 924 3330 sufficiant,
958 3247 1219 3331 praeficiuntur;
1251 3247 1343 3330 apud
1381 3246 1539 3312 Saxones

239 3357 371 3443 judices
395 3360 491 3443 regii.
515 3358 615 3422 Unde
639 3364 775 3420 servato
799 3356 836 3418 in
859 3353 950 3417 hunc
974 3353 1113 3417 modum
1146 3353 1274 3436 ordine,
1299 3355 1373 3418 sive
1396 3353 1439 3417 ad
1469 3353 1539 3418 bel-

241 3467 313 3531 lum
337 3466 510 3549 expeditio
543 3464 592 3547 fit,
616 3467 689 3527 sive
712 3464 800 3547 regii
832 3483 952 3525 census
983 3463 1179 3546 exiguntur,
1203 3469 1264 3526 aut
1295 3461 1378 3546 quid
1404 3460 1479 3524 tale
1504 3463 1538 3524 iu

242 3576 413 3638 communi
437 3573 609 3658 agendum
633 3573 686 3653 sit,
720 3572 807 3633 citra
831 3591 929 3634 omne
962 3571 1149 3652 negotium,
1173 3575 1208 3632 et
1232 3589 1337 3652 parvo
1370 3575 1538 3650 ternpore.

242 3703 327 3766 quae
351 3679 474 3744 volunt
491 3677 680 3763 perficiunt.
704 3677 820 3761 Atque
843 3675 991 3740 arbitror
1007 3675 1095 3739 hanc
1111 3682 1242 3758 septem
1265 3674 1399 3738 sedium
1425 3674 1537 3759 cujus-

193 3787 197 3796 “
241 3811 306 3874 que
330 3786 403 3871 ejus
427 3788 684 3852 distinctionem
716 3791 889 3866 eseptem
913 3785 1041 3866 castris,
1074 3790 1211 3848 vetusto
1245 3781 1537 3866 'l'ranssylvaniae

241 3898 377 3960 nomine
402 3897 605 3979 provenisse.
621 3893 711 3957 Nam
735 3899 774 3954 ut
799 3889 950 3954 chronici
969 3890 1214 3974 Hungarorum
1238 3889 1390 3972 tradunt,
1411 3913 1537 3955 exeun-

242 4001 335 4066 tibus
366 4003 503 4068 Hunnis
537 4021 661 4084 magno
693 4019 771 4062 cum
803 4007 902 4061 coetu
934 3997 1164 4060 Hominume
1198 3996 1349 4081 Scythia,
1374 3999 1536 4062 intranti-

241 4109 371 4194 busque
403 4112 440 4172 in
471 4111 691 4192 provinciam,
725 4127 810 4190 quae
845 4126 934 4168 nunc
965 4104 1103 4168 Erdewl
1147 4113 1299 4186 vocatur,
1333 4107 1371 4168 in
1404 4117 1535 4188 septem

299 4312 317 4338 ¹¹
337 4300 546 4371 Helyesebben
565 4298 713 4372 Gyergyd.
941 4297 1085 4368 hibnyzik
1098 4315 1115 4350 a
1129 4297 1303 4352 Veranosics
1325 4297 1463 4352 korbban
1476 4299 1536 4352 mar

298 4397 319 4425 ¹⁸
341 4379 551 4460 Valdszintileg
609 4387 833 4460 Ujegyhbzszek
942 4385 1103 4440 feunallott
1121 4386 1174 4442 ket
1192 4387 1283 4458 rijabb
1305 4388 1431 4443 credetil
1452 4389 1535 4444 szek:

242 4477 306 4548 regi
325 4478 402 4532 latin
421 4495 497 4532 neve
516 4478 633 4532 Olerna.
942 4475 1085 4546 Medgyes
1107 4475 1138 4529 es
1166 4476 1242 4546 Selk,
1271 4475 1402 4530 tovtbbs
1433 4477 1537 4532 Brussd

299 4577 319 4605 ¹⁸
338 4566 520 4622 Sztsz-Ke'zd
540 4566 685 4638 Segesvar
706 4566 832 4620 mellett.
943 4563 973 4619 es
992 4565 1162 4618 Besztercze
1182 4565 1297 4620 videke.

243 4659 269 4710 A
288 4657 368 4711 suasa
388 4655 494 4711 szekek
514 4673 584 4710 ezen
604 4655 833 4711 felscrolisdban
