3124 5216
220 341 285 408 682

220 539 402 623 defectum,
435 540 478 604 ad
510 539 659 625 Regiam
691 539 864 624 Ungariae
897 540 1076 622 Coronam,
1104 540 1301 626 Partesque,
1324 540 1459 626 Regna,
1483 547 1518 604 et

220 647 429 729 Provincias,
462 645 505 710 ad
538 646 683 710 eandem
716 645 855 710 Sacram
893 647 1062 712 Coronam
1102 649 1321 730 pertinentes,
1359 648 1518 710 unanimi

220 754 469 819 Universorum
501 752 664 817 Statuum
697 759 732 817 et
771 751 940 818 Ordinum
977 753 1102 838 Regni,
1140 753 1366 838 Partiumque
1403 753 1517 818 eidem

220 883 432 925 annexarum
456 859 564 925 libero
587 867 670 926 voto
695 860 959 944 proclamatum
984 869 1019 924 et
1043 883 1102 945 per
1125 861 1299 926 solennem
1317 861 1519 926 Eorundem

220 967 382 1032 Statuam
415 975 450 1032 et
483 967 652 1032 Ordinum
684 967 728 1032 ad
762 967 1035 1032 Sacratissimam
1067 967 1277 1050 Caesaream,
1309 974 1344 1032 et
1367 969 1519 1053 Regiam

220 1072 448 1158 Majestatem,
472 1075 644 1139 Viennam
667 1075 864 1158 expeditam
887 1074 1156 1158 Deputationem
1182 1082 1362 1158 vocatum,

329 1179 357 1266 ξ.
381 1184 410 1246 2.
433 1183 482 1247 Et
505 1179 673 1266 ejusmodi
692 1182 901 1246 oblationem
919 1190 992 1247 tam
1009 1185 1071 1267 pie,
1087 1190 1123 1248 et
1139 1183 1331 1266 clementer,
1347 1189 1520 1268 gratoque

219 1292 333 1356 animo
358 1297 551 1374 acceptare3
584 1297 619 1354 et
650 1289 805 1355 fidelium
829 1290 1000 1374 Statuum,
1023 1298 1058 1355 et
1082 1290 1251 1356 Ordinum
1274 1311 1414 1356 suorum
1440 1292 1518 1374 piis,

220 1420 259 1461 ac
283 1396 499 1463 Salutaribus
520 1397 629 1480 Votis,
653 1419 722 1462 non
745 1405 883 1462 tantum
906 1421 1055 1464 annuere
1080 1398 1223 1484 dignata
1246 1404 1352 1478 esset;

327 1502 355 1589 ξ.
384 1506 413 1569 3.
445 1505 512 1570 Sed
546 1502 713 1588 ejusmodi
745 1508 783 1569 in
815 1505 917 1570 Sacra
949 1506 1064 1592 Regni
1096 1506 1271 1592 Ungariae
1304 1505 1449 1587 Corona,
1481 1513 1520 1568 et

221 1611 391 1696 Partibus,
433 1613 566 1698 Regnis
605 1618 640 1676 et
679 1613 872 1677 Provinciis
914 1612 1026 1676 eidem
1068 1615 1209 1677 annexis
1252 1611 1520 1687 Successionem,

220 1718 347 1802 eodem,
371 1742 438 1806 quo
461 1719 692 1784 Masculorum
716 1721 1014 1805 Primogeniturae
1048 1719 1186 1800 Ordine,
1218 1720 1406 1785 secundum
1440 1741 1521 1784 nor-

219 1847 310 1891 mam
333 1831 371 1892 in
394 1828 535 1912 reliquis
560 1828 647 1892 Suae
670 1824 865 1910 Majestatis
888 1827 1145 1892 Sacratissimae
1168 1827 1301 1913 Regnis
1320 1833 1355 1891 et
1371 1828 1521 1892 Provin-

220 1941 282 2002 ciis
305 1936 565 2018 Haereditariis,
589 1937 634 2018 in,
658 1943 693 2000 et
716 1942 815 1999 extra
837 1934 1059 1999 Germaniam
1082 1937 1168 2016 sitia,
1187 1932 1261 2018 jam
1284 1957 1344 2018 per
1359 1935 1520 1999 Eandem

220 2045 423 2126 ordinatam,
446 2042 647 2126 stabilitam,
665 2042 884 2126 publicatam,
907 2049 943 2108 et
975 2051 1197 2127 acceptatam,
1230 2041 1522 2125 inseparabilite-r,

219 2152 407 2236 habitaque
430 2153 468 2214 in
489 2151 659 2236 graduum
683 2150 901 2236 aequalitate,
925 2148 1078 2233 ejusdem
1102 2151 1229 2214 Lineae
1249 2151 1522 2233 Praerogativae

220 2259 453 2325 Masculorum
476 2260 618 2340 ratione,
642 2258 757 2343 dirigi,
781 2259 911 2322 servari
935 2265 970 2322 et
993 2258 1160 2322 custodiri
1183 2257 1307 2338 vellet,

329 2362 356 2449 §.
380 2365 410 2428 4.
433 2364 498 2447 Ita,
522 2371 562 2428 ut
589 2363 659 2446 illa,
691 2365 748 2429 vel
780 2364 953 2428 Masculus
985 2362 1152 2448 Ejusdem
1185 2365 1324 2446 Haeres,
1357 2365 1427 2450 qui,
1461 2362 1521 2426 vel

220 2495 315 2558 quae,
343 2474 605 2556 praemissorum
639 2470 817 2557 Augustae
850 2471 981 2536 Domus
1013 2471 1215 2536 Austriacae
1247 2473 1451 2557 Regnorum
1486 2477 1523 2533 et

221 2581 482 2644 Provinciarum
505 2579 645 2660 Haeres,
665 2575 767 2661 juxta
790 2585 1014 2643 memoratam
1038 2599 1192 2642 normam
1208 2579 1523 2663 Primogenitnrae,

221 2690 257 2750 in
280 2686 439 2772 Augusta
463 2686 572 2750 Domo
595 2685 779 2750 Austriaca
795 2693 967 2769 receptam
982 2688 1126 2768 existet;
1142 2685 1261 2750 eodem
1278 2685 1523 2768 Successionis,

222 2816 281 2877 pro
305 2795 368 2875 his,
391 2801 427 2858 et
451 2793 579 2858 futuris
602 2792 863 2878 quibuscunque
882 2792 1025 2876 casibus,
1041 2793 1283 2858 Haereditario
1299 2793 1394 2874 Jure,
1410 2795 1521 2857 etiarn

222 2921 281 2984 pro
292 2899 471 2965 infallibili
487 2900 583 2984 Rege
600 2899 783 2984 Ungariae,
800 2899 1033 2986 Partiumque,
1050 2900 1250 2985 Regnorum
1266 2907 1301 2963 et
1318 2899 1521 2963 Provincia-

221 3031 297 3072 rum
335 3008 447 3072 eidem
485 3027 705 3090 annexarum,
743 3028 849 3090 aeque
897 3006 1160 3072 indivisibiliter
1202 3005 1520 3091 intelligendarum

220 3114 397 3196 habeatur,
421 3121 456 3177 et
479 3122 668 3177 coronetur.

327 3222 436 3286 Artic.
470 3221 499 3284 2.
532 3220 685 3284 Tametsi
719 3220 806 3284 Suae
835 3219 1091 3284 Sacratissimae
1116 3219 1301 3286 Caesareae
1324 3227 1360 3284 et
1383 3219 1518 3305 Regiae

221 3327 414 3412 Majestatis
437 3327 574 3392 Fideles
598 3327 717 3392 Status
740 3335 775 3391 et
799 3326 944 3392 Ordines
960 3328 1075 3413 Regni
1090 3327 1274 3413 Ungariae,
1290 3328 1518 3412 Partiumque

221 3437 334 3501 eidem
362 3455 581 3516 annexarum,
605 3434 770 3499 Vividam
794 3443 829 3498 et
851 3433 1038 3516 florentem,
1062 3437 1258 3520 optimeque
1290 3435 1519 3500 constitutam

221 3545 393 3626 Aetatem,
418 3543 517 3607 Vires
542 3547 577 3605 et
601 3541 847 3606 Valetudinem
870 3543 1134 3623 conspicientes;
1159 3541 1375 3626 Divinaeque
1409 3542 1519 3606 Bene·

221 3653 366 3716 dictioni
390 3671 493 3736 quam
517 3651 646 3732 optime
670 3646 806 3731 confisi;
829 3648 986 3713 Eandem
1010 3648 1156 3734 Magnis,
1172 3657 1208 3712 et
1223 3649 1391 3714 Gloriosis
1410 3649 1520 3712 Sexus

221 3759 407 3823 Maseulini
446 3754 713 3838 SuccessoribuS,
751 3757 794 3820 ad
835 3779 971 3839 praeces
1010 3778 1144 3842 quoque
1182 3757 1337 3822 fidelium
1377 3777 1519 3820 suorum

221 3865 392 3946 Statuum,
425 3885 464 3927 eo
497 3861 565 3926 fine
597 3862 640 3926 ad
673 3861 786 3926 Deum
818 3863 885 3926 Ter
909 3862 1088 3946 Optimum
1111 3863 1214 3946 fusae,
1238 3871 1273 3928 et
1306 3866 1520 3928 incessanter

221 3969 423 4054 fundendas,
454 3969 646 4054 largissime
678 3968 964 4035 benedicendam:
992 3978 1028 4034 et
1051 3972 1260 4036 indesinenti
1283 3970 1520 4036 Masculorum

221 4080 418 4143 Haeredum
441 4098 580 4141 suorum
604 4077 723 4140 ordine
746 4077 865 4142 fideles
890 4078 1008 4143 Status
1031 4079 1146 4164 Regni
1179 4077 1404 4144 consolandos
1440 4076 1520 4142 fore.

221 4187 278 4250 vel
301 4187 449 4250 maxime
478 4181 707 4266 confiderent;

329 4290 356 4376 ξ.
382 4294 410 4356 1.
433 4292 521 4368 Quia
544 4310 626 4354 vero
650 4293 803 4374 apprime
826 4294 931 4357 etiam
956 4302 1170 4376 perspectum
1192 4292 1378 4375 haberent;
1404 4293 1524 4380 Reges
1558 4321 1560 4406 ,

222 4403 358 4483 pariter,
381 4408 416 4465 et
439 4399 625 4480 Principes,
649 4399 783 4483 aequali
806 4399 951 4464 aliorum
974 4400 1151 4465 hominum
1184 4401 1411 4465 mortalitatis
1436 4401 1527 4466 sorti
1557 4409 1559 4500 1

222 4503 392 4586 subjectos
425 4527 531 4584 essse3
564 4509 697 4567 mature
731 4506 881 4587 proinde,
914 4514 949 4569 et
981 4507 1135 4571 consulto
1168 4506 1432 4590 perpendentes,
1462 4516 1528 4573 tot.
1558 4509 1559 4516 '

223 4618 258 4672 et
287 4618 393 4692 tanta,
418 4633 495 4674 cum
521 4609 824 4675 Praedecessorum
855 4613 942 4677 Suae
975 4613 1230 4678 Sacratissimae
1261 4615 1468 4700 Caesareae,
1496 4627 1527 4678 et
