3192 5214
202 335 266 402 124

200 555 362 619 ponemus
386 542 490 620 atque
507 536 590 618 poni
603 533 801 601 nullatenus
818 535 1065 618 permittemus,
1084 533 1144 599 sed
1158 532 1321 600 honestos
1344 533 1496 615 clericos,

198 643 263 727 qui·
274 661 344 724 non
358 643 403 706 ad
418 642 643 726 voluptatem,
653 644 713 709 sed
729 645 773 708 ed
789 644 1028 722 necessitatem
1037 644 1151 708 victus
1167 642 1210 710 de
1226 643 1378 725 ipsarum
1388 639 1496 706 eccle-

199 751 327 814 siarum
349 747 451 814 rebus
474 749 649 814 moderate
676 751 847 834 accipiant
870 748 1000 815 ibidem
1023 749 1253 831 instituemus,
1277 749 1339 834 qui
1362 747 1494 835 reliqua

199 857 313 920 omnia
328 855 417 922 bona
433 855 501 922 fide
510 865 546 922 et
562 859 635 922 sine
651 857 773 922 fraude
789 857 833 922 ad
850 855 1161 921 reaedificationem
1175 853 1495 938 ipsarumecclesia-

143 964 145 972 ’
199 983 276 1027 rum
299 969 334 1028 et
358 964 538 1029 domorum
560 964 805 1046 episcopalium
829 985 890 1028 seu
913 965 1162 1046 canonicorum,
1185 962 1230 1027 ed
1253 983 1334 1026 usus
1358 980 1495 1047 quoque

199 1089 387 1154 pauperum
418 1071 603 1136 viduarum
626 1077 661 1136 et
694 1068 924 1156 orphanorum
955 1070 1106 1136 fideliter
1129 1069 1278 1136 debeant
1309 1089 1495 1134 asservare.

306 1175 378 1243 Nos
400 1197 483 1244 vero
505 1185 542 1244 et
565 1181 693 1262 posteri
716 1182 826 1244 nostri
849 1179 938 1244 nihil
961 1199 1113 1264 unquam
1136 1178 1179 1242 de
1202 1175 1440 1242 iisdemrebus
1456 1176 1496 1240 in

199 1303 280 1347 usus
305 1286 458 1368 proprios
490 1285 636 1350 ulterius
668 1286 872 1370 redigemus,
904 1275 972 1349 nisi
1003 1282 1103 1366 forte,
1126 1284 1219 1372 quod
1242 1283 1342 1366 absit,
1377 1281 1495 1348 hostes

199 1392 298 1476 regni
320 1413 426 1475 manu
448 1391 565 1456 valida
588 1391 673 1457 fines
696 1393 804 1477 ipsius
837 1383 936 1480 regni
965 1393 1184 1476 intraverint,
1207 1391 1264 1458 vel
1287 1390 1402 1478 aliqua
1425 1389 1495 1454 alia

199 1502 443 1584 urgentissima
481 1503 666 1566 necessitas
706 1501 941 1586 postulaverit,
974 1508 1010 1565 et
1048 1507 1132 1566 tunc
1170 1521 1305 1586 quoque
1343 1499 1380 1564 id
1420 1501 1495 1564 sine

199 1609 435 1691 episcoporum
458 1607 599 1674 consilio
623 1631 692 1674 non
716 1609 889 1676 faciemus.

306 1713 478 1781 Addimus
502 1717 608 1780 etiam
632 1723 667 1782 et
691 1715 818 1800 robore
835 1717 1035 1782 inconcusso
1060 1722 1132 1780 tam
1155 1713 1314 1798 innobis
1337 1734 1441 1800 quam
1457 1715 1497 1778 in

200 1824 344 1904 posteris
376 1823 503 1888 nostris
528 1831 692 1907 perpetuo
725 1824 978 1891 observandum
1010 1823 1204 1905 statuimus,
1236 1821 1329 1907 quod
1361 1820 1496 1906 regales

200 1930 385 2012 praepositi
416 1929 474 1994 vel
505 1928 648 1996 abbates
687 1932 730 1996 de
768 1933 838 1996 suis
877 1930 1120 2014 praeposituris
1158 1927 1216 1992 vel
1253 1926 1404 1992 abbatiis
1434 1949 1496 1991 seu

199 2034 431 2120 dignitatibus
450 2058 519 2102 non
541 2060 561 2101 a
584 2039 689 2130 ruodo¹
710 2041 933 2123 deponentur,
956 2038 994 2102 in
1009 2036 1073 2102 hac
1093 2033 1334 2101 consuetudini
1357 2043 1495 2100 nostrae

200 2143 361 2228 antiquae
385 2149 451 2228 per
468 2165 530 2210 nos
554 2154 589 2210 et
613 2155 766 2230 posteros
798 2153 932 2211 nostros
965 2145 1214 2227 renunciantes,
1249 2143 1318 2212 nisi
1341 2141 1495 2208 infauste

200 2269 280 2314 casu
303 2253 529 2338 contingeret,
544 2275 601 2319 eos
620 2276 723 2338 super
745 2263 838 2320 certo
854 2255 996 2320 crimine
1013 2254 1174 2318 canonico
1191 2251 1310 2316 ordine
1327 2251 1496 2332 convinci,

199 2359 256 2423 vel
280 2361 409 2426 crimen
432 2382 529 2426 suam
553 2361 689 2446 publice
713 2361 877 2428 confiteri.

306 2467 364 2532 Ad
387 2465 472 2532 haec
495 2465 635 2533 Cosmas
658 2469 933 2553 archiepiscopus
965 2467 1169 2550 Colooensis,
1202 2486 1319 2530 omnes
1343 2466 1496 2548 episcopi

200 2579 235 2638 et
258 2575 369 2659 electi,
392 2575 524 2661 regales
548 2577 734 2660 praepositi
757 2584 793 2642 et
816 2575 968 2660 abbates,
995 2572 1268 2640 munificentiam
1292 2595 1331 2638 ac
1355 2570 1497 2637 liberta-

198 2691 279 2766 tem,
302 2703 406 2768 quam
430 2703 490 2766 pro
514 2685 707 2748 reverentia
731 2681 825 2750 beati
848 2683 945 2748 Petri
968 2691 1004 2748 et
1027 2681 1235 2748 sanctissimi
1254 2702 1361 2764 papae
1384 2685 1496 2747 nostri

199 2788 400 2874 Alexandri,
423 2811 486 2855 nec
509 2811 579 2855 non
601 2797 637 2854 et
660 2790 707 2856 M.
729 2783 938 2856 venerabilis
966 2791 1102 2858 diaconi
1134 2788 1327 2872 cardinalis,
1360 2797 1496 2872 aposto-

199 2895 285 2960 licae
317 2898 408 2962 sedis
449 2897 557 2984 legati
598 2897 665 2962 sibi
697 2901 924 2964 concessimus
961 2898 1189 2981 attendentes,
1223 2917 1365 2980 pravam
1397 2917 1496 2960 suam

200 3004 482 3069 consuetudinem
505 3013 540 3069 et
564 3006 722 3071 omnibus
746 3005 933 3071 canonibus
949 3003 1157 3087 obviantem,
1180 3024 1284 3089 quam
1307 3003 1345 3066 in
1367 3003 1496 3067 instru-

199 3111 297 3177 endis
331 3117 366 3176 et
399 3112 617 3177 destruendis
643 3115 845 3197 praepositis
879 3121 915 3178 et
947 3111 1024 3178 aliis
1057 3109 1289 3198 dignitatibus
1321 3117 1357 3174 et
1389 3111 1496 3175 eccle-

200 3219 346 3284 siasticis
380 3217 555 3284 beneficiis
587 3219 830 3285 subtrahendis
863 3219 1077 3302 exercebant,
1102 3221 1140 3284 in
1171 3239 1292 3283 manus
1326 3217 1497 3302 praedicti

200 3327 383 3392 cardinalis
408 3329 544 3410 penitus
569 3327 791 3414 reliquerimt.

307 3433 409 3501 Unde
433 3435 605 3499 communi
630 3455 796 3500 consensu
827 3442 863 3499 et
896 3433 1004 3500 libera
1028 3421 1160 3498 'eorum'
1186 3434 1341 3498 omnium
1372 3431 1496 3498 voluu-

198 3550 271 3608 tate
304 3541 526 3626 decernimus,
567 3551 603 3607 et
635 3543 884 3610 inviolabiliter
917 3544 1088 3626 praesenti
1127 3541 1310 3626 privilegio
1342 3540 1495 3606 valituro

200 3657 363 3736 perpetuo
396 3650 600 3734 stabilimus,
632 3652 723 3738 quod
756 3650 845 3716 nulli
861 3650 1216 3738 archiepiscoporum,
1247 3651 1495 3733 episcoporum,

199 3757 394 3840 electorum,
428 3760 706 3842 praepositorum,
738 3757 904 3824 abbatum
937 3757 1097 3840 deinceps
1129 3755 1270 3821 licentia
1302 3763 1419 3840 pateat
1451 3757 1495 3823 de

200 3865 444 3950 praeposituris
476 3886 554 3930 suos
585 3868 794 3949 praepositos
826 3887 1010 3950 removere,
1040 3865 1098 3931 vel
1129 3864 1213 3928 alias
1246 3863 1494 3931 ecclesiasticas

199 3994 359 4057 personas
392 3973 461 4036 suis
496 3972 728 4059 dignitatibus
760 3980 821 4038 aut
853 3973 1092 4038 ecclesiasticis
1129 3970 1306 4036 beneficiis
1346 3974 1495 4058 privare,

199 4082 267 4144 nisi
291 4078 380 4145 forte
404 4081 447 4145 de
470 4081 612 4145 crimine
636 4079 767 4144 fuerint
791 4081 941 4146 convicti
965 4079 1125 4144 canonice
1148 4078 1207 4143 vel
1229 4077 1384 4146 confessi.

307 4189 403 4253 Haec
425 4195 542 4254 autem
565 4192 680 4254 omnia
704 4188 845 4253 consilio
869 4187 1037 4274 gloriosae
1054 4189 1192 4274 reginae
1211 4187 1333 4251 matris
1356 4195 1493 4254 nostrae

199 4307 234 4360 et
258 4295 598 4380 archiepiscoporum,
627 4299 863 4380 episcoporum
885 4297 1039 4360 omnium
1066 4295 1263 4378 electorum,
1287 4295 1495 4380 praeposito-

200 4425 276 4468 rum
309 4402 477 4490 regalium
508 4410 612 4490 atque
644 4401 810 4468 abbatum
842 4404 1007 4467 comitum
1045 4403 1199 4468 omnium
1232 4403 1427 4485 principum
1459 4413 1495 4469 et

199 4511 345 4574 aliorum
378 4510 572 4594 principum
610 4509 765 4574 stabilita
789 4531 828 4574 ec
866 4509 1013 4574 firmiter
1044 4509 1261 4575 corroborata
1299 4518 1496 4576 noscantur.

198 4617 328 4681 Actum
352 4617 388 4680 in
412 4619 556 4682 civitate
580 4615 636 4682 W.
660 4637 749 4681 anno
772 4616 819 4681 M.
843 4616 880 4682 Ο.
904 4615 1037 4681 LXIX.
