3182 5210
200 294 266 356 212

201 493 284 573 ipsis
310 489 515 573 impendere,
541 487 766 572 petitionibus
783 496 817 553 et
833 489 1142 572 supplicationibus
1158 489 1342 554 eorundem
1359 490 1500 554 condes-

205 597 381 662 cendendo
414 595 595 676 debemus,
628 601 800 660 munera¹⁸
833 595 937 660 fuisse
970 603 1005 660 et
1030 618 1100 659 esse
1124 601 1340 678 reputantes:
1372 618 1499 660 merno-

202 707 287 769 ratis
310 704 459 768 Domino
481 704 641 768 Andreae
664 703 843 787 Episcopo,
863 707 948 768 item
964 705 1143 789 Magistris
1159 703 1322 786 Johanni,
1338 705 1499 788 Lewkus,

203 823 237 877 et
261 812 405 878 Nicolao
431 821 466 876 et
483 835 542 895 per
567 813 703 876 eosdem
718 815 879 893 ipsorum,
895 812 1126 898 heredumque
1143 833 1282 878 suorum
1297 813 1500 876 successori-

203 919 275 990 bus,
318 921 360 984 de
397 923 511 1004 gratia
543 929 659 984 nostra
693 923 788 1004 regia
820 920 958 1004 speciali
992 927 1027 984 et
1060 943 1101 983 ex
1134 920 1349 1002 plenitudine
1381 927 1500 982 nostre

202 1031 296 1112 regie
325 1029 515 1111 potestatis
539 1029 648 1110 ipsam
674 1031 949 1112 praerogativam
973 1027 1153 1107 libertatis,
1177 1025 1355 1091 humiliter
1378 1050 1418 1090 ac
1442 1027 1501 1090 de-

202 1145 282 1200 vote
306 1159 325 1199 a
349 1134 448 1200 nobis
472 1137 617 1218 petitam
648 1145 752 1219 atque
785 1134 1010 1217 postulatam:
1044 1135 1204 1198 duximus
1237 1135 1501 1204 admittendam,

203 1243 351 1308 dandam
375 1252 410 1306 et
434 1242 685 1307 concedendam
708 1250 811 1325 atque
832 1250 995 1324 perpetuo
1012 1241 1262 1323 conferendam,
1280 1251 1318 1306 ut
1334 1241 1501 1306 videlicet

203 1355 295 1415 inter
319 1358 448 1414 ceteras
473 1350 697 1432 possessiones
721 1350 881 1432 ipsorum,
907 1351 1141 1430 prenominata
1166 1353 1330 1433 possessio
1362 1349 1501 1413 Bathur

203 1469 238 1522 et
263 1481 322 1540 per
338 1478 546 1541 consequens
562 1456 723 1537 hospites,
740 1453 936 1539 iobagiones
953 1465 988 1520 et
1005 1455 1122 1540 populi
1138 1457 1178 1520 ad
1198 1455 1342 1520 eandem
1358 1477 1502 1540 congre-

203 1569 277 1650 gati
310 1573 370 1630 aut
413 1563 653 1648 congregandi,
687 1561 730 1626 ab
764 1566 857 1626 omni
880 1564 1118 1628 iurisdictione
1143 1565 1296 1628 iudicatu
1321 1571 1357 1627 et
1382 1573 1502 1646 poten-

204 1677 253 1738 tia
292 1673 444 1737 Palatini
480 1673 629 1752 nostri,¹⁸
667 1692 727 1734 seu
765 1669 983 1734 Palatinatus
1023 1674 1119 1754 regni
1158 1673 1268 1735 nostri
1309 1671 1500 1754 Hungarie,

202 1781 332 1846 Iudicis
352 1781 455 1844 Curio
473 1785 596 1856 nostre,
616 1776 791 1840 Comitum
809 1776 1055 1860 parochialium
1071 1785 1105 1841 et
1122 1777 1317 1860 specialiter
1332 1780 1500 1841 comitum

204 1890 245 1952 de
269 1887 435 1952 Zathmar
458 1894 492 1948 et
516 1883 676 1948 Indicum
699 1882 878 1948 Nobilium
902 1892 936 1947 et
959 1885 1144 1949 eorundem
1169 1886 1270 1950 Vices
1293 1887 1501 1970 gerentium.

204 2005 239 2059 et
271 1993 478 2080 generaliter
511 1990 743 2076 quorumlibet
776 1993 1040 2054 iustitiariorum
1074 1995 1171 2076 regni
1205 1993 1323 2072 nostri,
1347 2013 1440 2054 nunc
1464 2002 1501 2056 et

206 2125 264 2186 pro
285 2111 438 2184 tempore
463 2098 581 2164 futuro
605 2099 932 2178 constituendorum,
957 2106 1119 2182 perpetue
1142 2101 1370 2182 exemptionis
1392 2099 1501 2162 titulo

204 2211 313 2292 liberi,
337 2207 487 2274 absoluti
510 2215 545 2272 et
569 2208 729 2288 exempti,
752 2214 928 2291 tamquam
952 2215 1066 2270 nostre
1091 2209 1245 2271 civitatis
1275 2205 1376 2270 liberi
1404 2207 1501 2270 cives

205 2325 239 2382 et
262 2317 414 2399 hospites
440 2312 669 2397 perfruantur.
693 2313 748 2376 lta
773 2313 943 2395 videlicet,
960 2313 1051 2396 quod
1068 2315 1210 2378 eandem
1226 2313 1347 2378 villam
1363 2313 1502 2377 Bathur

205 2435 239 2489 et
272 2425 424 2508 hospites
457 2445 496 2485 ac
531 2421 672 2504 populos
705 2421 747 2484 de
781 2421 908 2503 eadem,
933 2444 993 2485 seu
1016 2443 1222 2506 quemquam
1246 2420 1303 2484 vel
1326 2419 1502 2504 quoslibet

205 2556 246 2596 ex
263 2531 391 2595 eisdem
410 2551 520 2614 neque
544 2527 704 2608 iudicare,
728 2549 838 2610 neque
861 2529 989 2592 iudicio
1013 2528 1209 2592 eorumdem
1226 2535 1337 2592 astare
1353 2527 1503 2610 compel-

205 2639 283 2720 lere,
312 2660 372 2702 seu
396 2633 653 2722 quomodolibet
677 2632 761 2696 alibi
786 2633 874 2698 bona
908 2635 1093 2698 eorundem
1125 2642 1160 2698 et
1193 2655 1350 2717 personas
1382 2655 1503 2718 seque-

206 2753 314 2810 strare
330 2751 392 2809 aut
407 2743 582 2826 impedire.
599 2749 659 2804 aut
676 2743 882 2826 sequestrari
898 2749 959 2805 aut
975 2741 1135 2823 impediri
1152 2739 1272 2823 facere,
1287 2759 1351 2804 nec
1366 2741 1503 2824 aliquas

206 2853 306 2918 talias
319 2855 345 2898 1⁴
369 2851 537 2932 collectae,
568 2851 822 2930 procurationes
855 2856 889 2912 et
912 2850 1116 2928 exactiones,
1139 2859 1211 2912 tam
1236 2847 1373 2932 penales
1395 2869 1501 2933 quam

206 2960 290 3024 alias
323 2979 551 3043 quascunque,
580 2979 642 3020 nec
666 2959 771 3019 etiam
793 2955 999 3020 victualium
1022 2956 1337 3020 administrationes
1360 2977 1503 3040 quomo-

207 3067 339 3133 dolibet
367 3069 517 3150 recipere
551 3073 585 3128 et
618 3073 820 3148 extorquere
853 3063 923 3128 ullo
956 3085 1108 3150 unquam
1141 3071 1303 3148 tempore,
1337 3071 1503 3148 perpetuo

207 3176 355 3240 debeant
371 3174 511 3238 valeant
527 3180 630 3256 atque
652 3173 789 3253 possint.
815 3171 881 3236 Sed
907 3193 1042 3254 prorsus
1066 3179 1101 3235 et
1124 3171 1331 3256 generaliter
1347 3171 1390 3234 ab
1406 3173 1504 3235 omni

202 3281 451 3367 jurisdictione,
490 3280 646 3344 iudicatu
685 3287 719 3342 et
760 3281 912 3362 potentia
951 3281 1144 3360 eorundem,
1184 3289 1219 3343 et
1255 3279 1299 3345 ab
1341 3280 1504 3345 omnibus

207 3388 366 3468 collectis,
390 3386 506 3469 talliis,
524 3385 828 3468 procurationibus,
845 3386 1081 3450 exactionibus
1098 3386 1276 3470 penalibus
1292 3397 1327 3452 et
1344 3391 1503 3471 pecunia-

206 3496 297 3561 libus
313 3503 348 3558 et
371 3495 448 3558 aliis
472 3493 676 3558 victualium
701 3493 1066 3576 administrationibus,
1089 3494 1284 3578 specialiter
1307 3517 1327 3558 a
1342 3495 1504 3560 victuali-

207 3605 271 3670 bus
295 3625 372 3667 cum
395 3603 519 3666 vicinis
544 3611 578 3664 et
603 3600 870 3684 provincialibus
893 3601 996 3684 villis,
1030 3624 1136 3688 usque
1168 3605 1269 3668 modo
1297 3603 1503 3668 simultanee

208 3711 342 3792 debitis,
367 3711 526 3790 deinceps
550 3710 728 3791 exigendis
752 3717 787 3772 et
811 3711 975 3774 dicendis.
991 3710 1081 3774 Item
1096 3711 1317 3775 Fertonum¹⁶
1332 3711 1504 3798 regalium

207 3831 242 3884 et
274 3821 378 3882 etiam
411 3815 640 3896 camerarum,
673 3838 731 3879 seu
765 3825 925 3898 pretextu
960 3825 1173 3882 monetarum
1212 3819 1389 3904 regalium,
1428 3822 1504 3884 sine

207 3927 329 4011 quovis
362 3923 429 3986 alio
462 3922 562 3986 modo
597 3921 792 3986 debitorum
825 3923 1055 3988 dicationibus
1089 3933 1123 3988 et
1157 3925 1392 3990 exactionibus
1432 3948 1504 3990 om-

206 4033 289 4096 nino
321 4039 370 4095 et
384 4030 587 4112 simpliciter
619 4051 658 4093 ao
692 4038 856 4112 perpetuo
888 4029 998 4114 liberi,
1021 4031 1190 4116 absoluti,
1223 4056 1262 4097 ao
1295 4056 1355 4117 per
1387 4037 1505 4097 omnia

207 4139 359 4222 exempti
382 4131 584 4220 habeantur,
609 4159 767 4220 personas
792 4140 896 4202 etiam
921 4141 1117 4204 eorumdem
1141 4141 1305 4206 heredum
1337 4144 1375 4205 in
1406 4142 1505 4210 here-

207 4248 275 4329 des,
308 4251 424 4310 nostro
449 4244 640 4312 ,dumtaxat
673 4252 837 4328 perpetuo
871 4247 983 4312 edicto
1016 4250 1110 4332 regio
1143 4251 1323 4314 iudiciario
1351 4253 1504 4314 examini

263 4502 285 4532 ²·
302 4495 456 4548 immunia.
966 4505 986 4531 ¹⁴
1006 4495 1144 4550 tassillas.
1166 4495 1259 4563 Talia,
1280 4495 1365 4550 taine
1386 4519 1418 4542 =
1439 4495 1503 4549 add.

265 4593 285 4620 η
303 4585 398 4638 nostri
418 4583 537 4654 helyett
558 4581 653 4636 Ourie.
967 4593 987 4620 ¹⁵
1006 4583 1193 4638 florenorum.
