3160 5212
1277 355 1348 418 181)
1378 451 1383 459 .

62 573 161 636 quam
185 573 292 636 quum
316 553 454 635 reginae
478 571 547 614 101
571 550 708 632 dixerit,
736 551 906 613 motivum
930 571 1044 614 meum
1069 553 1344 626 communicavit,

60 668 94 722 ut
114 660 153 722 de
185 659 288 724 modo
320 659 497 725 habendae
535 659 735 724 huiusmodi
771 659 904 724 diaetae
938 659 1213 724 decerneremus:
1253 663 1344 746 quod

12 795 13 798 ¹
61 770 258 830 1111111111
281 769 373 831 inter
396 771 487 852 ipsos
520 771 603 832 satis
641 770 789 854 agitasse
824 770 986 854 cognovi5
1021 770 1094 834 sed'
1113 773 1157 852 11Ι
1174 771 1343 856 plerisque

60 874 239 957 periculum
263 875 509 940 obiectabatur.
542 875 696 940 'Eandem
728 877 765 939 in
797 875 861 940 hoc
886 877 1067 941 concordes
1092 876 1228 962 fuimus²
1253 879 1345 962 quod

59 989 164 1064 postea
189 1005 250 1046 rex
275 983 443 1066 probavit.
467 983 593 1065 Primo,
617 981 708 1068 quod
732 983 763 1046 S.
789 982 830 1046 V.
853 981 1035 1046 conficeret
1059 983 1198 1067 bullam⁷
1221 975 1351 1069 inqua

58 1091 273 1172 exordiretur,
298 1091 388 1176 quod
421 1113 528 1176 qumn
567 1112 700 1173 semper
738 1089 845 1154 fuerit
883 1091 1017 1153 intenta
1051 1093 1087 1154 in
1120 1091 1346 1172 reprimendis

57 1198 177 1281 Tarsia,
203 1198 395 1264 Christiani
418 1201 567 1263 nominis
598 1197 765 1280 hostibus,
799 1204 833 1262 et
857 1197 901 1260 ob
927 1198 992 1260 hoc
1015 1198 1125 1262 multa
1150 1204 1344 1281 exposuerit

58 1310 98 1386 (et
119 1307 176 1370 hic-
202 1306 325 1370 classes
350 1327 467 1370 omnes
505 1314 540 1370 et
573 1313 790 1370 enumeratae
826 1309 1021 1389 provinciae
1055 1307 1160 1368 inseri
1194 1309 1346 1388 possent)

56 1425 83 1476 11
106 1413 246 1476 demum
269 1421 428 1478 exortum
460 1412 568 1478 fuerit
607 1413 742 1477 crudele
776 1421 811 1478 et
843 1422 941 1478 atrox
975 1413 1113 1496 bellum,
1146 1413 1246 1498 quale
1272 1435 1346 1496 pro-
1390 1421 1391 1426 ’

12 1539 13 1580 r
58 1521 139 1583 fecto
163 1527 218 1584 est
242 1523 334 1584 inter
356 1523 598 1604 imperatorem
622 1531 656 1583 et
681 1543 815 1604 regem3
839 1521 883 1583 ad
907 1521 1104 1602 sedandum,
1128 1521 1239 1585 veluti
1263 1524 1345 1604 reip.

12 1659 14 1704 ;
56 1628 268 1692 Christianae
293 1631 529 1710 perniciosum,
569 1627 696 1690 multos
735 1637 770 1691 et
804 1627 1001 1710 cardinales⁷
1034 1641 1069 1690 et
1102 1630 1286 1712 episcopos,
1309 1637 1344 1692 et

12 1769 14 1808 ρ
56 1733 184 1798 demum
225 1738 422 1819 episcopum
460 1735 637 1816 Castellae,
677 1735 912 1817 destinaverit,
945 1737 1008 1800 hac
1041 1744 1253 1818 tempestate,
1277 1759 1345 1821 qua

12 1899 14 1912 ,
56 1842 178 1908 Tarans
204 1867 283 1908 cnm
307 1847 377 1907 suis
402 1843 573 1928 colligatis
611 1865 680 1907 non
719 1843 863 1924 dormit;
897 1844 954 1907 sed
980 1847 1093 1927 copias
1117 1845 1344 1927 amplissimas

12 1963 14 2042 ᾗ
56 1955 231 2034 contraxit,
258 1961 297 2014 ut·
331 1954 486 2034 ipsismet
519 1953 731 2032 apertissime
756 1959 907 2014 constat:
947 1955 1090 2015 maiores
1129 1955 1233 2016 etiam
1267 1975 1345 2015 con-

12 2087 13 2110 1
56 2071 241 2140 tracturum
265 2061 332 2122 nisi
365 2062 456 2150 inter
486 2057 658 2140 praefatos
682 2061 852 2142 principes
879 2082 943 2140 pax
967 2062 1149 2122 sanciatur.
1174 2060 1221 2122 m.
1247 2082 1345 2143 prop-

12 2187 14 2246 ξ
56 2175 137 2231 terea
172 2167 255 2230 huic
280 2175 378 2230 tanto
404 2165 604 2248 discrimini²
630 2165 834 2230 catholicam
857 2164 961 2230 fidem
980 2170 1206 2248 concernenti
1230 2189 1346 2232 occur·

12 2297 13 2304 ¹
56 2297 119 2338 rere
143 2275 276 2356 volens}
302 2274 388 2337 111111
422 2272 632 2357 iniungebat,
666 2281 705 2335 ut
738 2272 799 2336 ubi
832 2273 1042 2336 commodius
1075 2273 1194 2338 haberi
1228 2279 1345 2358 possit.

12 2425 13 2452 1
56 2393 240 2447 conventus
258 2383 451 2464 principum
467 2379 716 2444 Germanorum
734 2377 981 2462 habeatm,qui
999 2381 1139 2445 modum
1155 2384 1344 2465 inveniant,

56 2496 87 2552 nt
110 2489 175 2553 hoc
202 2496 341 2552 tantum
364 2486 570 2568 incendium,
602 2507 671 2549 non
703 2485 804 2550 modo
836 2488 927 2567 ipsis
960 2487 1019 2552 sed
1044 2487 1250 2553 Christianis
1274 2514 1345 2554 orn-

12 2625 14 2678 ζ
55 2596 146 2660 nibus
173 2595 413 2680 periculosum,
446 2595 680 2678 extinguatur⁷
719 2599 753 2656 et
785 2596 877 2656 inter
910 2601 1042 2676 patrem
1075 2603 1109 2657 et
1142 2595 1253 2660 filium
1279 2621 1344 2680 pax

12 2709 14 2788 ζ
55 2701 140 2768 firma
159 2706 347 2785 sanciatur,
363 2704 406 2767 ad
424 2706 713 2788 expugnationem
730 2704 919 2768 ancorum
934 2713 968 2769 et
985 2705 1122 2769 illorum
1134 2707 1344 2772 Venetorum

12 2835 14 2890 g
54 2812 296 2892 confusionem,
312 2815 372 2896 qui
388 2811 567 2875 honestate
591 2819 625 2875 et
645 2812 842 2876 Christiana
867 2815 1031 2898 religione
1052 2815 1256 2896 posthabita.
1274 2817 1341 2881 sola

54 2939 162 2983 corum
202 2919 349 2983 libidine
383 2919 582 2983 dominandi
615 2923 756 3002 accensi,
789 2921 970 2986 dissidium
1002 2922 1065 2984 hoc
1090 2926 1258 3005 nutriunt,
1282 2947 1344 2987 nec

12 3063 15 3126 ,
53 3028 233 3110 quicquam
259 3028 550 3108 praetermittunt,
575 3027 664 3111 quod
690 3031 851 3092 continue
867 3029 1016 3113 gerendo
1040 3030 1237 3094 huiusmodi
1254 3031 1344 3094 hello

12 3129 13 3202 J
53 3134 237 3198 conducere
263 3140 395 3215 putent.
435 3131 541 3215 Optat
573 3135 698 3196 mirum
737 3137 774 3196 in
812 3136 954 3200 modum
988 3157 1053 3201 ren
1076 3137 1226 3201 Venetos
1249 3148 1284 3202 et
1307 3142 1344 3202 in

12 3225 13 3266 ³
54 3237 147 3304 bulla.
173 3249 211 3303 et
236 3239 400 3304 brevibus
424 3243 530 3324 tangi,
563 3261 648 3324 qnos
682 3243 748 3304 toti
780 3239 984 3306 Germaniae
1017 3243 1168 3307 infensos
1202 3250 1275 3327 scit,
1309 3255 1344 3308 et

52 3346 239 3412 Germanos
264 3348 382 3410 avidos
406 3369 475 3411 non
498 3350 611 3410 minus
635 3349 673 3409 in
695 3351 788 3428 istoc,
808 3371 910 3434 quam
933 3353 970 3413 in
994 3351 1123 3414 Turoos
1146 3354 1344 3435 irrumpere.

13 3541 14 3544 Ἴ
53 3455 166 3520 Omnia
195 3456 281 3520 haec
306 3455 347 3518 de
372 3453 466 3518 bulla
490 3475 551 3537 pro
575 3463 756 3534 conventu,
780 3477 882 3539 quem
906 3459 1092 3538 imperator
1116 3479 1251 3522 movere
1276 3481 1343 3523 uon

12 3553 14 3556 ¹
55 3567 194 3644 poterit3
222 3584 327 3647 quum
360 3561 403 3624 ad
444 3561 626 3624 tutandam
665 3561 866 3646 religionem
900 3566 963 3625 sit:
987 3587 1054 3648 quo
1083 3587 1162 3628 casu
1186 3567 1217 3627 S.
1244 3567 1283 3631 V.
1308 3569 1344 3630 in

52 3670 189 3752 imperio
228 3676 434 3732 conventum
468 3675 619 3731 statuere
653 3679 773 3752 posset.
807 3669 932 3732 Brevia
966 3670 1009 3732 ad
1034 3694 1149 3735 omnes
1173 3676 1344 3755 principes

52 3775 256 3861 dirigantur,
279 3775 509 3858 adhortantis,
543 3787 581 3838 11
616 3777 695 3840 huic
730 3779 915 3840 conventui
954 3779 1117 3841 interesse
1142 3778 1261 3861 velint7
1287 3803 1346 3860 per

52 3905 96 3948 ma
118 3885 307 3948 sanctitati
331 3883 370 3947 V.
396 3883 588 3964 indicando,
612 3891 650 3946 nt
678 3886 769 3966 pacis
792 3883 1021 3948 conficiendae
1038 3886 1158 3948 modus
1182 3907 1241 3948 sua
1268 3907 1344 3968 pru-

12 4055 14 4068 ,
52 3988 158 4056 dantia
188 3993 390 4073 reperiat-ur,
414 3997 448 4054 et
466 3990 1097 4056 ’.1110011110111110111111111110
1121 3994 1344 4056 retundatur:

12 4083 14 4194 l
52 4102 155 4182 quisi
182 4099 304 4164 fideles
337 4098 527 4162 Christiani
560 4112 681 4182 essent,
715 4101 836 4164 Turcis
860 4123 928 4164 uon
952 4099 1098 4164 fuissent
1123 4102 1277 4186 colligati
1300 4101 1344 4164 ad

12 4201 14 4288 l
52 4227 88 4290 ag
108 4207 282 4272 rediendo,
306 4205 396 4272 bella
419 4207 456 4268 in
489 4206 703 4270 Christianos
732 4215 766 4271 et
791 4208 933 4272 dissidia
957 4209 1219 4273 disseminanda.
1243 4210 1342 4272 Esset

12 4323 14 4390 j
52 4317 88 4376 eti
108 4337 149 4378 111
173 4315 224 4378 ad
255 4317 370 4397 ipsum
407 4317 649 4398 imperatorem
682 4317 902 4401 dirigendum
935 4316 1158 4382 artificiosum
1191 4326 1225 4381 et
1249 4321 1286 4382 in
1309 4341 1344 4380 se

12 4443 15 4486 ι
54 4423 88 4501 pir
112 4443 156 4486 m:
184 4421 276 4506 quod
303 4443 381 4485 cum
404 4445 423 4485 a
448 4444 501 4486 me
525 4427 704 4487 sanctitati
736 4425 777 4489 V.
801 4427 1006 4507 rescriptum
1030 4427 1085 4506 sit,
1110 4447 1226 4506 pacem
1250 4423 1344 4486 111110

12 4511 14 4618 l
53 4548 88 4590 κ
108 4528 144 4592 10
171 4531 334 4612 componi
357 4551 469 4611 posse3
495 4530 583 4594 bono
617 4553 696 4595 suae
729 4536 918 4597 maiestatis
951 4535 1094 4616 intenta,
1119 4532 1162 4596 ob
1185 4554 1344 4614 amorem,

12 4627 15 4730 l
54 4657 88 4718 qu
108 4659 146 4701 em
171 4636 219 4700 ad
244 4638 358 4718 ipsum
381 4645 416 4700 et
441 4637 619 4704 Christum
652 4640 765 4722 habet,
800 4641 900 4705 rebus
933 4642 1009 4702 istis
1043 4640 1181 4704 modum
1206 4642 1344 4703 omnino
