3124 5216
178 326 242 390 732

1555 415 1559 498 l

176 525 366 587 consistant
383 525 418 586 in
434 520 582 586 Actibus
598 525 760 604 externis,
776 531 815 586 ut
832 529 931 586 sunt:
946 521 1217 605 Disputationes,
1227 519 1474 594 Professionea

177 630 467 712 Examinationes,
507 631 766 696 Sententiarum
805 630 986 712 Censurae,
1027 629 1213 694 Consessns
1251 629 1473 704 Academici3

175 740 248 801 sive
272 740 309 802 in
332 737 409 802 aliis
442 741 661 820 ornamentis,
694 747 734 802 ut
766 746 865 803 sunt:
898 738 1125 821 Epomides,¹²
1149 736 1239 801 Pilei
1261 735 1475 802 Doctorales

174 843 315 928 Annali,
340 853 376 909 et
399 847 434 910 id
458 867 567 930 genus
590 843 816 910 academicae
840 845 1065 929 Reipublicae
1095 845 1260 930 Insignis,
1283 866 1370 929 quae
1396 847 1473 928 ipsa

174 956 288 1016 omnia
320 973 389 1016 una
423 974 501 1016 cum
534 952 684 1035 Sceptr0,
709 952 841 1038 Sigillo,
874 959 910 1017 et
944 951 1072 1016 Titulis
1105 951 1240 1016 Gradui
1272 973 1313 1014 ac
1345 950 1474 1016 Officio
1558 1017 1559 1040 ,

1557 915 1559 992 ,

174 1063 326 1124 cuiusvis
350 1060 625 1143 competentibus
649 1084 712 1126 con
735 1063 738 1140 l
759 1083 851 1126 cessa
875 1067 1058 1124 censentur
1080 1082 1099 1124 a
1123 1059 1241 1142 Nobis,
1265 1059 1359 1122 etde
1376 1057 1474 1122 facto
1558 1047 1559 1072 ³

174 1168 418 1248 conceduntur,
451 1175 531 1232 ante
565 1188 681 1232 omnes
713 1168 799 1232 alios
831 1169 974 1233 Rectori
1006 1165 1222 1250 AcademicO,
1255 1165 1473 1231 Cancellario
1557 1177 1559 1260 p

174 1276 336 1356 eiusdem,
361 1275 579 1358 postmodum
607 1274 754 1338 Decanis
786 1275 1018 1356 Facultatum,
1043 1281 1078 1338 et
1102 1272 1359 1339 Professon'bus
1383 1273 1474 1336 Aca-

173 1381 334 1462 demicis;
363 1382 575 1446 declaramus
599 1385 683 1446 item
707 1381 763 1446 hic
792 1384 1006 1466 nominatim,
1033 1382 1124 1466 quod
1154 1381 1365 1446 Testimonia
1392 1380 1474 1444 Stu-

173 1489 309 1554 diorum
332 1511 392 1554 seu
415 1489 595 1554 Graduum
611 1512 653 1554 ex
669 1489 733 1554 hac
749 1491 862 1575 Regia
886 1489 1124 1556 Universitate
1144 1490 1300 1576 legitime
1316 1489 1472 1570 obtenta,

173 1596 321 1661 debeant
345 1597 487 1661 admitti
509 1619 530 1660 a
553 1597 812 1683 quibuscunque
837 1598 1010 1684 Collegiis,
1033 1597 1238 1678 Academiis,
1270 1598 1472 1662 Communi-

174 1703 313 1786 tatibus,
346 1703 526 1788 Capitulis,
551 1713 586 1770 et
610 1709 754 1770 caeteris
788 1705 956 1788 omnibus,
990 1709 1222 1790 cuiuscunque
1254 1704 1403 1784 GraduS,
1435 1721 1468 1767 et

173 1811 389 1877 Conditionis
412 1815 564 1878 existant
589 1821 661 1877 tam
685 1817 722 1878 in
744 1814 893 1897 Judici0,
927 1836 1031 1899 quam
1064 1821 1171 1896 extra,
1205 1821 1239 1878 et
1268 1815 1320 1895 iis,
1344 1815 1407 1897 qui
1431 1835 1467 1876 ea

172 1919 397 2002 obtinuerint,
439 1923 579 1985 omnino
621 1923 788 2006 prodesse,
827 1931 862 1986 et
901 1921 1085 2008 suffragari
1127 1923 1171 1986 ad
1212 1920 1469 2006 consequendos

173 2026 328 2091 Honores
352 2048 421 2091 non
445 2027 556 2092 solum
579 2027 785 2112 Saeculares,
814 2030 873 2094 sed
907 2032 1013 2093 etiam
1046 2028 1314 2110 Ecclesiasticos,
1340 2030 1411 2092 imo
1434 2037 1468 2092 et

171 2133 412 2216 Canonicatus,
436 2156 475 2198 ac
499 2135 567 2200 alia
591 2135 765 2200 Beneficia
788 2139 895 2201 etiam
919 2139 956 2200 in
979 2139 1022 2200 iis
1042 2135 1222 2220 Capitulis,
1237 2157 1277 2198 ac
1293 2134 1468 2198 Ecclesiis

171 2262 257 2323 qnae
283 2243 319 2304 in
351 2245 422 2305 suis
447 2241 603 2306 Candida
626 2243 629 2322 Ι
650 2246 695 2308 tis
729 2243 908 2323 triennale,
940 2251 1001 2308 aut
1035 2243 1195 2327 plurium,
1224 2245 1468 2326 pauciorumve
1558 2279 1559 2294 κ

170 2349 359 2430 Annorum,
383 2352 420 2413 in
443 2351 558 2435 aliqua
582 2349 770 2416 Academia
795 2352 966 2435 Studium,
990 2352 1047 2416 vel
1070 2351 1225 2416 Gradum
1259 2350 1468 2415 Doctoratus

171 2458 358 2541 requirunt.

279 2563 513 2644 (Kevetkezik
545 2588 585 2629 az
617 2573 786 2651 egyetem,
826 2566 974 2649 tanacsa,
1012 2565 1116 2630 aztdn
1147 2588 1186 2630 az
1219 2587 1323 2651 egyes
1357 2565 1466 2630 karok
1557 2599 1558 2642 ,

171 2668 401 2754 pecsdtjeinek
424 2671 568 2750 leirasa.)

277 2778 326 2844 Ut
350 2785 466 2842 autem
491 2785 702 2862 praeattacta
726 2779 953 2863 Universitas,
978 2783 1116 2863 praevio
1145 2779 1245 2844 modo
1270 2782 1307 2843 in
1329 2778 1465 2844 Libera

169 2907 208 2948 ac
231 2885 343 2971 Regia
368 2884 521 2950 Civitate
545 2886 699 2950 Budensi
732 2889 933 2966 instaurata,
956 2895 992 2952 et
1015 2886 1244 2968 constabilita,
1277 2885 1466 2952 sufficienti

168 2991 258 3055 Dete
292 2992 523 3076 provideatur,
556 3001 660 3078 atque
693 2998 883 3077 respective
918 2996 1159 3078 perpetuitatis
1191 3015 1327 3060 omnem
1362 2997 1465 3078 possi-

169 3101 274 3166 bilem
290 3105 510 3167 securitatem
525 3102 699 3184 obtineat;
716 3104 793 3168 ideo
806 3105 919 3169 eidem
934 3105 1165 3171 Universitati
1181 3111 1316 3168 nostrae
1332 3104 1464 3190 Regiae

168 3209 322 3274 Budensi
353 3211 484 3277 Primo:
516 3213 630 3274 omnia
663 3209 831 3276 Aedificia
863 3212 975 3298 Regia
1008 3215 1046 3276 in
1077 3211 1166 3276 Arce
1199 3211 1353 3275 Budensi
1386 3231 1465 3274 oum

167 3317 347 3400 quibusvis
389 3317 552 3400 Stabulis,
594 3319 847 3402 Reclinatoriis,
889 3319 1128 3405 Aquaeductu,
1174 3318 1334 3383 Machina
1378 3320 1464 3381 item

167 3423 390 3508 Hydraulica,
429 3425 572 3510 aliisque
612 3429 808 3491 accessoriis
839 3427 883 3491 ad
916 3427 1060 3491 eandem
1093 3424 1355 3509 pertinentibus,
1395 3427 1464 3488 iam
1556 3493 1557 3516 ,

168 3531 326 3594 effective
351 3531 456 3595 titulo
480 3535 586 3596 etiarn
610 3531 754 3616 Cambii,
778 3555 839 3617 pro
863 3555 955 3597 cesso
989 3554 1031 3598 ex
1065 3541 1161 3616 parte
1194 3531 1347 3596 eiusdem
1379 3529 1464 3597 Uni·

166 3640 342 3701 versitatis
381 3637 535 3724 Oollegic
574 3639 723 3704 abolitae
762 3641 846 3704 olim
877 3641 1060 3706 Societatis
1098 3640 1345 3725 Tymaviensis
1384 3661 1463 3702 cum

167 3752 263 3827 parte
287 3744 488 3810 Scholarum
512 3745 675 3812 Aedificii
699 3751 888 3832 posteriori,
911 3769 1059 3813 necnon
1077 3749 1198 3830 Hort0,
1214 3754 1250 3812 et
1266 3749 1463 3812 accessoriis

167 3854 204 3913 in
226 3872 326 3917 usum
349 3852 642 3938 Orphanotrophii
666 3856 828 3920 militaris
850 3857 875 3922 J
876 3857 1041 3940 osephini,
1064 3856 1227 3920 Pettovia
1250 3854 1463 3938 Tyrnaviam

166 3959 334 4042 translati,
359 3961 470 4025 eidem
493 3962 727 4028 Universitati
754 3965 894 4046 tradita,
919 3967 955 4028 in
979 3970 1183 4047 perpetuum
1215 3961 1310 4026 nullo
1344 3961 1463 4044 Nobis,

166 4066 483 4152 successoribusque
506 4073 642 4154 nostris,
666 4071 822 4156 Regibus
846 4073 1047 4156 Hungariae
1071 4071 1095 4136 J
1097 4093 1156 4134 ure
1190 4075 1331 4134 eatenus
1356 4091 1462 4132 reser-

165 4179 256 4254 vat0,
280 4174 446 4238 donamus
470 4187 505 4240 et
529 4175 755 4242 conferimus:
788 4199 857 4241 non
889 4199 985 4242 secus
1016 4175 1227 4240 Aedificium
1259 4175 1459 4240 Scholarum

166 4277 389 4362 publicarum,
404 4283 495 4365 quod
513 4285 606 4365 prius
622 4284 666 4347 ad
683 4283 877 4369 Collegium
892 4284 984 4348 eboli
1007 4284 1010 4364 l
1031 4292 1085 4347 tae
1102 4282 1285 4347 Societatis
1300 4282 1460 4347 Budense

165 4386 367 4468 pertinebat.
391 4389 497 4454 Porro
519 4391 806 4476 quemadmodum
830 4413 930 4476 super
954 4390 1097 4455 (lambio
1129 4393 1220 4455 inter
1252 4387 1462 4474 Capitulum,

276 4620 296 4646 ¹¹
314 4609 484 4680 Egyhtzias
503 4613 651 4667 diszruha.
672 4613 712 4666 ΕΖ
734 4615 873 4668 ltaaben
893 4623 1058 4686 megszitnt.
