3138 5212
6 3881 8 3964 1

1264 371 1332 436 417

37 592 77 634 11
102 571 170 634 viri
193 567 330 650 obeunt,
364 575 500 632 etcum
531 570 666 632 maritis
690 570 727 631 in
756 568 916 652 augenda
940 589 976 630 re
1010 570 1147 653 egregie
1180 573 1332 650 certant3

38 683 158 741 contra
190 675 435 760 Hungarorum
468 676 670 739 institutum
711 681 863 738 maturas
895 675 964 738 iam
1002 677 1078 738 viro
1111 677 1264 760 virgines
1296 677 1333 740 in

36 784 298 860 matrimonium
320 782 453 864 locant3
477 781 552 846 XX
576 803 742 847 annorum
767 779 961 864 impuberes
984 788 1048 846 etc.

147 889 315 976 Hungari,
356 912 459 973 penes
491 911 575 976 quos
614 892 721 955 totius
754 889 1041 974 Transsylvaniae
1066 891 1248 974 praecipua
1280 897 1333 954 est

38 998 211 1081 nobilitas,
234 998 277 1062 ab
300 998 439 1062 Hunnis
471 998 690 1080 descendunt,
723 997 876 1062 sednon
898 997 1062 1063 mediocri
1094 1003 1171 1082 post
1204 1005 1333 1081 tempo-

38 1127 126 1187 rum,
149 1113 189 1170 ut
213 1104 338 1189 ferunt,
361 1105 545 1171 intervallo
571 1105 702 1170 Siculos
726 1107 880 1190 sequuti,
904 1107 947 1169 iis
970 1113 1005 1170 et
1029 1127 1147 1188 mores,
1176 1115 1211 1170 et
1229 1107 1334 1170 vesti-

38 1211 113 1294 bus,
137 1220 172 1278 et
191 1209 279 1296 jura,
302 1220 338 1277 et
361 1213 482 1298 lingua
506 1235 584 1278 cum
607 1215 750 1277 caeteris
783 1214 979 1277 Pannoniae
1003 1213 1182 1298 Hungaris
1205 1213 1333 1295 eadem,

39 1321 116 1400 nisi,
139 1320 231 1405 quod
254 1327 290 1386 et
312 1323 378 1404 ipsi
402 1342 463 1384 sua
486 1321 654 1406 quaedam
678 1323 814 1404 propria
837 1320 996 1402 habeant,
1024 1342 1128 1405 quam
1152 1321 1334 1386 diversita-

37 1439 111 1493 tem
134 1449 203 1492 non
226 1427 336 1492 solum
359 1429 396 1492 in
419 1430 534 1513 regnis
557 1450 596 1492 ac
620 1430 814 1512 provinciis,
837 1449 959 1492 verum
992 1430 1097 1492 etiam
1120 1430 1158 1492 in
1182 1429 1333 1493 civitati·

38 1534 113 1617 bus,
145 1541 248 1620 atque
281 1534 366 1598 adeo
398 1534 544 1618 singulis
577 1537 682 1600 etiam
708 1531 858 1616 familiis,
897 1534 1054 1598 videmus
1077 1557 1158 1599 esse.
1192 1535 1333 1600 Terram

38 1643 168 1726 optime
193 1641 318 1724 colunt,
341 1639 444 1705 urbes
466 1662 535 1706 non
557 1641 726 1724 habitant,
750 1642 809 1706 sed
834 1643 987 1726 pagatim
1019 1663 1112 1706 arces
1135 1665 1175 1707 ac
1199 1643 1333 1722 domos,

38 1746 165 1834 quibus
188 1769 242 1812 res
265 1755 317 1812 est
341 1747 494 1832 amplior,
517 1754 553 1814 et
576 1751 605 1813 si
628 1771 696 1813 non
720 1751 917 1831 eminentes,
941 1749 1036 1813 laxas
1067 1756 1184 1814 tamen
1207 1757 1242 1813 et
1265 1770 1334 1812 non

38 1855 218 1920 indecoras
250 1855 363 1938 lapide
387 1855 448 1920 1111
479 1855 670 1939 aedificant,
703 1857 763 1921 1111
795 1858 940 1921 materia
973 1856 1087 1941 lignea
1121 1864 1333 1923 construunt.

40 1963 176 2028 Vivunt
200 1962 348 2046 politice,
379 1961 531 2028 moribus
560 1963 763 2030 cultioribus
795 1965 946 2047 student,
968 1971 1155 2028 vescuntur
1187 1966 1333 2047 opipare,

38 2079 75 2135 et
99 2069 327 2134 condimentis
350 2069 533 2154 indulgent
557 2091 663 2155 aeque
686 2092 725 2134 ac
756 2071 934 2152 Pannonii,
958 2068 1209 2153 venationibus,
1233 2091 1334 2134 aucu-

40 2180 175 2263 piisque
199 2176 418 2259 peculiariter
440 2199 512 2240 sese
536 2183 706 2259 exercent,
722 2179 921 2242 vestiuntur
943 2177 1119 2262 eleganter
1143 2185 1178 2241 et
1202 2199 1334 2242 summa

38 2307 132 2366 11111,
155 2285 214 2348 sed
248 2305 324 2350 raro
348 2286 465 2366 serice,
489 2286 595 2348 variis
626 2290 743 2348 111111
775 2284 944 2350 coloribus
978 2284 1203 2368 delectantur,
1234 2288 1334 2370 nigro

37 2413 237 2477 numquam,
261 2394 328 2456 nisi
360 2413 467 2477 quum
494 2391 625 2477 lugent,
655 2392 889 2478 negligentius
921 2399 956 2457 et
979 2391 1081 2475 pedes
1114 2391 1267 2456 calceant
1299 2398 1334 2456 et

38 2507 145 2583 caput
178 2505 311 2583 tegunt,
350 2498 443 2562 Gens
481 2507 534 2563 est
572 2502 609 2563 in
646 2501 751 2564 ermis
790 2498 986 2582 fortissima,
1025 2501 1166 2563 terroris
1204 2502 1334 2584 ignara,

40 2609 172 2692 patriae
197 2606 449 2672 conservandas
472 2606 630 2692 diligens,
654 2609 697 2672 ad
722 2608 930 2672 movendum
954 2607 1082 2672 bellurn
1106 2615 1141 2672 et
1168 2607 1335 2690 praelium

40 2715 231 2779 ineundum
262 2712 420 2778 nonnihil
452 2715 593 2798 tardior,
626 2714 769 2800 plusque
802 2720 954 2798 praestat
986 2716 1023 2779 in
1057 2737 1199 2798 recessu,
1232 2737 1335 2800 quam

40 2823 155 2887 fronte
181 2823 370 2906 promittat,
385 2821 469 2886 adeo
492 2827 533 2886 ut
548 2843 647 2904 saepe
671 2829 803 2886 motum
820 2821 948 2886 bellum
964 2829 999 2886 et
1014 2825 1141 2887 initum
1158 2823 1334 2906 proelium,

40 2938 218 3014 tamquam
256 2927 422 3010 lacessita,
456 2929 524 2992 nisi
563 2937 639 3012 post
677 2937 738 2994 aut
776 2931 829 2992 sui
868 2932 933 2992 aut'
967 2927 1119 2994 hostium
1157 2932 1335 3015 ingentem

38 3037 189 3118 caedem,
221 3037 331 3100 nescit
355 3035 518 3116 desinere,
541 3034 631 3119 quod
656 3037 693 3098 in
724 3033 860 3118 Aloysii
892 3035 1003 3099 Gritti
1034 3039 1201 3101 occisione
1235 3038 1334 3121 plane

37 3144 269 3209 declararunt.
292 3142 382 3207 Nam
398 3151 433 3206 et
457 3145 550 3226 prius
569 3163 672 3226 quam
688 3142 730 3206 de
746 3143 848 3206 caede
864 3139 937 3225 ejus
957 3142 1188 3225 decreverant,
1204 3143 1335 3210 hortati

37 3259 131 3331 sunt,
164 3257 204 3314 ut
228 3248 366 3333 pacifice
398 3271 503 3334 regno
536 3250 724 3332 decederet,
747 3249 868 3314 saltem
892 3258 941 3332 ut,
965 3251 1055 3335 quod
1080 3253 1115 3314 in
1148 3251 1334 3316 multorum

39 3379 220 3443 procerum
252 3358 433 3420 interitum
465 3357 579 3421 animo
622 3363 831 3440 conceperat,
864 3357 1055 3422 condonata
1087 3359 1192 3422 etiam
1225 3365 1334 3423 morte

37 3465 244 3552 Ohybaehii,
268 3467 336 3529 viri
360 3473 450 3528 certe
475 3467 606 3529 strenui
629 3473 665 3529 et
688 3468 814 3550 magni,
838 3467 961 3550 exequi
985 3487 1027 3528 ne
1052 3472 1172 3547 posset.
1197 3466 1334 3548 Verum,

38 3596 149 3660 quum
187 3572 276 3637 nihil
310 3574 476 3656 patientia
500 3572 687 3654 efficerent,
721 3573 812 3637 ferro
842 3571 1025 3653 confecere,
1059 3574 1165 3635 etiam
1197 3573 1334 3637 nolente

40 3684 206 3767 principe.

149 3787 206 3852 Ad
248 3785 466 3851 nobilitatem
506 3787 748 3870 acquirendam
790 3787 884 3850 nulla
926 3809 989 3870 111,
1013 3787 1147 3851 nullum
1181 3787 1334 3850 studium
1380 3793 1384 3802 '

39 3895 258 3983 peculiarius,
281 3916 384 3980 quam
415 3895 575 3976 militare,
598 3917 637 3958 11
670 3917 723 3957 111
756 3894 918 3959 literaria.
948 3895 1094 3959 Hostem
1118 3916 1204 3980 equo
1236 3894 1335 3958 hasta

6 4013 7 4076 i
38 4001 188 4088 dejicere
212 4023 369 4085 suprema
397 4001 480 4066 laus.
511 4001 609 4065 Bella
632 4010 805 4087 equestres
837 4001 973 4084 obeunt,
1005 4003 1087 4066 olim
1110 4024 1225 4066 omnes
1245 4010 1335 4066 1111-

6 4275 8 4348 l

6 4351 8 4476 l

40 4111 186 4196 phracti,
210 4129 301 4173 nunc
320 4130 435 4173 omnes
459 4110 591 4191 velites,
616 4109 739 4174 leviter
762 4112 895 4192 armati,
919 4131 994 4172 11111
1018 4108 1334 4173 consuetudinema

38 4219 164 4283 Turcis
195 4217 372 4300 accepisse,
396 4217 483 4280 nulli
508 4216 651 4281 dubium
675 4226 735 4280 est.
768 4218 857 4281 Nam
882 4225 1032 4299 tempore
1057 4217 1211 4281 Mathiae
1244 4219 1334 4301 regis
1400 4235 1404 4245 ·

39 4323 340 4408 cataphractorum
373 4345 453 4388 usus
487 4327 644 4406 maxime,
678 4348 755 4389 eum
794 4327 943 4388 maxima
975 4324 1075 4388 laude
1108 4347 1146 4387 ao
1180 4326 1334 4399 victoriis

38 4435 178 4498 eximiis
201 4429 353 4515 florebat,
377 4431 440 4496 sub
464 4433 624 4496 Ladislao
647 4455 686 4495 ac
718 4431 904 4511 Ludovico,
937 4427 1039 4512 hujus
1063 4429 1143 4514 filie,
1169 4432 1334 4514 paulatim

38 4562 182 4624 coepere
205 4537 345 4624 negligi,
370 4549 447 4623 post
478 4561 558 4604 vero
583 4538 715 4602 cladem
739 4538 1008 4602 Mohaesienseru
1041 4539 1147 4600 etiem
1171 4535 1335 4601 exanthe-

38 4649 108 4713 rati
149 4651 239 4729 sunt,
277 4667 316 4710 ac
355 4648 490 4730 penitus
529 4667 597 4708 una
630 4668 707 4709 eum
741 4645 922 4728 disciplina
955 4643 1100 4708 militari
1138 4646 1334 4708 intermissi.

93 4783 226 4831 1111111111
243 4784 263 4828 Α
278 4796 379 4839 magysr
394 4786 504 4830 11111111
519 4785 609 4828 1111111.
1193 4767 1227 4819 27
