3182 5210
1292 299 1355 363 221

170 498 252 562 XII.
283 499 434 562 Lucrum
465 501 571 564 etiam
603 499 745 566 Camere
778 510 914 567 nostrae
946 497 1079 564 nobiles
1113 501 1203 562 inter
1234 496 1357 563 fluvios

79 606 179 671 Drave
202 615 238 670 et
262 605 351 670 Save
377 605 425 686 (et
448 613 601 670 montem
625 609 741 672 vicoid
763 607 893 687 vocati)
917 629 956 670 ae
980 607 1021 671 de
1045 605 1190 690 Posogu,
1209 627 1359 669 necnon

78 715 114 778 de
135 711 257 778 Wallro
289 734 369 776 cum
396 711 472 776 aliis
495 715 588 777 veris
610 714 784 779 nobilibus
807 717 907 800 regni
929 716 1039 778 nostri
1062 714 1272 776 unanimiter
1294 711 1359 776 sol-

13 813 14 866 Ῠ
78 844 145 886 vere
166 827 358 900 teneantur,
382 841 444 883 nec
463 823 597 885 racione
623 821 763 886 collecte
790 822 1066 885 mardurinarum
1081 819 1359 904 Banzulusmaya

76 937 264 993 vocatorum
279 929 401 992 amodo
417 932 454 992 in
470 937 643 1013 posterum
662 931 896 1011 molestentur,
912 929 971 994 sed
988 928 1031 992 ab
1047 930 1141 992 omni
1157 931 1334 994 exactione
1353 925 1356 1010 Ι

13 1035 15 1044 ’
76 1035 296 1120 quarumlibet
320 1036 540 1102 collectarum
571 1037 737 1102 hactenus
769 1037 916 1122 persolvi
940 1043 1179 1101 consuetarum
1207 1038 1359 1120 exempti

77 1145 209 1228 penitus,
248 1151 425 1228 tamquam
458 1146 562 1208 ceteri
595 1147 692 1228 regni
725 1148 834 1209 nostri
866 1142 998 1208 nobiles
1031 1143 1176 1206 aliorum
1209 1147 1360 1226 partium

75 1255 233 1316 immunes
256 1253 456 1318 habeantur.

173 1359 277 1425 XIII
301 1361 339 1425 Si
361 1383 443 1424 vero
467 1359 601 1446 aliquae
625 1363 774 1425 minerae
799 1361 875 1425 auri
897 1359 954 1424 vel
978 1361 1114 1443 argenti
1138 1362 1243 1442 cupri,
1277 1357 1361 1422 ferri

74 1467 124 1530 vel
154 1467 220 1531 alie
253 1466 369 1531 fodine
403 1469 440 1530 in
473 1467 740 1550 possessionibus
769 1467 938 1532 nobilium
961 1468 1208 1547 invenirentur,
1232 1464 1360 1550 absque

13 1605 15 1630 :
74 1577 264 1657 conpetenti
282 1573 480 1638 concambio
502 1597 571 1638 non
594 1575 805 1658 auferantur,
829 1575 887 1639 sed
912 1595 973 1658 pro
996 1572 1125 1637 talibus
1146 1575 1362 1656 possessioni-

74 1681 131 1746 bus
152 1685 301 1746 mineras
324 1684 399 1745 auri
423 1684 460 1744 in
482 1705 517 1745 se
541 1684 783 1767 germinandis,
807 1686 837 1746 si
860 1683 970 1766 Regis
995 1681 1161 1764 placuerit
1178 1680 1361 1754 voluntati,

75 1788 224 1874 aequales
249 1791 474 1871 possessiones
498 1789 652 1855 conferat
684 1789 857 1854 nobilibus
892 1789 1109 1872 praenotatis,
1132 1787 1286 1872 alioquin
1306 1786 1309 1864 Ι
1332 1789 1361 1850 si

75 1899 156 1980 ipsas
177 1897 403 1978 possessiones
426 1899 612 1960 minerosas
634 1899 746 1983 Regia
766 1899 928 1962 Maiestas
946 1918 1005 1979 pro
1022 1893 1220 1959 concambio
1236 1895 1361 1958 habere

75 2003 182 2086 nollet,
206 2009 333 2066 extunc
357 2001 416 2066 Ius
435 2003 564 2088 Regale
597 2027 656 2068 seu
684 2004 829 2068 urburas
852 2007 920 2067 iuri
944 2005 1039 2087 regio
1064 2005 1282 2086 pertinentes,
1301 2023 1362 2066 suo

75 2112 204 2180 nomine
237 2109 341 2172 faciet
372 2111 509 2174 easdem
550 2114 775 2193 possessiones
807 2113 890 2194 ipsis
922 2108 1096 2201 nobilibus
1129 2131 1207 2172 cum
1240 2113 1362 2172 ceteris

76 2215 280 2300 quibuslibet
312 2219 382 2280 suis
416 2217 628 2281 utilitatibus
661 2215 884 2300 proventibus
917 2223 952 2280 et
976 2215 1362 2304 iuribusrelinquendO,

77 2331 169 2405 prout
203 2327 309 2388 etiam
341 2324 432 2388 idem
466 2325 633 2390 Dominus
661 2325 811 2389 Karolus
834 2349 894 2389 rex
918 2327 1055 2410 genitor
1077 2333 1193 2388 noster
1225 2326 1363 2388 karissi-

77 2451 143 2494 mus
166 2433 252 2514 ipsis
274 2431 474 2516 Regnicolis
497 2442 665 2498 annuerat
689 2433 867 2497 literarum
891 2453 1030 2496 suarum
1053 2455 1113 2516 per
1136 2435 1299 2516 vigorem.

13 2615 14 2618 Ἴ
176 2538 275 2602 XIV.
299 2539 337 2603 Si
360 2547 475 2602 autem
498 2541 501 2618 l
521 2540 626 2604 alicui
651 2544 894 2623 possessionem
917 2537 975 2602 vel
1000 2541 1225 2622 possessiones
1245 2545 1363 2603 contn-

13 2621 15 2730 ᾗ
76 2645 218 2726 lerimus,
239 2645 297 2709 ille
323 2649 566 2728 possessionem
589 2647 646 2712 vel
670 2651 895 2730 possessiones
919 2647 1031 2710 eidem
1061 2645 1203 2710 collatos
1236 2667 1296 2728 pro
1329 2669 1363 2708 se

13 2753 19 2860 ¹,
76 2756 223 2837 recipiat,
244 2761 280 2817 et
304 2775 371 2817 non
395 2757 532 2818 nomine
555 2763 681 2838 nostro,
704 2755 763 2819 sed
786 2758 923 2818 nomine
947 2757 1100 2838 ipsorum
1125 2757 1269 2838 proprio,
1286 2776 1364 2817 cum

13 2863 15 2956 l
75 2861 381 2926 contradictoribus
419 2864 456 2926 in
495 2865 684 2928 statutione
723 2865 815 2928 dicte
858 2864 1077 2946 possessionis
1119 2859 1364 2944 apparentibus

13 2973 15 2990 '
75 2968 185 3032 trahat
228 2967 335 3034 litem.
367 2970 431 3055 Ita,
464 2979 505 3035 ut
536 2993 661 3035 nornen
693 2980 850 3036 nostrum
882 2974 948 3054 ipsi
976 2971 1148 3055 litigiosae
1172 2970 1365 3054 quaestiOni

73 3095 137 3139 non
161 3079 379 3141 immisceant
402 3100 465 3141 nec
489 3082 739 3160 procuratorias
763 3078 881 3142 literas
904 3079 948 3142 ad
972 3079 1209 3142 executionem
1242 3076 1365 3140 talium

13 3209 15 3214 ·
73 3205 250 3248 causarum
273 3207 292 3247 a
316 3183 414 3249 nobis
438 3188 587 3268 recipere
611 3189 750 3268 possint,
774 3209 834 3250 seu
856 3189 1041 3268 impertire.

13 3285 15 3294 ¹
177 3291 257 3354 XV.
274 3291 415 3356 Nobiles
435 3292 439 3374 Ι
461 3296 566 3356 etiarn
582 3293 626 3356 ad
642 3292 715 3357 loca
731 3291 943 3356 tributorum
958 3294 1007 3356 ire
1023 3314 1092 3356 non
1108 3290 1365 3373 compellantur,

73 3399 127 3462 sed
152 3421 215 3481 per
248 3406 375 3483 portus
407 3421 491 3485 quos
524 3399 706 3470 voluerint,
740 3399 848 3464 libero
882 3401 1030 3463 transitu
1064 3397 1191 3482 absque
1224 3397 1367 3481 aliquali

13 3547 15 3594 ἶ
73 3506 317 3588 impedimento
341 3509 526 3589 potiantur.

178 3613 277 3678 XVI
301 3613 373 3678 Nec
396 3617 502 3678 etiam
524 3615 727 3700 Iobagiones
750 3615 943 3700 aliquorum
967 3615 1217 3700 regnicolarum
1235 3620 1367 3678 nostro-

73 3741 147 3783 rnm
176 3721 221 3784 ad
254 3719 402 3806 Regiam
435 3721 491 3785 vel
514 3721 720 3806 Reginalem
743 3722 983 3786 celsitudinem
1009 3725 1219 3805 pertinentes
1242 3721 1298 3785 vel
1323 3722 1365 3784 ad

13 3841 15 3922 l
72 3827 292 3892 ecclesiarum
313 3827 459 3910 prelatos
483 3839 544 3893 aut
568 3836 724 3911 potentes
747 3829 862 3913 Regni
885 3831 995 3892 nostri
1019 3834 1206 3893 attinentes
1239 3828 1366 3913 absque

72 3933 269 3999 voluntaria
286 3938 506 4018 permissione
522 3937 739 4000 dominorum
754 3937 939 4000 eorundem
959 3936 1186 4021 Iobagionum
1212 3942 1368 4016 potenter

13 4039 14 4088 ἶ
73 4040 297 4106 abducantur.

13 4137 15 4200 l
179 4150 297 4216 XVII.
340 4151 497 4236 Denique
517 4153 521 4230 l
543 4153 647 4215 istam
680 4153 972 4234 consuetudinem,
1005 4152 1096 4236 quod
1129 4152 1212 4214 dum
1236 4146 1367 4212 nobiles

75 4276 89 4316 r
129 4259 170 4332 ni
203 4261 314 4323 nostri
346 4259 390 4322 ad
423 4259 681 4323 conducendum
715 4281 837 4324 uxores
870 4281 987 4323 eorum
1020 4261 1195 4340 accedunt,
1225 4264 1259 4320 et
1275 4277 1368 4319 more

13 4397 14 4400 κ
74 4384 89 4424 s
129 4367 173 4429 ito
198 4387 276 4429 curn
299 4387 418 4430 eorum
440 4365 605 4430 uxoribus
629 4367 672 4431 ad
697 4368 832 4450 propria
856 4367 1037 4430 redeuntes
1070 4368 1105 4428 in
1140 4362 1301 4448 pontibus
1333 4371 1368 4426 et

13 4459 16 4544 l
74 4477 89 4531 t
129 4471 216 4538 'ontis
232 4495 338 4538 unam
354 4496 468 4538 marca
484 4477 645 4559 exigitur,
662 4477 823 4540 duximus
840 4475 1038 4539 cassandam
1055 4482 1089 4538 et
1105 4471 1368 4537 anichilandam.

181 4580 317 4646 XVIII
340 4580 594 4646 Nichilominus
622 4584 729 4646 eciam
753 4585 789 4646 in
813 4581 1025 4647 OIvitatibus
1057 4591 1093 4646 et
1125 4579 1243 4644 liberis
1275 4577 1369 4642 villis

13 4567 16 4746 l

13 4971 15 4980 l

13 5021 14 5028 l

13 5083 15 5092 ι

13 5119 23 5201 l
