3182 5210
1307 309 1371 372 183

77 521 191 574 torum
215 519 412 574 nostrorum
435 531 537 595 super
559 511 658 594 regni
681 507 812 573 nobiles
836 515 871 571 et
894 530 1011 572 eorum
1036 506 1185 590 populos,
1218 529 1280 570 nec
1315 529 1373 588 per

77 640 144 697 nos,
168 641 233 681 nec
258 640 318 701 per
340 619 440 703 regni
462 617 606 682 barones
629 617 811 682 descensus
834 615 909 679 ficri
933 612 1074 679 debebit
1097 614 1288 678 violentus:
1322 615 1372 677 ite

76 735 109 788 et
142 747 246 808 super
278 725 415 788 eosdem
447 723 603 788 dominos
635 732 671 788 et
694 722 826 788 nobiles
850 723 891 786 de
915 721 1095 802 Comanis·
1109 743 1148 784 ac
1172 721 1371 786 eorumdem

78 832 229 914 populos,
252 855 315 896 nec
332 854 392 916 per
415 854 483 916 nos,
507 855 569 896 nec
593 855 653 916 per
676 832 850 896 dominam
873 832 1036 915 reginam,
1060 829 1275 894 karissimam
1295 848 1372 891 con-

76 947 203 1003 sortem
227 946 389 1022 nostram,
413 949 448 1004 et
471 947 604 1004 nostros
628 939 770 1004 barones
795 939 975 1004 descensus
1007 936 1181 1000 violentus
1204 935 1280 1000 fieri
1303 956 1372 998 non

77 1049 192 1128 possit,
216 1069 280 1110 nec
303 1045 435 1130 debeat,
460 1047 529 1110 ullo
553 1047 662 1112 modo.

185 1156 237 1219 14.
261 1155 406 1239 Insuper
428 1159 536 1220 eciem
560 1163 668 1220 terras
692 1177 752 1220 seu
777 1156 1009 1236 possessiones
1033 1174 1117 1238 quas
1140 1153 1306 1216 hactenus
1330 1174 1371 1214 ex

75 1262 263 1326 collacione
303 1266 560 1349 progenitorum
598 1271 794 1327 nostrorum
832 1271 867 1326 et
905 1267 1031 1346 nostre,
1069 1283 1146 1324 cum
1181 1259 1372 1345 privilegiis

75 1371 274 1434 eorumdem
298 1379 333 1436 et
356 1378 481 1454 nostre,
504 1371 561 1434 vel
584 1369 757 1456 aliquibus
781 1371 858 1434 aliis
882 1367 1101 1434 evidentibus
1134 1369 1372 1431 instrumentis

76 1479 166 1542 iuste
190 1488 227 1540 et
253 1477 390 1561 pacifice
415 1479 586 1560 possidere
611 1477 869 1562 dignoscuntur,
893 1499 931 1540 ea
963 1475 1133 1558 possidere
1165 1474 1305 1538 valeant
1338 1481 1372 1537 ct

75 1583 211 1649 habere.
929 1567 930 1570 Ἴ

184 1693 236 1758 Ut
259 1695 369 1778 igitur
392 1694 494 1756 series
519 1693 715 1758 huiusmodi
739 1693 968 1757 ordinacionis
992 1713 1051 1775 per
1074 1711 1136 1754 nos
1160 1689 1251 1754 facte
1268 1688 1372 1753 robur

74 1799 233 1864 obtineat
258 1807 419 1882 perpetue
443 1797 627 1883 firmitatis,
652 1807 825 1884 presentes
844 1801 1070 1864 concessimus
1086 1797 1221 1862 litteras
1237 1797 1372 1882 duppli-

74 1908 120 1969 cis
145 1905 257 1992 sigilli
280 1908 390 1971 nostri
413 1909 601 1971 munimine
625 1907 810 1972 roboratas.
833 1907 964 1972 Datum
987 1928 1047 1988 per
1079 1927 1199 1970 manus
1232 1905 1373 1968 discreti

73 2015 140 2076 viri
167 2015 328 2098 magistri
351 2013 486 2078 Nicolai
509 2013 585 2078 aule
609 2021 723 2079 nostre
747 2007 1027 2095 vicecancellarii,
1051 2013 1170 2076 dilecti
1193 2021 1228 2076 et
1260 2010 1372 2078 fidelis

9 2129 11 2182 Γ
75 2122 195 2203 nostri,
230 2141 319 2184 enno
353 2121 483 2184 domini
515 2121 785 2188 MCOLXXIX.
819 2127 941 2206 quarta
974 2120 1052 2184 idus
1083 2119 1245 2204 Augusti,
1274 2121 1371 2205 regni

72 2236 192 2291 autem
217 2230 328 2292 nostri
351 2249 439 2292 anno
464 2231 618 2312 septimo.
