3142 5214
1290 331 1354 394 631

66 551 182 596 norum
202 530 395 614 RakocayO,
414 529 675 595 adhaerentium
696 530 1004 614 plenipotentiarii3
1021 526 1214 611 Stephanus
1231 526 1355 591 Daniel

65 639 247 721 deputatus
261 660 386 719 eorum,
399 641 459 723 qui
473 641 510 702 in
523 638 771 721 Transilvania,
788 638 963 703 Moldavia
976 643 1012 701 et
1025 635 1250 719 Transalpina
1267 655 1355 698 com-

65 753 284 810 morarentur.
301 745 354 810 Ex
369 753 466 829 parte
477 744 600 810 Octtus
610 747 922 810 Maramarosiensis
934 745 1227 829 plenipotentiarii
1237 741 1357 806 Ladis-

64 853 135 916 laus
152 849 301 936 Sztojka,
320 851 443 917 Daniel
462 851 568 936 Ajtoi.
593 853 646 918 Ex
664 860 760 937 parte
779 853 926 918 militiae
945 851 1089 916 antehac
1105 850 1355 934 Rakoozyanae

63 959 358 1024 Transilvanioae:
390 959 494 1024 Gabr.
518 960 647 1042 Haller,
678 959 802 1024 Daniel
826 959 956 1042 Josika,
973 1009 980 1023 .
997 1009 1027 1024 ..
1051 959 1106 1024 Ex
1130 964 1226 1042 parte
1251 959 1356 1023 inter·

62 1076 250 1132 casatorum
273 1069 372 1152 regni
394 1066 595 1152 Hungariae
619 1067 823 1151 oppidorum
846 1074 882 1131 66
905 1066 1092 1132 liberarum
1115 1068 1356 1150 regiarumque

62 1175 261 1238 civitatum:
286 1171 479 1256 Stephanus
503 1173 681 1258 Hunyady
700 1169 809 1256 judex
833 1196 858 1238 r.
881 1195 922 1238 ac
940 1173 961 1238 1.
984 1175 1139 1238 civitatis
1163 1171 1357 1256 N.-Ba'anya-

61 1283 174 1362 iensis,
185 1280 354 1366 Georgius
372 1280 472 1345 Szasz
489 1303 532 1345 m.
543 1304 573 1364 p.
584 1279 690 1364 judex
707 1280 1058 1367 Felsii-Banyaiensis.
1075 1281 1222 1346 Nomina
1239 1285 1356 1344 autem

61 1395 254 1453 ceterorum
277 1391 516 1453 universorum
539 1395 574 1452 et
598 1389 821 1473 singulorum,
845 1392 905 1474 qui
929 1391 967 1453 in
990 1388 1055 1454 hoo
1079 1409 1245 1453 concursu
1268 1389 1355 1452 actis

60 1505 95 1560 et
128 1495 405 1561 conclusionibus
438 1495 531 1561 hisce
566 1503 759 1580 praesentes
802 1495 953 1580 inerunt,
995 1496 1221 1582 homagiaque
1255 1494 1355 1577 depo·

59 1611 204 1668 suerunt
228 1604 408 1668 extradata
438 1626 497 1688 per
520 1603 699 1668 Danielem
728 1603 961 1689 Bulyovszlry,
986 1627 1027 1668 ex
1053 1611 1150 1687 parte
1172 1602 1356 1687 Hungarc-

58 1733 136 1776 rum
152 1714 335 1794 notarium,
358 1710 547 1796 Georgium
566 1712 747 1797 Pongratz,
765 1735 806 1776 ex
824 1719 920 1796 parte
937 1711 1242 1776 Transilvanorum
1258 1715 1317 1772 not
1341 1745 1355 1757 -

58 1821 159 1884 rium.
179 1817 342 1883 Formula
361 1821 518 1902 praestiti
539 1817 727 1900 juramenti
748 1821 875 1883 tenoris
900 1827 952 1883 est
976 1819 1233 1904 subsequentis:
1261 1815 1354 1901 »Ego

57 1925 99 1990 N.
121 1923 203 2010 juro
227 1948 286 2010 per
309 1923 420 1990 Deum
444 1927 565 1990 vivum
593 1929 864 2010 omnipotentem
897 1926 983 1990 coeli
1015 1933 1193 2010 terraeque
1227 1928 1355 1988 creato·

57 2055 140 2098 rem.
181 2033 368 2116 Postquam
401 2053 442 2096 ss.
474 2036 636 2118 regiaque
668 2031 837 2116 majestas,
880 2056 921 2098 ex
963 2032 1257 2117 superabundanti
1290 2030 1356 2094 cle-

58 2144 200 2225 mentia,
223 2141 466 2226 amnystialem
484 2144 578 2206 vitae
602 2151 637 2206 et
661 2141 827 2206 bonorum
852 2145 1002 2228 gratiam
1025 2145 1062 2207 vi
1086 2142 1355 2226 plenipotentiee

59 2251 297 2315 illustrissimo
322 2271 361 2314 ac
385 2249 671 2314 excellentissimo
695 2252 814 2316 comiti
847 2251 985 2316 domino
1018 2250 1139 2316 Ioanni
1173 2247 1288 2332 Palffy
1311 2245 1355 2310 ab

57 2357 189 2442 Erdiid,
227 2355 381 2442 ejusdem
417 2358 570 2444 generali
609 2361 720 2441 campi
759 2358 971 2440 marschallq
1005 2382 1065 2442 per
1095 2381 1121 2422 r.
1152 2358 1354 2442 Hungariae

57 2485 219 2551 supremo
266 2485 438 2556 armorum
485 2464 666 2548 praefecto,
712 2464 870 2530 Oroatiae
917 2465 1015 2548 bano,
1054 2465 1354 2549 cataphractorum

58 2573 211 2656 tribunc,
235 2593 410 2637 concessae
440 2595 499 2655 per
518 2569 725 2656 jamdudum
750 2581 925 2638 emanatas
958 2581 993 2638 et
1027 2573 1218 2658 publicatas
1243 2571 1354 2636 decla-

56 2683 220 2763 rationes,
237 2687 376 2764 propter
398 2679 498 2744 hosce
523 2683 725 2764 praeteritos
749 2687 863 2746 motus
886 2681 1023 2766 largita,
1047 2688 1082 2745 et
1101 2682 1279 2764 impertita
1299 2681 1354 2762 sit,

57 2809 123 2852 nec
138 2808 209 2852 non
224 2789 321 2873 regni
341 2787 541 2873 Hungariae
558 2795 593 2852 et
609 2787 869 2854 Transilvaniae
889 2786 977 2873 jura,
1002 2789 1094 2875 leges
1111 2810 1151 2852 ac
1167 2787 1355 2870 libertates,

58 2906 133 2959 tam
157 2895 195 2959 in
218 2894 368 2978 politicis
392 2901 427 2958 et
451 2894 729 2978 provincialibus,
755 2918 857 2980 quam
881 2903 916 2960 et
940 2896 1179 2962 ecclesiasticis
1205 2903 1356 2980 recepta-

58 3024 138 3067 rum
171 3001 378 3088 religionum
410 3005 559 3088 negotiis
584 3024 710 3086 perse,
735 3024 879 3088 suosque
903 3025 1111 3069 successores
1137 3011 1254 3068 sancte
1278 3025 1355 3068 con-

58 3110 230 3175 servanda
255 3112 459 3194 promiserit,
482 3113 551 3174 imo
575 3132 672 3175 suam
694 3110 1024 3176 confirmaticnalem
1051 3134 1185 3198 quoque
1209 3109 1356 3175 ratifica-

58 3220 192 3282 tionem
222 3216 406 3282 obtulerit:
440 3239 493 3280 me
520 3217 662 3300 proinde
694 3219 919 3301 imposterum
947 3226 982 3283 66
1005 3241 1146 3304 semper,
1179 3216 1355 3302 usquead

59 3322 225 3387 ultimum
248 3324 343 3386 vitae
366 3326 536 3408 spiritum,
561 3325 672 3388 eidem
696 3346 777 3388 ssae.
803 3348 828 3389 c.
853 3329 1035 3412 regiaeque
1061 3323 1244 3410 majestati,
1268 3321 1356 3406 ejus-

59 3430 209 3514 demque
233 3431 270 3494 in
293 3451 399 3515 regno
423 3429 579 3515 legitimo
604 3434 789 3496 successori
813 3431 971 3498 futurum
995 3433 1068 3498 fore
1091 3432 1199 3497 fidum
1217 3453 1257 3496 ac
1273 3430 1356 3494 fide-

58 3536 138 3620 lem,
162 3538 429 3622 necquidquam
453 3545 571 3603 contra
596 3539 753 3604 debitum
776 3540 981 3626 homagialis
1004 3542 1136 3606 vinculi
1160 3540 1356 3626 obligamen

59 3643 200 3728 directe,
224 3644 281 3710 vel
304 3645 481 3729 indirecte,
505 3646 616 3710 alieno
639 3647 695 3712 vel
721 3651 857 3732 proprio
882 3656 986 3732 motu,
1011 3657 1045 3713 et
1069 3655 1195 3714 conatu
1218 3652 1255 3713 in
1279 3671 1356 3712 con-

60 3753 208 3814 trarium
236 3754 504 3836 commissurum,
537 3754 596 3817 sed
620 3777 659 3817 ea
683 3757 797 3818 omnia
830 3757 905 3838 rite,
939 3778 977 3820 ac
1002 3755 1105 3840 probe
1131 3763 1297 3838 acturum,
1321 3763 1356 3819 et

59 3861 317 3942 praestiturum,
341 3881 376 3922 re
400 3867 435 3923 et
459 3881 568 3944 opere,
591 3884 678 3946 quae
702 3861 890 3949 homagiali
921 3865 1107 3947 devotioni,
1140 3865 1356 3928 obedientiae

60 3973 96 4028 et
120 3967 263 4029 servitio
295 3966 428 4051 agenda
452 3975 487 4031 66
513 3969 716 4051 praestanda
750 3970 963 4052 incumbunt,
997 3978 1032 4034 et
1064 3969 1272 4036 incumbent.
1301 3970 1356 4034 Ita

53 4071 146 4157 juro,
170 4074 327 4157 spondeo,
352 4081 386 4138 et
410 4097 464 4138 me
488 4083 615 4160 sancta,
639 4084 674 4140 66
697 4077 894 4142 inviolabili
917 4077 985 4142 fide
1009 4078 1133 4164 oblig0,
1165 4101 1224 4162 per
1247 4097 1356 4141 sacro-

59 4187 179 4245 sancta
205 4181 393 4266 evangelia,
417 4183 470 4244 uti
494 4205 548 4246 me
571 4183 664 4247 Deus
689 4187 801 4248 trinus
825 4191 860 4248 et
884 4207 971 4249 unus
995 4182 1166 4268 adjuvet«

169 4287 240 4353 Nos
263 4291 380 4372 itaque
405 4292 696 4372 pientissimorum
721 4299 755 4355 et
779 4292 982 4356 salutarium
1007 4293 1189 4376 praelibati
1213 4294 1357 4358 condam

59 4394 127 4459 filii
160 4398 270 4459 nostri
302 4395 469 4480 gloriosae
503 4401 686 4462 memoriae
718 4397 855 4482 Iosephi
880 4399 968 4463 Caeo
1002 4404 1174 4486 regiarum
1198 4404 1235 4465 in
1258 4401 1357 4465 redu-

60 4501 169 4566 cenda
193 4506 290 4588 regni
315 4503 515 4589 Hungariae
549 4513 584 4568 et
617 4508 829 4590 principatus
862 4507 1131 4591 Transilvaniae,
1163 4511 1288 4593 quiete,
1321 4515 1357 4572 66

61 4609 315 4693 tranquillitate
332 4612 573 4694 intentionum,
599 4615 774 4697 aeriaeque
791 4613 990 4698 voluntatis,
1014 4636 1052 4678 ao
1072 4615 1255 4698 superinde
1272 4615 1356 4680 elar-
