3124 5216
1287 377 1352 442 687

55 598 199 667 nyesen
246 575 460 647 biztositott
508 576 795 672 fiiggetlensege
837 579 1007 650 azonban
1052 579 1148 652 irott
1194 579 1351 651 malaszt

54 701 221 788 maradt,
240 699 362 771 amint
381 701 483 796 hogy
508 702 593 773 mar
619 702 806 774 utasita'sa
834 703 866 774 is
895 729 916 775 a
946 706 1033 777 cseh
1060 704 1353 797 korma'nyszek-

54 823 133 896 nek
164 826 274 896 adott
301 823 463 898 utasitas
491 826 696 921 mintaijara
725 827 882 901 kesziilt.

56 1029 202 1102 Caroli
234 1031 308 1102 VI.
341 1031 445 1122 Imp.
479 1034 522 1102 et
554 1033 655 1123 Reg.
690 1033 775 1103 111.
808 1035 1034 1106 Decretum
1055 1031 1087 1102 1.
1111 1032 1228 1103 Anni
1250 1033 1350 1103 1715.

168 1197 342 1263 Artioolus
357 1201 388 1266 2.
404 1199 542 1262 Fideles
561 1197 689 1280 Statua,
699 1205 734 1262 et
746 1198 891 1263 Ordines
901 1199 1031 1283 Inclyti
1041 1197 1156 1283 Regni
1167 1197 1351 1284 Ungariee,

54 1315 90 1369 et
115 1307 275 1370 Partium
298 1309 329 1370 ei
353 1329 562 1372 annexarum
580 1309 768 1391 peroptime
785 1309 1016 1390 recordantur,
1032 1307 1182 1392 qualiter
1198 1307 1351 1372 dictante

53 1413 216 1478 Articulo
255 1415 284 1478 2.
323 1411 417 1478 Anni
458 1414 553 1478 1687.
592 1413 636 1480 ob
674 1436 798 1499 magna
837 1415 921 1478 Divi
960 1414 1042 1478 olim
1076 1413 1241 1497 Leopoldi
1275 1415 1350 1496 piae

53 1523 331 1586 reminiscentiae
363 1521 584 1605 Imperatoris
618 1530 653 1586 et
686 1522 794 1607 Regis
827 1524 864 1585 in
896 1521 1057 1606 Regnum
1089 1521 1153 1584 hoo
1177 1519 1350 1604 Ungariae

53 1628 327 1693 cumulatissime
347 1632 509 1713 praestita
527 1629 700 1713 beneficia,
717 1633 753 1694 in
769 1633 877 1694 citato
892 1627 1051 1693 Articulo
1068 1627 1178 1692 fusius
1194 1628 1351 1708 deducta,

54 1733 209 1818 ejusdem
233 1736 443 1820 Inperatoris
467 1745 501 1803 et
525 1739 632 1823 Regis
656 1760 698 1802 ex
723 1739 869 1821 propriis
893 1735 1037 1800 Lumbis
1070 1736 1350 1800 descendentium

53 1843 286 1908 masculorum
309 1845 506 1910 Haeredum
530 1845 813 1931 Primogenitum,
829 1847 866 1908 in
883 1851 1084 1928 perpetuum
1101 1864 1161 1926 pro
1177 1843 1351 1928 Legitimo

54 1973 116 2015 suo
142 1952 238 2036 Rege
262 1960 298 2016 et
321 1952 485 2034 Domino,
519 1976 599 2039 erga
633 1976 773 2037 semper,
806 1955 984 2038 totiesque,
1017 1954 1151 2037 quoties
1183 1947 1351 2032 ejusmodi

54 2057 283 2142 Inauguratio
324 2061 547 2124 instauranda¹
589 2063 664 2142 erit,
708 2059 994 2144 praemittendam
1041 2057 1350 2141 Diplomaticorum

54 2164 295 2230 Articulorum
327 2170 606 2250 acceptationem,
638 2169 902 2252 Juramentique
936 2164 1065 2230 ibidem
1104 2166 1276 2248 descripti,
1315 2173 1349 2228 et

53 2294 134 2335 mox
154 2271 341 2338 subinserti
365 2274 621 2357 depositionem,
645 2297 679 2339 se
703 2274 882 2339 habituros
906 2282 940 2338 et
965 2281 1184 2338 coronaturos
1201 2271 1349 2336 declara-

54 2382 189 2443 verint:

164 2484 192 2570 ξ.
218 2489 245 2550 l.
269 2489 357 2553 Oum
381 2497 496 2553 autem
520 2491 588 2554 Sua
613 2491 848 2554 sacratissima
869 2489 1159 2572 Caesareo-Regia
1176 2483 1348 2570 Majestas

53 2597 110 2658 via
136 2595 311 2678 legitimae
335 2603 369 2658 et
394 2597 612 2661 immediatae
636 2598 874 2679 Successionis,
898 2598 1067 2683 Regimen
1099 2597 1214 2680 Regni
1246 2591 1349 2676 hujus

53 2705 251 2786 suscipiens,
275 2705 347 2768 Deo
373 2707 520 2787 propitio
554 2705 703 2769 feliciter
735 2714 863 2790 regnet,
896 2703 1131 2789 ejusmodique
1164 2701 1349 2782 Articulos,

53 2833 92 2874 ac
125 2811 378 2892 Juramentum,
412 2814 448 2876 iu
480 2835 527 2896 ea,
560 2835 627 2898 qua
660 2836 679 2876 a
712 2811 902 2895 Majoribus
931 2812 1009 2876 Suis
1033 2811 1227 2893 depositum
1251 2817 1348 2888 esset,

55 2917 166 2981 forma
191 2917 376 2982 clementer
399 2925 625 3002 acceptasset;
649 2927 684 2983 et
708 2920 913 2984 Diaetaliter
936 2919 1146 2984 faustissime
1178 2916 1346 2980 Coronata

54 3031 162 3105 esset,
196 3047 235 3087 ac
268 3023 408 3088 insimul
440 3028 554 3107 etiarn,
587 3027 728 3090 Diaetas
760 3026 940 3090 Annorum
975 3025 1070 3089 1687.
1098 3046 1137 3088 εε
1161 3022 1348 3086 secundum

54 3131 241 3195 earundem
265 3153 418 3210 sensum;
443 3133 563 3217 Leges,
587 3133 682 3216 Jura,
707 3131 910 3214 LibertateS,
934 3140 969 3196 et
988 3130 1178 3215 Privilegia
1197 3131 1348 3213 antiqua,

54 3241 207 3324 adeoque
223 3247 258 3302 et
277 3241 390 3322 ipsum
415 3239 665 3322 Leopoldinum
689 3239 847 3322 Diploma
873 3238 991 3319 (salvis
1014 3259 1155 3320 semper,
1179 3245 1214 3300 et
1233 3239 1348 3300 incon-

54 3347 163 3412 vulsis
188 3345 474 3429 permanentibus,
497 3369 583 3432 quae
608 3370 667 3430 per
690 3347 830 3410 ultimas
855 3346 982 3426 Dietas,
1006 3352 1041 3408 et
1064 3345 1224 3427 Diploma
1248 3366 1346 3407 suurn

53 3463 198 3536 mutata,
221 3461 281 3518 aut
305 3455 342 3517 in
365 3453 539 3518 meliorem
563 3454 709 3518 formam
733 3455 871 3518 redacta
895 3452 1002 3532 fuere)
1027 3453 1212 3516 clementer
1227 3451 1348 3516 confir-

53 3568 196 3642 masset3
230 3561 351 3625 Visum
384 3569 436 3626 est
469 3562 591 3626 iisdem
624 3561 789 3642 Statibus,
822 3569 857 3624 et
890 3558 1085 3640 Ordinibus,
1119 3566 1347 3642 praeattactos

53 3668 310 3751 Diplomaticos,
333 3667 509 3733 Articulos
533 3669 568 3732 id
593 3677 662 3748 est,
686 3672 799 3751 ipsum
823 3669 964 3733 Sacrum
988 3667 1156 3750 Diploma,
1172 3667 1347 3731 Generali-

52 3773 116 3838 bus
142 3777 294 3858 ipsorum
316 3775 632 3841 Constitutionibus
649 3775 855 3840 verbotenus
871 3777 984 3853 inseri,
1001 3773 1209 3858 inscribique
1227 3773 1346 3838 facere.

162 3879 189 3966 ξ.
213 3883 243 3946 2.
267 3879 374 3966 Oujus
397 3885 537 3968 quidem
561 3891 659 3948 tenor
682 3886 837 3968 sequitur
860 3885 897 3946 in
920 3882 1010 3946 hunc
1035 3881 1192 3945 modum:

51 4074 223 4163 Diplomu
256 4074 419 4163 Regium,
447 4096 514 4164 per
551 4074 701 4144 Sacrum
735 4075 950 4143 Caesareum
983 4073 1200 4162 Reqiomque
1232 4071 1345 4160 Moie-

51 4187 193 4264 εἰαὶειη,
210 4187 367 4270 tempore
382 4203 469 4249 succ
485 4181 601 4269 felicis
627 4182 889 4264 CoronoiioniS,
913 4181 1083 4264 statibus,
1100 4186 1132 4248 el
1150 4179 1345 4248 Ordinibus

126 4290 241 4379 Requi
264 4289 403 4373 dotum,
424 4291 579 4380 publicis
602 4291 716 4380 Requi
740 4289 1058 4358 Constitutionibus
1083 4288 1262 4356 inseritur.

160 4433 188 4520 §.
214 4437 242 4500 3.
271 4437 360 4500 »Nos
384 4437 526 4501 Oarolus
552 4435 609 4500 Vs.
643 4436 771 4500 Divina
806 4433 945 4498 favente
980 4434 1172 4499 Olementia
1204 4433 1344 4496 Electus

54 4545 309 4610 »Romanorum
340 4544 533 4628 Imperator
565 4566 697 4628 semper
730 4544 918 4628 Augustus,
952 4565 990 4606 ac
1023 4541 1100 4605 Rex
1132 4539 1344 4618 Germaniae,

55 4651 330 4736 »Hispaniarum
354 4651 533 4727 Oastellae,
557 4651 784 4735 Arragonum,
808 4651 979 4734 Legionis,
1003 4651 1181 4732 utriusque
1199 4647 1344 4728 Siciliae,
