3124 5216
218 376 284 440 738

216 572 434 658 Hungariam
447 573 618 658 Magistri,
629 579 664 636 et
675 594 735 656 per
751 572 944 637 antelatum
960 572 1123 656 Regnum
1137 578 1295 637 nostrum
1310 571 1518 657 Hungariae

217 677 328 743 Aulae
351 687 497 764 nostrae,
522 687 623 763 prout
647 687 682 742 et
708 679 794 743 dicti
818 679 958 744 Ordinis
978 677 1095 742 Sancti
1113 678 1281 763 Stephani
1297 679 1517 760 cancellarii,

217 789 255 850 in
277 787 524 852 Archi-Ducali
548 785 701 850 Ciuitate
725 794 841 850 nostra
867 786 1001 850 Vienna
1030 783 1203 869 Austriae,
1235 785 1301 852 Die
1335 787 1516 873 Vigesima

217 897 339 978 quinta
363 896 491 960 Mensis
516 895 645 976 Martii,
679 891 782 958 Anno
814 893 955 958 Domini
987 893 1173 958 Millesimo
1205 897 1517 981 septingentesimo

217 1005 459 1089 octuagesimo,
484 1053 491 1066 .
508 1053 515 1067 .
532 1053 538 1066 .
555 1003 766 1084 eaeterisque
785 1023 889 1085 quam
914 1001 1070 1084 plurimis
1086 1001 1255 1084 saepefati
1270 1003 1387 1088 Regni
1403 1003 1517 1067 nostri

218 1109 419 1196 Hungariae
443 1110 639 1175 Comitatus
663 1107 871 1192 tenentibus,
895 1115 930 1172 et
954 1109 1120 1174 Honores.

326 1217 436 1281 Maria
459 1215 622 1280 Theresia
638 1235 682 1277 m.
698 1236 729 1296 p.
745 1214 867 1280 Comes
884 1215 1087 1280 Franciscus
1103 1215 1323 1302 Eszterhazy.
1340 1216 1366 1282 J
1366 1215 1518 1299 osephus

220 1306 387 1410 llrmdnyi
411 1325 453 1388 de
477 1325 605 1388 eadem.

407 1569 442 1640 3.
466 1569 506 1639 A
529 1568 798 1660 tanulmanyi
821 1569 918 1660 alap
942 1568 1102 1660 alapitb
1126 1569 1328 1641 oklevele.

328 1751 399 1816 Nos
423 1753 534 1816 Maria
567 1751 729 1816 Theresia
762 1759 825 1816 eto.
858 1752 1043 1816 Memoriae
1075 1753 1351 1817 commendamus
1384 1751 1519 1816 'fenore

219 1858 458 1924 Praesentium
481 1859 724 1944 significantes,
748 1859 873 1946 quibus
905 1861 1045 1944 expedit
1069 1861 1257 1927 Universie.
1288 1862 1378 1926 Cum
1401 1859 1448 1924 ab
1479 1879 1519 1922 eo

219 1979 382 2055 tempore,
405 1993 473 2056 quo
498 1971 654 2054 perchari
677 1972 792 2055 Regni
815 1972 934 2036 Nostri
962 1971 1163 2053 Hungariae
1187 1970 1519 2050 Provinciammqne

220 2079 343 2143 Eidem
376 2079 587 2143 adnexarum
620 2079 861 2144 Gubernacula
889 2079 1143 2162 capessivimus,
1167 2079 1204 2141 in
1227 2079 1363 2142 Limine
1396 2075 1519 2139 statim

221 2188 370 2270 suscepti
401 2185 618 2251 subditarum
649 2187 758 2252 Nobis
791 2187 982 2252 Nationum
1004 2185 1208 2270 Regiminis,
1231 2185 1381 2268 insignia
1405 2181 1520 2247 fidelis

220 2291 345 2356 Gentis
381 2293 528 2358 Nostrae
566 2294 744 2378 Hungara,
782 2296 820 2358 in
851 2293 923 2357 Nos
962 2293 1077 2356 studia
1115 2291 1318 2356 cumulatim
1356 2298 1520 2373 expertae

221 2397 398 2481 fuerimus,
437 2407 540 2484 atque
579 2401 635 2465 vel
674 2402 763 2482 inde,
802 2407 971 2485 quantum
1008 2399 1131 2464 Robur
1168 2398 1347 2483 Augustae
1386 2397 1521 2461 Domus

221 2507 367 2570 Nostrae
390 2509 480 2591 apud
520 2511 663 2573 eandem
687 2511 792 2573 situm
816 2510 871 2590 sit,
904 2509 988 2572 satis
1021 2509 1301 2592 perspexerimus,
1329 2505 1416 2588 ideo,
1441 2526 1521 2568 oum

224 2635 284 2697 pro
307 2613 487 2679 Divinitus
512 2615 621 2681 Nobis
645 2617 759 2681 delato
781 2617 925 2680 Munere
956 2616 1077 2700 Regio,
1102 2636 1170 2700 quo
1198 2614 1360 2678 felicitati
1393 2610 1521 2677 Subdi-

221 2729 335 2794 torum
359 2723 568 2806 Populorum
592 2724 797 2788 Nostrorum
820 2723 915 2786 nullo
940 2744 1009 2788 non
1038 2731 1190 2806 tempore
1219 2723 1409 2805 prospicere
1434 2718 1521 2783 obli-

221 2849 351 2912 gamur,
383 2836 459 2894 tum
492 2852 574 2895 vero
607 2837 747 2914 gratum
779 2833 933 2894 animum
967 2831 1140 2912 Nostrum,
1172 2851 1274 2914 quem
1297 2829 1417 2892 eadem
1454 2825 1522 2890 sibi

222 2935 404 3020 praeclaris
438 2940 508 3002 suis
541 2940 577 3001 in
609 2939 680 3003 Nos
712 2937 975 3023 Augustamque
1008 2938 1157 3002 Domum
1197 2938 1359 3002 Nostram
1393 2934 1522 2998 studiis

222 3045 406 3126 promerita
439 3053 500 3127 est,
524 3045 708 3109 luculentis
740 3046 883 3109 indiciis
907 3045 1020 3129 palam
1043 3045 1205 3126 facturae,
1238 3045 1365 3109 sedatis
1397 3043 1523 3125 primis

222 3149 397 3216 Bellorum
420 3151 580 3235 motibus,
605 3155 767 3218 continuo
805 3155 843 3216 in
865 3153 900 3216 id
941 3174 1076 3216 omnem
1099 3153 1292 3218 Maternam
1315 3139 1523 3216 sollicitudi-

222 3279 300 3322 nem
333 3259 494 3324 Nostram
524 3260 714 3342 defiximus
738 3267 777 3324 ut
811 3259 1018 3343 praeclaram
1051 3259 1148 3342 hanc,
1171 3267 1207 3324 et
1238 3258 1357 3324 multis
1389 3255 1523 3319 Titulis

222 3363 331 3429 Nobis
372 3369 501 3431 sincera
541 3368 703 3432 dilectam
741 3367 935 3448 Notionem,
974 3366 1128 3449 duorum,
1161 3375 1196 3430 et
1234 3365 1318 3451 quid
1356 3366 1521 3426 excurrit.

223 3471 442 3538 Saoculorum
458 3477 632 3539 continuis
654 3482 727 3538 tam
746 3476 897 3538 extemis
921 3473 1037 3555 Bellis,
1060 3495 1164 3557 quam
1187 3474 1332 3536 internis
1354 3470 1522 3550 Motibus,

223 3585 326 3663 atque
336 3581 586 3665 multiplicibus
596 3580 862 3647 Calamitatibus
872 3579 1196 3665 adflictam,hocque
1212 3583 1360 3665 primum
1376 3578 1521 3643 Saeculo

223 3687 439 3771 aliquantum
455 3691 689 3772 respirantem,
705 3710 774 3752 non
789 3688 890 3751 modo
906 3688 950 3751 ad
967 3689 1152 3770 pristinum
1167 3687 1284 3752 florem
1307 3686 1521 3765 reducamus

224 3815 352 3875 verum,
385 3801 553 3878 quantum
591 3798 628 3859 in
652 3793 795 3859 Viribus
818 3795 955 3859 Nostris
979 3795 1085 3858 situm
1108 3801 1205 3877 esset,
1229 3796 1323 3858 omni
1346 3814 1387 3857 ex
1423 3799 1520 3876 parte

226 3902 324 3965 novis
349 3903 453 3966 etiam
477 3901 727 3967 accessionibus
750 3901 979 3982 cumulemus;
1004 3923 1083 3965 sane
1113 3902 1178 3966 hoc
1201 3899 1352 3966 Consilio
1386 3897 1521 3962 factum

224 4015 284 4091 est,
308 4015 348 4073 ut
372 4031 449 4074 cum
472 4011 630 4094 inprimis
662 4031 782 4074 verum
806 4009 870 4072 Dei
899 4009 1051 4091 Cultum,
1085 4008 1303 4073 Orthodoxae
1326 4005 1520 4089 Religionis

224 4117 424 4181 firmitatem
449 4120 668 4201 praecipuum
692 4117 777 4182 bene
801 4117 978 4180 ordinatae
1001 4114 1226 4199 Reipublicae
1249 4113 1416 4179 Pulcrum
1442 4133 1521 4192 esse

225 4225 329 4310 probe
352 4225 630 4310 intelligeremus,
657 4225 749 4289 huno
772 4222 953 4287 indefessis
982 4221 1180 4304 Gonatibus,
1204 4223 1330 4304 partim
1353 4220 1521 4303 regularis

223 4331 346 4398 Archi·
379 4341 413 4396 et
439 4331 711 4417 Episcopatibus,
745 4333 873 4415 partim
897 4352 978 4395 vero
1011 4329 1200 4393 liberaliter
1233 4327 1388 4392 fundatis
1423 4329 1522 4392 novis

225 4439 489 4522 Episcopatibus
505 4446 540 4502 et
557 4439 780 4502 Sacerdotum
797 4436 985 4519 (1011118111,ι
1009 4437 1119 4499 auctis
1135 4433 1282 4518 junioris
1305 4432 1398 4498 Cleri
1415 4434 1523 4499 Semi·

258 4588 262 4594 ’
335 4576 390 4627 ¹A
418 4574 668 4644 szekesfejervatri,
697 4573 925 4644 szombathelyi,
952 4573 1093 4644 rozsnyoi
1122 4572 1153 4627 e's
1180 4573 1294 4644 szepesi
1312 4569 1523 4642 pttspoksdgak

227 4660 375 4730 alapitasa
398 4661 550 4715 illd-ban.
