3192 5214
216 329 281 392 154

214 527 306 609 pacis
345 523 483 590 foedera
521 523 731 590 refonnata.³
768 523 857 589 Cum
896 530 931 587 et
963 525 1035 608 ipse
1067 545 1127 588 rex
1159 523 1203 587 ad
1237 525 1344 606 patris
1376 526 1508 588 curiam

213 631 405 716 accedebat,
428 633 533 697 iidem
556 635 593 698 111
616 631 717 719 nullo
731 633 764 696 61
777 634 915 715 penitus
932 630 1141 714 deferebant,
1161 634 1265 697 immo
1282 629 1510 696 dehonestare

214 743 326 824 ipsum
357 738 472 806 verbis
505 749 540 804 et
573 739 690 812 factis,
708 741 745 803 in
777 745 946 825 quantum
979 746 1147 822 poterant,
1174 737 1384 804 nitebantur.
1407 738 1509 815 Quod

214 847 317 914 celeri
344 869 413 912 non
437 855 558 932 potest.
591 847 639 912 Et
663 853 782 912 contra
817 849 928 912 vitam
960 849 1068 930 patris
1100 854 1135 912 et
1167 845 1317 913 filiorum
1349 847 1512 932 nequiter

214 955 509 1038 conspiraverant;
534 959 574 1018 ut
590 951 660 1016 illis
674 951 801 1037 gladiis
824 954 1050 1036 interemptis
1075 950 1210 1017 facilius
1230 951 1377 1038 quilibet
1394 959 1511 1035 posset

214 1061 256 1124 de
272 1059 461 1144 Hungaria,
477 1079 581 1142 quam
597 1057 664 1122 eibi
680 1065 871 1144 perpartes
890 1059 1090 1141 diviserant,
1114 1061 1307 1142 portionem
1330 1056 1398 1124 sibi
1413 1057 1511 1124 debi-

213 1176 294 1250 tam,
311 1167 384 1230 sine
400 1166 597 1231 conditione
613 1166 798 1231 cuiuslibet
813 1165 978 1232 obtinere.
993 1167 1042 1232 Et
1057 1188 1135 1232 cum
1152 1173 1315 1252 concepta
1325 1168 1510 1252 nequirent

214 1273 353 1338 effectui
376 1275 579 1357 mancipare,
598 1274 693 1338 aliud
709 1277 855 1360 nequius
871 1276 1077 1360 cogitarunt.
1092 1273 1182 1339 Duci
1196 1273 1375 1340 Austriae⁴
1390 1273 1510 1336 literas

214 1403 293 1446 eum
316 1382 419 1446 certis
444 1382 553 1464 pactis
576 1387 612 1444 et
635 1379 891 1446 conditionibus
915 1381 1129 1463 destinando,
1153 1382 1290 1446 domino
1324 1381 1509 1446 Frederico

213 1488 441 1553 Romanomm
473 1490 674 1572 imperatori
706 1509 866 1552 coronam
899 1492 998 1574 regni
1030 1497 1065 1552 et
1089 1489 1306 1574 Hungariam
1329 1489 1410 1553 dare
1434 1507 1511 1572 pro-

214 1595 410 1660 mittebant.
434 1596 501 1661 Sed
524 1598 670 1662 nuncius
694 1598 731 1660 in
746 1599 804 1660 via
820 1603 940 1680 captus
956 1598 1030 1681 regi
1047 1593 1116 1660 fuit
1132 1617 1211 1660 oum
1226 1595 1337 1660 literis
1353 1616 1510 1679 praesen-

213 1711 317 1768 tatus.
334 1701 436 1769 Unde
459 1705 692 1770 conservando
716 1707 806 1788 ipsos
829 1704 874 1768 ad
896 1705 1016 1784 vitam,
1033 1705 1275 1786 misericordia,
1291 1725 1377 1789 quae
1394 1723 1511 1786 super-

214 1810 345 1876 exaltat
368 1812 544 1896 iudicium,
567 1833 649 1882 usus
672 1820 724 1878 eet
747 1819 867 1877 contra
890 1833 955 1876 eos.
980 1811 1017 1877 Si
1040 1833 1122 1877 vero
1145 1814 1278 1895 statuit,
1301 1809 1393 1897 quod
1416 1817 1510 1874 terra

215 1918 313 1983 malis
335 1919 533 1986 hominibus
557 1929 770 2006 purgaretur,
794 1941 897 2006 quam
913 1923 1135 2005 iniquitatem
1151 1921 1305 1986 continet
1319 1919 1384 1983 hoc
1401 1925 1511 1983 statu-

215 2023 316 2090 tum?
341 2026 377 2092 si
400 2027 497 2091 sedes
520 2026 688 2092 baronum
711 2029 855 2091 cremari
878 2025 1008 2108 fecerit,
1031 2049 1117 2112 quae
1142 2029 1307 2112 iniquitas
1331 2026 1400 2091 fuit
1416 2024 1510 2090 ista?

213 2133 413 2219 Numquid
438 2133 565 2199 debent
589 2135 719 2199 domini
743 2133 907 2200 subiectis
929 2156 1001 2199 asse
1026 2132 1150 2219 pares?
1172 2134 1287 2219 Igitur
1309 2155 1379 2198 non
1411 2141 1511 2197 erant

214 2241 298 2305 iusti
320 2241 481 2326 Hungari
504 2243 542 2305 in
564 2242 628 2306 hac
651 2249 756 2326 parte.

323 2349 373 2413 10.
398 2343 452 2412 De
474 2345 704 2434 responsione
728 2345 778 2413 ad
802 2346 944 2414 tertiam
969 2345 1045 2414 odii
1068 2365 1228 2414 causam.

322 2455 373 2520 De
397 2459 502 2520 tertia
526 2478 627 2521 causa
650 2457 721 2520 odii
745 2478 861 2542 regem
884 2456 1003 2521 taliter
1025 2455 1253 2520 excusabant:
1269 2454 1334 2518 Est
1350 2451 1510 2518 omnibus

215 2583 283 2626 non
307 2565 475 2648 ignotum,
498 2563 590 2647 quod
614 2565 835 2648 septuaginta
858 2563 943 2627 duos
966 2559 1072 2627 habet
1095 2562 1277 2648 Hungaria
1300 2561 1511 2637 comitatus¹⁵

215 2665 277 2732 hos
296 2691 393 2754 reges
413 2669 613 2755 Hungariae
637 2670 723 2735 bene
746 2672 879 2735 meritis
903 2669 1126 2735 eonferebant
1149 2678 1185 2734 et
1208 2667 1412 2733 auferebant
1435 2669 1510 2730 sine

215 2779 341 2842 iniuria
365 2779 578 2863 possidentis.
602 2779 657 2844 Ex
679 2779 734 2844 his
759 2777 980 2844 comitatibus
1003 2777 1177 2844 habebant
1201 2777 1350 2859 delicias,
1367 2775 1511 2840 divitias

215 2893 250 2950 et
265 2885 419 2971 honores,
435 2890 633 2970 potentiam,
657 2887 880 2952 altitudinem
902 2893 937 2952 et
961 2889 1145 2950 munimen.
1165 2885 1232 2950 Sed
1249 2907 1309 2969 per
1324 2881 1512 2968 prodigali-

215 3000 324 3057 tatem
365 2995 581 3079 quorundam
634 2996 893 3079 progenitorum
943 2999 1106 3073 suorum,⁰
1144 2995 1233 3058 1616τ
1282 2993 1511 3056 comitatuum

215 3095 314 3164 eraut
345 3101 429 3166 adeo
462 3103 642 3186 diminuta,
675 3110 714 3167 ut
746 3104 879 3166 meritis
911 3110 946 3168 et
979 3102 1155 3166 demeritis
1188 3120 1409 3185 personarum
1440 3117 1512 3160 non

216 3207 385 3292 discussis,
424 3210 553 3274 eisdem
587 3211 820 3295 possessiones,
853 3208 956 3274 villas
998 3217 1034 3274 et
1067 3208 1226 3292 praaedia
1249 3207 1292 3271 ad
1325 3206 1512 3271 comitatus

216 3316 432 3398 pertinentia,
450 3317 488 3380 in
510 3325 714 3400 perpetuum
736 3315 969 3381 contulissent.
992 3315 1048 3380 Ex
1070 3335 1137 3400 quo
1160 3317 1253 3378 viros
1276 3315 1418 3377 comites
1440 3330 1513 3374 non

214 3420 397 3505 habebant,
420 3429 456 3486 et
479 3443 557 3486 6661
579 3423 786 3506 incederent,
809 3420 981 3505 simplices
1004 3421 1132 3486 milites
1156 3428 1295 3504 propter
1310 3419 1512 3484 diminutio-

215 3551 294 3594 nem
316 3532 543 3594 comitatuum
567 3537 778 3612 putarentur.
801 3529 869 3607 Qui
891 3537 1008 3593 autem
1040 3531 1249 3611 potentiores
1281 3533 1388 3606 erant,
1420 3525 1512 3588 sicut

216 3637 458 3719 Thavernicus,
478 3638 538 3720 qui
561 3646 597 3702 et
620 3637 825 3701 camerarius
848 3637 984 3718 dicitur,
1008 3657 1048 3700 ac
1071 3634 1313 3721 dapiferorum,
1334 3635 1513 3717 pincerna-

216 3765 292 3808 rum
315 3767 378 3809 nec
401 3765 469 3808 non
483 3764 684 3829 agasonum
707 3745 890 3828 magistri,⁸
913 3749 947 3808 et
971 3745 1077 3808 ceteri
1096 3745 1156 3829 qui
1173 3740 1349 3808 habebant
1361 3742 1398 3804 in
1414 3741 1513 3804 curia

271 3987 387 4059 ¹Ilyen
424 3986 667 4042 osszetltkozesek
704 3987 808 4041 voltalr
971 3987 1257 4044 ο1161611611111116.

218 4077 808 4148 ima-naben,azttnismet1234ben.
972 4089 981 4117 ²
1000 4081 1028 4133 A
1047 4078 1175 4151 megyelr
1195 4077 1383 4150 jovedelmei.

264 4177 282 4236 ¹⁴
301 4167 488 4239 Babenbergi
508 4168 638 4222 Fridrik.
972 4179 982 4206 ⁸
1001 4171 1044 4222 Aa
1058 4169 1165 4224 udvari
1178 4165 1414 4238 mdltdstgokkel
1426 4182 1514 4237 nagy

271 4256 447 4327 ⁸b'gyanaz
479 4275 497 4311 a
526 4257 607 4312 sztm
644 4259 723 4312 mint
752 4258 807 4310 111.
914 4258 1082 4328 jbvedelem
1092 4258 1163 4328 1111.
1182 4259 1226 4311 Aa
1239 4257 1335 4310 udvar
1352 4253 1516 4324 birtjtnak

216 4345 289 4400 Bala
316 4345 460 4416 idajaben.
489 4349 516 4400 A
535 4347 697 4417 tatarjtris
724 4349 808 4400 lora
916 4346 1036 4402 fizetasa
1063 4347 1204 4402 iataban
1225 4347 1295 4402 1000
1313 4345 1418 4402 marka
1436 4345 1515 4416 volt,

216 4435 276 4490 beli
303 4434 432 4506 megyek
450 4435 591 4491 ne'vsortt
615 4435 807 4491 osezetllltct-
917 4454 935 4491 a
947 4434 1086 4508 kirtlyne
1106 4437 1341 4491 tirnokmestere
1354 4435 1389 4488 V.
1403 4434 1515 4490 Istvtn

215 4532 286 4578 tam.
306 4523 345 4577 M.
365 4541 458 4578 66616.
472 4524 630 4594 1111166616,
649 4523 807 4593 11.,449.1.
916 4526 1049 4580 kortban
1068 4527 1121 4580 600
1139 4525 1258 4580 1111111111
1276 4525 1389 4595 kapott.

213 4615 342 4687 jegyzet.
