3178 5210
232 337 298 400 586

230 534 391 599 decernat
410 537 447 598 in
464 532 528 598 hoc
551 531 691 616 speciali
713 554 793 596 casu
817 555 860 596 ex
884 535 1120 597 commissione
1143 535 1239 618 regia
1262 531 1411 619 benigne
1434 553 1524 598 com-

229 644 432 704 mittemus.i

337 749 488 832 Septimo.
522 745 727 830 Supremum
761 745 880 811 Status
919 747 1124 812 directorem
1160 747 1336 830 Nostrum,
1369 748 1524 830 pristinis

229 855 442 939 temporibus
465 851 659 937 Vajvodam
682 854 823 938 dictum,
846 853 902 918 vel
926 851 1000 937 ejus
1015 857 1108 918 vices
1131 861 1316 940 gerentem,
1333 876 1375 918 ex
1391 853 1524 939 indige-

229 984 352 1026 narum
375 960 662 1046 Transsylvaniae
685 959 856 1024 nobilium
878 981 917 1024 ac
941 981 1119 1044 procerum
1145 967 1341 1025 nostrorum
1371 981 1522 1042 numero,

230 1071 303 1134 sive
326 1067 514 1132 catholicae
538 1069 611 1131 sive
634 1066 777 1131 alterius
799 1067 851 1131 ibi
872 1073 1029 1150 receptae
1044 1066 1222 1152 religionis
1238 1065 1353 1150 fuerit,
1369 1069 1399 1130 si
1413 1065 1522 1130 fideli-

229 1182 302 1239 tate
326 1181 361 1238 et
384 1177 518 1239 meritis
550 1175 767 1258 praepolleat,
797 1196 978 1239 sumemus
1010 1175 1108 1239 Idem
1140 1196 1274 1260 quoque
1307 1176 1349 1239 de
1381 1197 1521 1238 munere

229 1281 408 1346 Generalis
423 1281 572 1346 Militiae
588 1282 906 1366 Transsylvanicae,
919 1281 1124 1346 Cancellarii
1134 1285 1293 1366 supremi,
1304 1281 1521 1346 Consilierio-

229 1411 306 1454 rum
339 1391 548 1472 intimorum,
581 1389 758 1454 Comitum
790 1389 1041 1472 Supremorum,
1075 1397 1110 1453 et
1140 1388 1406 1472 Capitaneorum
1429 1392 1522 1453 inter

229 1495 370 1580 Siculos,
386 1496 634 1581 Magistrorum
649 1497 976 1579 Protonotariorum,
995 1497 1139 1580 aliisque
1163 1487 1395 1582 dignitatibus
1419 1503 1522 1560 antea

229 1603 348 1685 solitis,
372 1602 621 1686 observabitur,

337 1710 385 1774 Et
408 1709 492 1774 haec

340 1818 468 1883 Octauo.
494 1813 582 1880 Cum
605 1815 669 1881 tali
691 1815 945 1880 modificatione
978 1815 1241 1882 clementissime
1274 1818 1450 1903 largimur,
1481 1823 1524 1880 ut

228 1923 488 2006 Gubernatoris,
525 1926 655 2008 ⁴summi
695 1923 841 1988 militiae
874 1923 1180 2008 Transsylvanicae
1213 1924 1400 2008 Generalis
1433 1923 1525 1988 Can-

335 2116 409 2168 ⁴Az
437 2113 649 2186 erdelyieknek
678 2115 748 2169 1693
775 2115 886 2185 janutr
916 2115 985 2171 tan
1015 2116 1080 2170 kelt
1110 2115 1336 2187 Memorialejck
1366 2132 1382 2170 e
1413 2119 1527 2185 pontra

227 2201 320 2258 ndzve
350 2221 368 2258 a
398 2203 613 2257 kbvetlreztket
643 2201 726 2257 heri:
757 2203 840 2269 Quod
871 2204 909 2258 ad
939 2205 1084 2259 bonorum
1114 2206 1147 2259 in
1177 2204 1313 2276 partibus
1345 2203 1527 2274 Hungariae

227 2292 460 2363 Angustissimis
491 2291 531 2346 M.
562 2308 634 2346 vrae
664 2293 756 2347 armis
788 2298 1031 2364 recuperatorum
1069 2295 1333 2365 investigationem
1363 2299 1394 2347 et
1424 2294 1527 2348 deter-

226 2383 422 2437 minationem
441 2383 570 2451 attinet3
589 2399 697 2452 magno
716 2400 784 2436 cum
803 2383 932 2437 cordolio
956 2386 1153 2455 experiuntur
1175 2383 1335 2438 eorundem
1362 2383 1527 2454 praecipue

226 2474 260 2526 in
278 2472 429 2526 Comitatu
454 2471 626 2526 Bihariensi
654 2472 850 2527 existentium
877 2473 1143 2544 investigationem
1171 2480 1202 2528 et
1229 2473 1527 2542 determinationem,

226 2562 447 2616 Memorialium
471 2577 592 2615 suorum
620 2567 690 2615 ante
709 2563 929 2633 expeditionem
947 2564 1145 2619 deliberative
1164 2564 1329 2636 procedere,
1347 2564 1408 2617 imo
1427 2563 1528 2617 etiam

227 2651 371 2723 quaedam
391 2667 492 2704 eorum
510 2649 654 2704 bonorum
673 2653 840 2722 peregrinis
862 2652 973 2707 collata
1000 2655 1162 2723 exstitisse,
1191 2671 1259 2707 cum
1287 2659 1388 2706 tamen
1417 2669 1526 2706 eorum

226 2740 423 2809 investigatio
436 2739 527 2791 alicui
541 2737 750 2793 [tribunalium
772 2739 1026 2812 Transsylvaniae
1045 2742 1267 2811 committenda,
1287 2743 1430 2813 possessio
1448 2757 1528 2796 vero

226 2828 372 2898 legitimis
400 2827 578 2882 haeredibus
605 2828 783 2882 conferenda
810 2830 842 2882 in
871 2831 919 2884 6.0
946 2830 1163 2902 benignissimo
1184 2831 1224 2885 M.
1244 2831 1280 2884 V.
1300 2829 1327 2885 S.
1346 2830 1526 2902 diplomatis

227 2916 355 2970 articulo
372 2921 653 2987 repraesententur;
672 2919 843 2988 supplicant
867 2918 1022 2989 Majestati
1050 2920 1085 2974 V.
1114 2919 1141 2974 S.
1170 2920 1348 2988 humillime,
1376 2925 1411 2973 ut
1438 2937 1527 2974 nunc

226 3007 318 3059 etiam
331 3005 457 3076 desuper
476 3005 566 3076 juxta
584 3007 784 3076 praecitatum
802 3008 965 3062 articulum
984 3009 1140 3078 resolvere,
1159 3026 1214 3064 nec
1233 3008 1402 3063 eorumdem
1421 3007 1525 3063 deter-

226 3095 423 3148 minationem
442 3095 608 3166 peregrinis
627 3101 681 3148 aut
699 3112 770 3149 vero
789 3097 1054 3166 praetendentibus
1073 3098 1260 3169 quibusdam,
1278 3097 1330 3152 sed
1348 3097 1427 3152 Belli
1449 3097 1525 3152 duci

227 3189 258 3237 et
276 3182 428 3238 Gubernio
447 3183 496 3238 vel
516 3183 648 3238 Tabulae
667 3184 853 3239 Judiciariae
872 3186 905 3239 in
924 3186 1161 3259 'lhanssylvania
1191 3187 1305 3242 habitis
1332 3187 1525 3242 committere

226 3274 458 3328 clementissime
477 3273 637 3344 dignetur3
655 3279 783 3328 naturae
801 3276 910 3346 quippe
929 3281 960 3328 et
977 3276 1133 3348 legitimae
1148 3277 1264 3348 jurium
1283 3277 1369 3348 praxi
1397 3293 1525 3331 consen-

225 3369 347 3416 taneam
365 3363 541 3420 nullatenus
559 3364 680 3418 videtur
699 3381 855 3419 causarum
874 3365 1082 3420 diremtionem
1110 3368 1277 3438 peregrinis
1305 3365 1354 3421 vel
1382 3371 1525 3437 praeten-

226 3451 367 3507 dentibus
386 3454 581 3522 committere,
600 3453 742 3508 haeredes
761 3471 831 3508 vero
849 3456 1104 3511 incontaminatae
1115 3456 1194 3528 fidei,
1213 3457 1305 3528 justis
1317 3457 1380 3512 suis
1389 3456 1524 3526 juribus,

225 3547 330 3594 contra
342 3542 405 3595 vim
424 3542 675 3598 clementissimae
693 3544 733 3599 M.
745 3545 780 3598 V.
800 3545 826 3598 S.
845 3546 1045 3614 resolutionis,
1059 3547 1193 3601 destitui.
1212 3546 1289 3601 Sunt
1301 3551 1402 3600 autem
1414 3545 1523 3616 hujus·

224 3629 305 3683 modi
315 3630 457 3684 haeredes
467 3632 636 3702 praeclarae
645 3633 780 3689 familiae
789 3639 911 3706 utpote:
924 3636 1079 3706 Apafiana,
1089 3636 1256 3706 Btnffiana,
1266 3636 1523 3704 Bornemisziana,

225 3717 371 3789 Kapiana,
385 3718 552 3790 Serediana,
571 3721 798 3794 Kemenyiana3
817 3729 852 3777 ut
871 3728 902 3777 et
920 3724 973 3777 alii
993 3725 1134 3796 probatae
1149 3725 1214 3796 jam
1231 3725 1302 3780 fidei
1329 3723 1522 3779 devotissimi

225 3808 305 3862 M.-is
324 3809 403 3863 Vrae
422 3809 449 3862 S.
468 3810 591 3880 subditi,
610 3812 743 3867 scilicet:
763 3813 885 3867 Domini
904 3813 993 3868 Gabr.
1012 3814 1122 3884 Kendi,
1141 3815 1250 3870 Petrus
1268 3815 1408 3869 Alvinczi
1422 3853 1429 3866 .
1443 3853 1451 3866 .
1466 3853 1473 3867 .
1489 3819 1523 3867 et

224 3897 279 3950 alii
300 3898 399 3966 multi,
419 3899 470 3970 qui
490 3899 731 3956 clementissimis
750 3901 790 3955 M.
810 3902 845 3956 V.
864 3903 1098 3959 resolutionibus
1116 3905 1246 3975 gaudere
1265 3905 1398 3975 cupiunt.
1417 3938 1455 3947 -
1474 3906 1521 3957 Aa

224 3988 422 4042 Alvincziana
441 3989 597 4042 Resolutio
616 4005 680 4043 erre
699 3989 792 4045 ndzve
810 3992 863 4062 igy
881 3992 1090 4046 rendelkezik:
1110 3993 1231 4048 Insistit
1250 3994 1342 4048 etiam
1361 3991 1391 4046 C.
1411 3993 1448 4046 R.
1478 3993 1520 4046 M.

224 4077 320 4146 quoad
345 4077 611 4148 investigationem
630 4078 774 4134 bonorum
793 4082 884 4134 armis
904 4079 1055 4157 Caesareis
1075 4081 1112 4135 ab
1133 4081 1270 4137 hostibus
1298 4083 1331 4136 in
1359 4081 1521 4154 Transsyl-

224 4167 332 4218 vaniae
349 4166 461 4221 finibus
480 4172 511 4220 et
529 4167 665 4237 partibus
685 4167 781 4221 eidem
800 4170 926 4223 annexis
945 4175 1164 4240 occupatorum,
1183 4171 1241 4224 Art
1260 4171 1306 4224 6-o
1324 4169 1519 4242 diplomatis3

224 4256 255 4307 in
276 4254 360 4324 cujus
380 4257 591 4310 conformitate
609 4260 765 4327 negotium
784 4258 860 4311 illud
879 4259 971 4312 alicui
991 4259 1149 4314 Tribunali
1168 4261 1201 4313 in
1215 4259 1453 4331 ihanssylvania
1464 4267 1519 4315 aut

223 4360 277 4397 suo
295 4345 451 4415 Belliduci,
470 4351 505 4399 ut
524 4347 654 4417 primum
672 4364 773 4402 rerum
792 4350 1037 4403 circumstantiae
1056 4349 1086 4402 id
1100 4350 1299 4420 permiserint,
1313 4349 1517 4420 peragendum

224 4435 408 4502 committet;
428 4436 528 4488 cosin
548 4435 738 4490 huncfinem
758 4454 795 4490 ex
824 4437 1042 4509 (lhansylvanis
1070 4443 1101 4491 et
1129 4437 1285 4508 Hungaris
1313 4439 1517 4506 conterminis

223 4538 295 4592 quos
315 4523 433 4576 excludi
452 4541 507 4578 nec
526 4526 599 4595 ipsis
618 4524 755 4580 Dominis
774 4525 909 4580 Statibus
928 4527 1098 4581 consultum
1117 4527 1209 4596 ducit,
1229 4525 1403 4580 adhibitura
1425 4529 1516 4594 viros,

223 4629 295 4681 quos
314 4628 399 4682 pares
419 4615 499 4666 tanti
518 4615 661 4666 momenti
681 4617 802 4684 negotio
820 4615 884 4669 fore
902 4616 1082 4686 dignoverit.
