3124 5216
182 383 251 450 '680

178 585 248 659 III.
272 583 474 679 Karolytdl
504 612 527 660 a
554 587 656 661 be'osi
684 589 949 685 congressusig
971 582 1159 688 (Millenn
1188 592 1278 661 tiirt.
1308 585 1418 662 VIII.
1438 589 1478 660 k.

183 711 453 786 198-200.1.
481 711 683 809 Ugyanott
710 737 798 810 meg
826 738 902 786 van
930 739 972 786 az
1000 713 1150 788 oklevel
1177 713 1253 786 eled
1282 711 1321 786 e's
1349 711 1476 786 utolsd

178 834 364 930 lapjanak
392 837 625 932 faesimileje
653 831 712 936 is).

289 1011 385 1077 1687.
425 1011 526 1078 Artic
558 1014 588 1078 2.
620 1013 668 1077 Et
700 1014 730 1076 si
762 1012 901 1098 quidem
934 1034 994 1076 sua
1026 1010 1189 1095 Majestas
1230 1011 1479 1092 Sacratissima

179 1117 344 1184 Caesarea
369 1125 404 1183 et
427 1119 547 1204 Regia,
571 1117 791 1202 Victricibus,
815 1127 849 1183 et
873 1119 1039 1184 Gloriosis
1062 1119 1179 1184 Armis
1204 1122 1274 1184 suis
1291 1122 1477 1184 immanem

179 1225 370 1290 Christiani
393 1229 541 1292 nominis
564 1227 700 1292 hostem
723 1226 879 1310 Turcam,
903 1226 1039 1310 crebris,
1064 1229 1223 1306 cruentis,
1256 1227 1479 1312 generalibus

180 1332 396 1398 conflictibus
435 1332 558 1418 fusum,
600 1333 729 1399 Divina
773 1335 1044 1418 praeauxiliante
1068 1356 1158 1419 ope,
1200 1334 1244 1399 ab
1288 1335 1477 1399 eorundem

178 1441 332 1525 quotidie
356 1441 552 1524 capitaliter
574 1441 748 1506 infestatis
772 1442 964 1506 cervicibus
989 1442 1202 1526 propulsare;
1231 1443 1343 1528 deque
1367 1445 1478 1526 ipsius

177 1547 335 1613 faucibus
358 1551 395 1612 in
419 1548 543 1634 quibus
566 1549 733 1613 hactenus
756 1572 776 1613 a
799 1558 898 1614 tanto
922 1555 1074 1632 tempore
1097 1571 1167 1613 non
1190 1549 1318 1634 absque
1341 1571 1476 1614 summa

178 1657 287 1719 totius
299 1653 403 1740 hujus
419 1658 569 1720 nationis
581 1659 730 1741 pernicie
739 1657 923 1742 gemebant
935 1681 941 1740 3
958 1659 1231 1722 nominatissima
1240 1659 1342 1721 istius
1357 1657 1477 1743 Regni

180 1762 373 1848 Fortalitia,
407 1767 566 1850 interque
600 1765 718 1829 eadem
750 1764 1028 1829 florentissimam
1060 1764 1143 1828 olim
1176 1763 1301 1829 Sedem
1325 1765 1476 1850 Regiam

178 1869 324 1954 Budam,
341 1878 376 1935 et
392 1871 617 1937 Antemurale
634 1872 805 1937 totiesfati
820 1869 924 1956 hujus
940 1873 1064 1958 Regni,
1075 1895 1153 1936 oum
1171 1875 1301 1955 potiore
1319 1869 1476 1954 ejusdem

177 1985 274 2060 parte
317 1982 466 2063 eripere;
500 2003 539 2044 ac
581 1982 619 2044 in
651 1980 909 2045 eliberationem
940 1982 1041 2044 istius
1074 1980 1291 2044 dulcissimae
1325 1981 1476 2044 Patriae.

176 2083 259 2149 haec
284 2087 409 2150 atalia
434 2089 588 2171 superius
613 2087 723 2152 fusius
747 2095 945 2152 enumerata
968 2087 1164 2170 impendere
1188 2087 1331 2172 dignata
1357 2093 1427 2151 est:

284 2191 311 2274 ξ.
338 2194 432 2258 1.1n
461 2203 665 2279 perpetuum
698 2196 839 2279 proinde
872 2195 1130 2260 recolendorum
1162 2202 1339 2259 tantorum
1371 2194 1478 2259 bene-

176 2299 332 2365 ficiorum
355 2306 562 2386 memoriam,
584 2311 618 2367 et
642 2305 679 2367 in
702 2306 919 2368 aeviternum
942 2302 1249 2387 recognoscentiam
1277 2301 1476 2366 humillime

177 2408 463 2490 complacentium
487 2412 679 2474 animorum
703 2432 842 2475 suorum
865 2410 1124 2496 gratitudinem,
1158 2406 1284 2492 prefati
1308 2408 1475 2474 Universi

176 2514 304 2598 Statua,
341 2523 376 2580 et
409 2516 554 2580 Ordines
587 2514 690 2600 hujus
723 2518 839 2602 Regni
872 2517 1054 2602 Ungariae,
1087 2524 1122 2580 et
1161 2515 1319 2580 Partium
1357 2518 1475 2583 eidem

175 2644 385 2686 annexarum
409 2623 602 2706 declarant;
627 2625 724 2702 Quod
749 2625 870 2689 amodo
894 2626 1126 2708 imposterum,
1151 2625 1322 2688 neminem
1353 2625 1476 2707 alium,

175 2751 276 2814 quam
316 2730 549 2795 altetitulatae
588 2754 667 2796 suae
706 2731 899 2814 Caesareae,
936 2738 971 2794 et
1002 2731 1133 2814 Regiae
1165 2727 1360 2813 Majestatis
1394 2755 1476 2816 pro-

176 2838 258 2919 priis
275 2859 316 2901 ex
333 2839 477 2903 Lumbis
493 2842 563 2904 suis
580 2839 861 2904 descendentium
877 2839 1108 2904 Masculorum
1124 2839 1322 2902 Haeredum
1338 2839 1476 2904 Primo-

174 2946 339 3029 genitum,
363 2946 400 3008 in
424 2952 626 3028 perpetuum
651 2947 699 3028 (id
724 2949 837 3030 ipsum
860 2945 1103 3028 statuentibus,
1126 2943 1285 3010 Articulo
1310 2946 1339 3009 5.
1374 2944 1474 3011 Anni

176 3052 271 3116 1547.
303 3052 447 3137 aliisque
480 3053 663 3136 superinde
695 3053 907 3133 extantibus)
942 3074 1001 3136 pro
1034 3053 1190 3138 legitimo
1220 3072 1280 3116 suo
1303 3052 1409 3137 Rege,
1436 3061 1474 3116 et

173 3157 321 3224 Domino
337 3162 407 3223 sint
424 3157 594 3242 habituri;
623 3167 658 3224 et
678 3183 758 3246 erga
782 3182 923 3244 semper,
947 3163 1117 3245 totiesque
1141 3163 1275 3246 quoties
1299 3156 1474 3242 ejusmodi

173 3263 398 3350 Inauguratio
437 3267 660 3331 instauranda
698 3271 773 3350 erit,
812 3267 1100 3350 praemittendam
1133 3267 1470 3348 praeinsinuatorum

172 3373 410 3438 Articulorum
426 3373 735 3458 Diplomaticorum
750 3378 1029 3458 acceptationem,
1047 3397 1106 3439 seu
1122 3375 1268 3459 Regiam
1284 3373 1473 3438 Assecura-

173 3482 311 3562 tionem,
344 3481 651 3568 deponendumque
684 3483 867 3566 superinde
900 3483 1152 3564 duramentum,
1185 3484 1222 3545 in
1254 3503 1302 3562 ea,
1341 3503 1409 3565 qua
1451 3505 1468 3545 a

172 3584 363 3669 Majoribus
395 3591 465 3652 suis
499 3592 703 3672 praestitum
736 3597 833 3669 esset,
867 3589 993 3670 forma;
1027 3587 1233 3652 Diaetaliter
1270 3590 1362 3654 intra
1403 3591 1470 3655 hoc

171 3693 332 3778 Regnum
356 3694 529 3781 Ungariae
552 3700 619 3762 rite
642 3699 844 3762 coronaturi.

279 3800 388 3867 Artic.
413 3805 442 3868 3.
465 3805 595 3882 Quodsi
618 3825 699 3869 vero
724 3804 828 3888 (quod
845 3804 972 3868 Divina
989 3802 1124 3868 bonitas
1141 3806 1179 3867 in
1194 3806 1308 3868 omnia
1325 3803 1468 3868 Saecula

171 3907 358 3973 clementer
381 3919 535 3976 avertere
559 3911 736 3997 dignetur)
762 3908 916 3994 ejusdem
940 3932 1019 3974 suae
1043 3911 1238 3990 Caesareae,
1267 3917 1302 3974 et
1334 3909 1470 3996 Regiae

170 4012 365 4098 Majestatis
389 4040 505 4082 semen
528 4019 758 4083 Masculinum
782 4016 925 4082 deficere
950 4019 1183 4102 contingeret;
1207 4025 1334 4081 extunc
1351 4019 1470 4081 istius-

170 4123 264 4186 modi
289 4123 505 4210 devolvendi,
531 4133 565 4189 et
589 4127 796 4210 suscipiendi
820 4125 1014 4210 Regiminis
1038 4127 1205 4188 successio
1234 4125 1331 4210 (erga
1358 4145 1470 4210 aeque

171 4233 354 4314 praeviam,
380 4233 701 4318 praedeclaratoquc
725 4233 826 4296 modo
851 4233 1139 4315 praemittendam
1162 4231 1311 4316 Regiam
1333 4230 1471 4297 Affida-

171 4339 309 4422 tionem,
333 4363 372 4404 ac
394 4342 620 4424 acceptandos
655 4341 964 4424 praementionatos
997 4339 1245 4423 Diplomaticos
1279 4337 1470 4421 ArticuIOS,

172 4453 209 4508 et
241 4448 485 4529 praestandum
517 4449 663 4532 desuper
693 4446 950 4526 duramentum)
983 4446 1161 4528 redundet,
1194 4452 1229 4509 et
1253 4453 1406 4510 transeat
1431 4449 1472 4510 in

170 4551 385 4618 Serenissimi
409 4577 543 4641 quoque
568 4556 814 4638 Hispaniarum
846 4554 963 4639 Regia,
996 4554 1136 4618 Domini
1168 4553 1284 4618 Caroli
1316 4553 1472 4618 Secundi

171 4660 404 4741 pariformiter
436 4663 666 4727 Masculinum
700 4683 822 4742 semen,
856 4663 1007 4746 adeoque
1040 4661 1211 4725 duntaxat
1244 4681 1283 4724 eo
1316 4661 1353 4723 in
1385 4681 1473 4724 casu
