3144 5218
216 337 285 404 540

218 550 400 618 Articulus
427 549 516 619 XIX.
540 549 593 616 De
617 548 728 616 libero
753 547 952 616 Helveticae
985 546 1225 636 Confessionis
1258 547 1445 615 Exercilio
1488 547 1518 613 ia

217 658 313 724 dicto
339 656 489 725 Ciuitate
514 655 738 724 Cassovtenst
763 677 835 723 ann
860 677 941 723 cum
967 654 1239 745 Campanorum
1257 660 1288 722 el
1304 654 1518 742 sepulturae

218 785 297 847 risu,
322 770 354 831 et
378 764 454 833 loco
480 765 606 832 idoneo
625 763 852 832 Perochialis
881 763 1028 852 Templi,
1053 783 1134 832 crim
1159 763 1276 831 Domo
1300 761 1517 829 Perochiali

644 877 676 939 el
700 871 830 941 Schola
856 871 1087 960 assignando.

326 1001 494 1066 Similiter
517 1005 622 1066 etiam
646 1003 688 1066 ad
717 1001 933 1086 querulosam
967 1000 1105 1065 Helvet.
1138 997 1226 1063 conf.
1259 998 1514 1084 regnicolarum

218 1113 428 1192 instantiam,
461 1117 631 1174 statutum
663 1117 724 1190 est,
758 1117 796 1172 ut
830 1108 948 1171 eadem
980 1110 1103 1170 civitas
1137 1106 1369 1170 Cassoviensis
1402 1109 1515 1191 magi-

217 1223 413 1300 stratusque
438 1214 600 1298 ejusdem,
624 1215 725 1279 Helv.
749 1237 882 1300 quoque
907 1213 1083 1299 religionis
1104 1215 1315 1296 exercitium,
1340 1235 1405 1277 una
1433 1236 1512 1277 cnm

218 1345 460 1406 campanarum
492 1329 526 1386 et
560 1323 754 1407 sepulturae
787 1344 859 1404 usu,
893 1321 1091 1386 concivibus
1124 1329 1159 1384 et
1192 1320 1342 1405 reliquie,
1366 1321 1512 1385 eandem

217 1433 397 1494 civitatem
430 1429 707 1494 inhabitantibus
739 1427 841 1492 Helv.
880 1425 968 1490 conf.
1006 1425 1211 1510 hominibus,
1250 1425 1378 1510 absque
1415 1429 1512 1490 omni

219 1537 472 1620 impedimenta
505 1537 651 1601 liberum
684 1535 864 1620 relinquat.
900 1533 952 1596 Ac
987 1537 1125 1616 insuper
1158 1554 1218 1616 pro
1251 1535 1511 1595 continuatione

219 1641 372 1725 ejusdem
395 1643 497 1707 liberi
520 1645 686 1726 exercitii,
710 1650 744 1705 et
769 1645 1015 1705 intertentione
1039 1645 1317 1706 concionatorum
1351 1647 1385 1703 et
1410 1643 1511 1704 mini-

217 1757 374 1832 strorum,
398 1749 472 1813 loco
497 1745 644 1831 majoris,
668 1771 729 1812 seu
752 1747 955 1831 parochialis
988 1747 1110 1830 templi
1142 1748 1245 1828 (unde
1274 1768 1342 1810 non
1376 1750 1423 1810 ita
1453 1748 1510 1810 diu

217 1859 471 1920 concionatores
483 1855 583 1919 Helv.
594 1853 682 1917 conf.
698 1854 930 1936 amovissent),
947 1861 1106 1918 teneatur
1121 1855 1240 1919 eadem
1257 1859 1381 1920 civitas
1398 1856 1509 1919 locum

217 1963 386 2046 idoneum,
420 1962 636 2026 commodum
669 1969 704 2024 et
738 1960 976 2044 sufficientem,
1010 1984 1087 2026 cum
1121 1965 1221 2027 domo
1255 1962 1443 2046 parochiali
1478 1981 1508 2026 et

216 2070 340 2150 schola,
357 2070 462 2132 eiusd.
479 2065 768 2153 Helv.⁴religionis
785 2067 984 2132 concivibus
1000 2077 1035 2132 et
1051 2069 1201 2154 reliquis,
1219 2069 1346 2133 ibidem
1364 2091 1510 2134 commo-

217 2175 382 2256 rantibus
406 2179 525 2239 statim
539 2183 574 2239 et
591 2173 728 2238 defacto
746 2181 821 2258 post
839 2174 1106 2258 publicationem
1120 2177 1353 2260 articulorum,
1370 2178 1509 2242 realiter
1556 2233 1557 2236 ,

217 2283 376 2347 effective
400 2285 592 2368 assignare;
616 2304 725 2367 neque
751 2283 792 2346 de
817 2290 950 2347 coetero
984 2286 1108 2347 civitas
1141 2284 1259 2347 eadem
1291 2292 1509 2366 praenotatos

217 2390 405 2454 catholicae
439 2396 473 2452 et
506 2389 709 2452 Helveticae
750 2390 927 2474 religionis
959 2391 1088 2455 incolas
1121 2394 1157 2454 in
1190 2389 1298 2454 libero
1332 2391 1509 2476 religionis

217 2503 368 2581 ipsorum
392 2499 555 2560 exercitio
579 2498 820 2580 continuando,
839 2501 962 2582 quovis
978 2499 1077 2563 modo
1089 2498 1242 2581 turbare,
1260 2507 1320 2562 aut
1337 2503 1508 2583 exquisito

217 2605 281 2668 sub
306 2609 486 2687 praetextu
510 2603 675 2685 impedire
702 2612 903 2688 praesumat,
928 2605 992 2669 sub
1026 2627 1140 2689 poena,
1174 2609 1211 2669 in
1244 2606 1508 2690 praedeclaratis

218 2716 355 2798 ¹punctis
390 2713 580 2776 accordatis
613 2711 794 2795 superinde
828 2716 968 2795 sancita,
1001 2717 1112 2798 toties,
1146 2716 1279 2798 quoties
1314 2717 1508 2798 praemissis

215 2829 479 2885 contraventum
504 2819 619 2901 fuerit,
644 2819 847 2882 incurrenda
872 2827 906 2883 et
932 2820 1214 2884 irremissibiliter
1237 2823 1448 2906 exequenda.

218 2997 399 3064 Articulas
427 2996 535 3064 LXll.
571 2995 827 3085 Capitoaealas
853 2997 1111 3083 Coafiaiorum,
1137 2999 1312 3087 indigenis
1342 3004 1375 3064 el
1408 2998 1506 3065 bene·

324 3105 460 3172 meritis
481 3103 657 3193 personia,
682 3125 726 3170 ea·
751 3103 908 3172 Consilio
928 3104 1137 3193 Haaanico
1156 3106 1400 3194 conferantur.

324 3233 531 3297 Conclusam
561 3240 735 3316 praeterea
769 3239 829 3314 est,
863 3239 901 3294 ut
935 3235 1171 3314 capitaneatus
1204 3241 1239 3296 et
1273 3233 1503 3316 praefecturae

215 3342 439 3406 confiniorum
473 3342 655 3426 indigenis
688 3342 817 3404 nativis
841 3347 943 3425 atque
973 3340 1058 3404 bene
1092 3342 1224 3404 meritis
1256 3363 1295 3403 ac
1330 3345 1503 3424 possessio

215 3452 306 3512 natis
331 3452 490 3532 personia
519 3472 560 3512 ex
594 3448 734 3512 consilio
768 3448 968 3533 Hungarico
993 3451 1064 3512 sine
1091 3449 1296 3512 discretione
1321 3449 1503 3536 religionis,

215 3564 247 3620 et
283 3559 344 3620 uni
377 3559 513 3620 nonnisi
545 3577 642 3623 rinus,
675 3554 933 3618 minorennibus
961 3578 1042 3618 vero
1065 3555 1181 3620 nullus
1209 3554 1409 3622 conferatur
1425 3607 1431 3621 .
1449 3609 1454 3622 .
1470 3561 1502 3620 .²⁰

215 3749 387 3802 klivet-eltek
409 3749 631 3819 templomokat.
661 3749 813 3818 »Aequum
843 3755 904 3802 est«
924 3785 960 3793 -
979 3749 1057 3818 irjhk
1078 3751 1146 3802 1646
1167 3748 1261 3819 vogen
1281 3785 1317 3792 -
1337 3755 1390 3802 »ut
1409 3751 1500 3803 omnia

215 3838 327 3907 templa
346 3837 455 3890 abillo
475 3855 552 3890 anno
581 3837 676 3907 (1604)
706 3836 869 3890 Catholicis
897 3855 948 3906 per
977 3838 1174 3907 Evangelicos
1202 3843 1304 3907 erepta
1323 3843 1355 3890 et
1376 3840 1500 3892 nondum

214 3927 356 3978 restituta
384 3927 554 3980 reddantur.
582 3927 667 3979 Talia
695 3943 766 3980 vero
796 3926 907 3995 templa
935 3933 1006 3980 sunt
1034 3944 1157 3980 numero
1180 3927 1309 3998 plurima
1329 3932 1361 3980 et
1380 3928 1500 3997 pondere

214 4017 354 4084 maxima,
376 4019 531 4086 signanter
560 4023 678 4069 autem:
709 4019 732 4069 1.
762 4015 952 4069 Cassoviense
981 4017 1077 4085 majus
1106 4016 1326 4086 parochiale...
1350 4017 1499 4088 Templum

214 4107 311 4176 majus
339 4106 515 4160 Parochiale
543 4105 569 4159 S.
599 4105 756 4159 Michaelis
785 4106 1185 4175 Soproniensis,...1bidem
1214 4105 1241 4158 S.
1270 4105 1394 4176 Georgii
1424 4107 1498 4159 Tam·

215 4197 351 4265 plum...
374 4196 452 4248 ltem
471 4195 688 4248 xenodochium
707 4194 733 4247 S.
753 4193 945 4248 Elisabethae
974 4195 1004 4246 in
1033 4194 1175 4248 suburbio
1204 4195 1337 4263 ejusdem
1365 4193 1497 4248 Civitatis

213 4285 470 4355 Soproniensis...
498 4283 621 4353 Templa
641 4285 670 4336 in
695 4283 844 4353 plerisque
873 4283 1026 4336 Montanis
1055 4282 1289 4337 Civitatibus...
1318 4283 1405 4338 Inter
1432 4297 1496 4355 quae

214 4378 351 4427 censetur
370 4375 462 4426 etiarn
487 4373 715 4426 Xenodochium
735 4373 761 4426 S.
782 4372 973 4426 Elisabethae
998 4373 1214 4426 Novisoliensis
1228 4413 1233 4426 .
1248 4413 1275 4426 ..
1303 4380 1376 4428 sunt
1398 4380 1428 4428 et
1445 4372 1497 4426 alia

213 4464 433 4534 quamplurima
459 4463 530 4516 hinc
558 4463 626 4516 inde
647 4463 758 4532 templa
777 4463 883 4516 iisdem
912 4463 1095 4532 temporibus
1122 4469 1273 4532 occupata,
1303 4479 1379 4533 quae
1407 4460 1494 4516 omnia

214 4553 295 4604 lacta
314 4553 509 4622 inquisitione
529 4553 716 4606 restituenda
735 4558 834 4605 essent
845 4593 851 4604 .
863 4593 885 4605 ..

322 4651 343 4678 ⁹⁰
362 4644 390 4694 A
412 4642 505 4711 tokaji
528 4641 635 4712 gyttles
663 4641 757 4694 errb'l:
787 4641 940 4694 Statutum
969 4658 1083 4711 quoquc
1112 4643 1212 4694 luerat
1240 4644 1272 4694 in
1300 4642 1493 4713 pacificatione
