<?xml version="1.0" encoding="UTF-8"?>
<!DOCTYPE html PUBLIC "-//W3C//DTD XHTML 1.0 Transitional//EN"
    "http://www.w3.org/TR/xhtml1/DTD/xhtml1-transitional.dtd">
<html xmlns="http://www.w3.org/1999/xhtml" xml:lang="en" lang="en">
 <head>
  <title>
</title>
<meta http-equiv="Content-Type" content="text/html;charset=utf-8" />
  <meta name='ocr-system' content='tesseract 3.04.00' />
  <meta name='ocr-capabilities' content='ocr_page ocr_carea ocr_par ocr_line ocrx_word'/>
</head>
<body>
  <div class='ocr_page' id='page_1' title='image "./enchiridionfont00marcgoog_0821.png"; bbox 0 0 3142 5216; ppageno 0'>
   <div class='ocr_carea' id='block_1_1' title="bbox 1308 387 1372 453">
    <p class='ocr_par' dir='ltr' id='par_1_1' title="bbox 1308 387 1372 453">
     <span class='ocr_line' id='line_1_1' title="bbox 1308 387 1372 453; baseline -0.047 0"><span class='ocrx_word' id='word_1_1' title='bbox 1308 387 1372 453; x_wconf 72' lang='lat'>799</span> 
     </span>
    </p>
   </div>
   <div class='ocr_carea' id='block_1_2' title="bbox 67 589 1372 1438">
    <p class='ocr_par' dir='ltr' id='par_1_2' title="bbox 67 589 1372 1314">
     <span class='ocr_line' id='line_1_2' title="bbox 69 589 1372 684; baseline 0.001 -25"><span class='ocrx_word' id='word_1_2' title='bbox 69 589 194 660; x_wconf 76' lang='lat' dir='ltr'>allani</span> <span class='ocrx_word' id='word_1_3' title='bbox 215 613 236 659; x_wconf 87' lang='lat' dir='ltr'>a</span> <span class='ocrx_word' id='word_1_4' title='bbox 256 590 462 684; x_wconf 75' lang='lat' dir='ltr'>gazdasagi</span> <span class='ocrx_word' id='word_1_5' title='bbox 486 589 525 661; x_wconf 74' lang='lat' dir='ltr'>es</span> <span class='ocrx_word' id='word_1_6' title='bbox 544 615 566 660; x_wconf 91' lang='lat' dir='ltr'>a</span> <span class='ocrx_word' id='word_1_7' title='bbox 587 590 764 684; x_wconf 88' lang='lat' dir='ltr'>politikai</span> <span class='ocrx_word' id='word_1_8' title='bbox 784 590 1156 677; x_wconf 81' lang='lat' dir='ltr'>felszabadulatsnak;</span> <span class='ocrx_word' id='word_1_9' title='bbox 1185 614 1227 660; x_wconf 86' lang='lat' dir='ltr'>az</span> <span class='ocrx_word' id='word_1_10' title='bbox 1250 589 1372 662; x_wconf 87' lang='lat' dir='ltr'>udvar</span> 
     </span>
     <span class='ocr_line' id='line_1_3' title="bbox 68 714 1372 810; baseline 0.002 -25"><span class='ocrx_word' id='word_1_11' title='bbox 68 715 169 786; x_wconf 86' lang='lat' dir='ltr'>csak</span> <span class='ocrx_word' id='word_1_12' title='bbox 198 741 220 786; x_wconf 93' lang='lat' dir='ltr'>a</span> <span class='ocrx_word' id='word_1_13' title='bbox 249 715 505 809; x_wconf 86' lang='lat' dir='ltr'>politikaiban</span> <span class='ocrx_word' id='word_1_14' title='bbox 533 715 589 788; x_wconf 75' lang='lat' dir='ltr'>ldt</span> <span class='ocrx_word' id='word_1_15' title='bbox 627 717 801 810; x_wconf 79' lang='lat' dir='ltr'>veszelyt,</span> <span class='ocrx_word' id='word_1_16' title='bbox 839 723 968 789; x_wconf 86' lang='lat' dir='ltr'>tartva</span> <span class='ocrx_word' id='word_1_17' title='bbox 1006 742 1027 787; x_wconf 87' lang='lat' dir='ltr'>a</span> <span class='ocrx_word' id='word_1_18' title='bbox 1065 714 1372 805; x_wconf 74' lang='lat' dir='ltr'>demokratiatdl,</span> 
     </span>
     <span class='ocr_line' id='line_1_4' title="bbox 68 838 1370 936; baseline 0.002 -26"><span class='ocrx_word' id='word_1_19' title='bbox 68 864 92 910; x_wconf 89' lang='lat' dir='ltr'>a</span> <span class='ocrx_word' id='word_1_20' title='bbox 113 838 415 913; x_wconf 77' lang='lat' dir='ltr'>forradalomtdl</span> <span class='ocrx_word' id='word_1_21' title='bbox 444 841 621 934; x_wconf 74' lang='lat' dir='ltr'>Utoljara</span> <span class='ocrx_word' id='word_1_22' title='bbox 641 867 683 913; x_wconf 88' lang='lat' dir='ltr'>az</span> <span class='ocrx_word' id='word_1_23' title='bbox 704 841 800 914; x_wconf 75' lang='lat' dir='ltr'>elert</span> <span class='ocrx_word' id='word_1_24' title='bbox 827 841 1029 934; x_wconf 75' lang='lat' dir='ltr'>eredmeny</span> <span class='ocrx_word' id='word_1_25' title='bbox 1050 841 1128 936; x_wconf 84' lang='lat' dir='ltr'>alig</span> <span class='ocrx_word' id='word_1_26' title='bbox 1146 849 1252 914; x_wconf 89' lang='lat' dir='ltr'>ment</span> <span class='ocrx_word' id='word_1_27' title='bbox 1271 840 1370 914; x_wconf 73' lang='lat' dir='ltr'>tola</span> 
     </span>
     <span class='ocr_line' id='line_1_5' title="bbox 69 964 1370 1060; baseline 0.001 -23"><span class='ocrx_word' id='word_1_28' title='bbox 69 964 202 1038; x_wconf 77' lang='lat' dir='ltr'>Maria</span> <span class='ocrx_word' id='word_1_29' title='bbox 232 966 472 1039; x_wconf 68' lang='lat' dir='ltr'>Teroua-fele</span> <span class='ocrx_word' id='word_1_30' title='bbox 501 964 616 1040; x_wconf 76' lang='lat' dir='ltr'>urber</span> <span class='ocrx_word' id='word_1_31' title='bbox 644 965 844 1060; x_wconf 74' lang='lat' dir='ltr'>tiirvdnyes</span> <span class='ocrx_word' id='word_1_32' title='bbox 873 965 1044 1038; x_wconf 75' lang='lat' dir='ltr'>formabo</span> <span class='ocrx_word' id='word_1_33' title='bbox 1064 964 1149 1038; x_wconf 78' lang='lat' dir='ltr'>valo</span> <span class='ocrx_word' id='word_1_34' title='bbox 1169 966 1370 1040; x_wconf 77' lang='lat' dir='ltr'>dnte&#39;sene&#39;l.</span> 
     </span>
     <span class='ocr_line' id='line_1_6' title="bbox 68 1091 1370 1188; baseline 0 -25"><span class='ocrx_word' id='word_1_35' title='bbox 68 1094 109 1163; x_wconf 79' lang='lat' dir='ltr'>A</span> <span class='ocrx_word' id='word_1_36' title='bbox 140 1093 279 1165; x_wconf 83' lang='lat' dir='ltr'>kisebb</span> <span class='ocrx_word' id='word_1_37' title='bbox 307 1094 458 1165; x_wconf 84' lang='lat' dir='ltr'>tizedek</span> <span class='ocrx_word' id='word_1_38' title='bbox 487 1093 525 1165; x_wconf 77' lang='lat' dir='ltr'>es</span> <span class='ocrx_word' id='word_1_39' title='bbox 554 1093 791 1188; x_wconf 77' lang='lat' dir='ltr'>szolgalatok</span> <span class='ocrx_word' id='word_1_40' title='bbox 826 1093 999 1164; x_wconf 77' lang='lat' dir='ltr'>eltdrlese</span> <span class='ocrx_word' id='word_1_41' title='bbox 1028 1091 1109 1165; x_wconf 87' lang='lat' dir='ltr'>volt</span> <span class='ocrx_word' id='word_1_42' title='bbox 1137 1091 1205 1163; x_wconf 73' lang='lat' dir='ltr'>tan</span> <span class='ocrx_word' id='word_1_43' title='bbox 1233 1091 1320 1186; x_wconf 76' lang='lat' dir='ltr'>meg</span> <span class='ocrx_word' id='word_1_44' title='bbox 1349 1117 1370 1163; x_wconf 86' lang='lat' dir='ltr'>a</span> 
     </span>
     <span class='ocr_line' id='line_1_7' title="bbox 67 1217 1370 1314; baseline 0 -24"><span class='ocrx_word' id='word_1_45' title='bbox 67 1219 433 1314; x_wconf 77' lang='lat' dir='ltr'>leghatetrozottabb</span> <span class='ocrx_word' id='word_1_46' title='bbox 470 1219 636 1308; x_wconf 78' lang='lat' dir='ltr'>haladas,</span> <span class='ocrx_word' id='word_1_47' title='bbox 673 1243 715 1290; x_wconf 84' lang='lat' dir='ltr'>az</span> <span class='ocrx_word' id='word_1_48' title='bbox 753 1219 877 1291; x_wconf 80' lang='lat' dir='ltr'>eldbbi</span> <span class='ocrx_word' id='word_1_49' title='bbox 914 1217 1191 1310; x_wconf 79' lang='lat' dir='ltr'>viszonyokhoz</span> <span class='ocrx_word' id='word_1_50' title='bbox 1226 1217 1370 1312; x_wconf 73' lang='lat' dir='ltr'>kepest.</span> 
     </span>
    </p>

    <p class='ocr_par' dir='ltr' id='par_1_3' title="bbox 185 1341 1371 1438">
     <span class='ocr_line' id='line_1_8' title="bbox 185 1341 1371 1438; baseline 0 -24"><span class='ocrx_word' id='word_1_51' title='bbox 185 1342 242 1414; x_wconf 91' lang='lat' dir='ltr'>De</span> <span class='ocrx_word' id='word_1_52' title='bbox 271 1366 293 1413; x_wconf 90' lang='lat' dir='ltr'>a</span> <span class='ocrx_word' id='word_1_53' title='bbox 321 1343 413 1436; x_wconf 85' lang='lat' dir='ltr'>talaj</span> <span class='ocrx_word' id='word_1_54' title='bbox 444 1343 501 1416; x_wconf 75' lang='lat' dir='ltr'>elii</span> <span class='ocrx_word' id='word_1_55' title='bbox 528 1343 610 1415; x_wconf 90' lang='lat' dir='ltr'>volt</span> <span class='ocrx_word' id='word_1_56' title='bbox 638 1343 816 1415; x_wconf 73' lang='lat' dir='ltr'>keszitve.</span> <span class='ocrx_word' id='word_1_57' title='bbox 845 1343 882 1414; x_wconf 88' lang='lat' dir='ltr'>A</span> <span class='ocrx_word' id='word_1_58' title='bbox 911 1348 1058 1414; x_wconf 85' lang='lat' dir='ltr'>nemzet</span> <span class='ocrx_word' id='word_1_59' title='bbox 1087 1341 1241 1430; x_wconf 73' lang='lat' dir='ltr'>balatte,</span> <span class='ocrx_word' id='word_1_60' title='bbox 1269 1343 1371 1438; x_wconf 89' lang='lat' dir='ltr'>hogy</span> 
     </span>
    </p>
   </div>
   <div class='ocr_carea' id='block_1_3' title="bbox 68 1592 1498 2316">
    <p class='ocr_par' dir='ltr' id='par_1_4' title="bbox 68 1592 1498 2067">
     <span class='ocr_line' id='line_1_9' title="bbox 72 1592 1369 1694; baseline -0.003 -28"><span class='ocrx_word' id='word_1_61' title='bbox 72 1595 363 1668; x_wconf 81' lang='lat' dir='ltr'>1839—40-iki</span> <span class='ocrx_word' id='word_1_62' title='bbox 393 1594 524 1694; x_wconf 73' lang='lat' dir='ltr'>dietari</span> <span class='ocrx_word' id='word_1_63' title='bbox 553 1594 738 1690; x_wconf 74' lang='lat' dir='ltr'>aranylag</span> <span class='ocrx_word' id='word_1_64' title='bbox 765 1595 945 1687; x_wconf 78' lang='lat' dir='ltr'>konnyen</span> <span class='ocrx_word' id='word_1_65' title='bbox 973 1599 1079 1665; x_wconf 85' lang='lat' dir='ltr'>ment</span> <span class='ocrx_word' id='word_1_66' title='bbox 1107 1592 1297 1663; x_wconf 85' lang='lat' dir='ltr'>keresztiil</span> <span class='ocrx_word' id='word_1_67' title='bbox 1326 1617 1369 1664; x_wconf 82' lang='lat' dir='ltr'>aa</span> 
     </span>
     <span class='ocr_line' id='line_1_10' title="bbox 68 1717 1369 1815; baseline -0.004 -23"><span class='ocrx_word' id='word_1_68' title='bbox 68 1720 332 1815; x_wconf 74' lang='lat' dir='ltr'>drdkvaltsag,</span> <span class='ocrx_word' id='word_1_69' title='bbox 360 1719 521 1812; x_wconf 75' lang='lat' dir='ltr'>melyert</span> <span class='ocrx_word' id='word_1_70' title='bbox 550 1743 592 1790; x_wconf 82' lang='lat' dir='ltr'>aa</span> <span class='ocrx_word' id='word_1_71' title='bbox 622 1719 746 1792; x_wconf 79' lang='lat' dir='ltr'>eldbbi</span> <span class='ocrx_word' id='word_1_72' title='bbox 781 1719 1096 1815; x_wconf 79' lang='lat' dir='ltr'>orezaggyiile&#39;sen</span> <span class='ocrx_word' id='word_1_73' title='bbox 1129 1717 1243 1789; x_wconf 80' lang='lat' dir='ltr'>hiaba</span> <span class='ocrx_word' id='word_1_74' title='bbox 1280 1718 1369 1788; x_wconf 79' lang='lat' dir='ltr'>knz-</span> 
     </span>
     <span class='ocr_line' id='line_1_11' title="bbox 69 1843 1498 1940; baseline -0.004 -22"><span class='ocrx_word' id='word_1_75' title='bbox 69 1846 221 1918; x_wconf 77' lang='lat' dir='ltr'>diittek.</span> <span class='ocrx_word' id='word_1_76' title='bbox 260 1845 318 1917; x_wconf 74' lang='grc' dir='ltr'>ΑΖ</span> <span class='ocrx_word' id='word_1_77' title='bbox 357 1845 433 1918; x_wconf 79' lang='lat' dir='ltr'>elsd</span> <span class='ocrx_word' id='word_1_78' title='bbox 471 1845 701 1940; x_wconf 74' lang='lat' dir='ltr'>megvaltott</span> <span class='ocrx_word' id='word_1_79' title='bbox 736 1845 876 1940; x_wconf 76' lang='lat' dir='ltr'>kdzseg</span> <span class='ocrx_word' id='word_1_80' title='bbox 914 1843 1068 1916; x_wconf 86' lang='lat' dir='ltr'>Medina</span> <span class='ocrx_word' id='word_1_81' title='bbox 1106 1843 1195 1931; x_wconf 86' lang='lat' dir='ltr'>volt,</span> <span class='ocrx_word' id='word_1_82' title='bbox 1235 1843 1368 1914; x_wconf 84' lang='lat' dir='ltr'>Tolna-</span> <span class='ocrx_word' id='word_1_83' title='bbox 1495 1917 1498 1924; x_wconf 62' lang='grc'><strong>,</strong></span> 
     </span>
     <span class='ocr_line' id='line_1_12' title="bbox 70 1969 858 2067; baseline -0.005 -23"><span class='ocrx_word' id='word_1_84' title='bbox 70 1971 294 2067; x_wconf 76' lang='lat' dir='ltr'>megyeben,</span> <span class='ocrx_word' id='word_1_85' title='bbox 323 1969 502 2063; x_wconf 76' lang='lat' dir='ltr'>Bezerddj</span> <span class='ocrx_word' id='word_1_86' title='bbox 533 1969 666 2042; x_wconf 74' lang='lat' dir='ltr'>Istron</span> <span class='ocrx_word' id='word_1_87' title='bbox 694 1971 858 2042; x_wconf 87' lang='lat' dir='ltr'>birtoka.</span> 
     </span>
    </p>

    <p class='ocr_par' dir='ltr' id='par_1_5' title="bbox 69 2093 1366 2316">
     <span class='ocr_line' id='line_1_13' title="bbox 183 2093 1366 2190; baseline -0.003 -22"><span class='ocrx_word' id='word_1_88' title='bbox 183 2097 241 2169; x_wconf 76' lang='grc' dir='ltr'>ΑΖ</span> <span class='ocrx_word' id='word_1_89' title='bbox 256 2097 431 2168; x_wconf 82' lang='lat' dir='ltr'>1844-iki</span> <span class='ocrx_word' id='word_1_90' title='bbox 447 2095 714 2190; x_wconf 72' lang='lat' dir='ltr'>orszdggydles</span> <span class='ocrx_word' id='word_1_91' title='bbox 728 2095 1036 2188; x_wconf 83' lang='lat' dir='ltr'>beczikkelyezte</span> <span class='ocrx_word' id='word_1_92' title='bbox 1050 2093 1366 2166; x_wconf 85' lang='lat' dir='ltr'>anem-nemesek</span> 
     </span>
     <span class='ocr_line' id='line_1_14' title="bbox 69 2219 697 2316; baseline -0.002 -24"><span class='ocrx_word' id='word_1_93' title='bbox 69 2221 236 2293; x_wconf 78' lang='lat' dir='ltr'>hiratal-</span> <span class='ocrx_word' id='word_1_94' title='bbox 264 2221 303 2293; x_wconf 85' lang='lat' dir='ltr'>e&#39;s</span> <span class='ocrx_word' id='word_1_95' title='bbox 331 2219 697 2316; x_wconf 76' lang='lat' dir='ltr'>birtokkdpesseget.</span> 
     </span>
    </p>
   </div>
   <div class='ocr_carea' id='block_1_4' title="bbox 69 2458 1366 2552">
    <p class='ocr_par' dir='ltr' id='par_1_6' title="bbox 69 2458 1366 2552">
     <span class='ocr_line' id='line_1_15' title="bbox 69 2458 1366 2552; baseline -0.003 -20"><span class='ocrx_word' id='word_1_96' title='bbox 69 2461 275 2552; x_wconf 83' lang='lat' dir='ltr'>Leopoldi</span> <span class='ocrx_word' id='word_1_97' title='bbox 308 2461 367 2532; x_wconf 92' lang='lat'>11.</span> <span class='ocrx_word' id='word_1_98' title='bbox 401 2461 506 2551; x_wconf 85' lang='lat' dir='ltr'><strong>Imp.</strong></span> <span class='ocrx_word' id='word_1_99' title='bbox 541 2462 583 2532; x_wconf 88' lang='lat' dir='ltr'>et</span> <span class='ocrx_word' id='word_1_100' title='bbox 605 2459 733 2550; x_wconf 85' lang='lat' dir='ltr'>Regis</span> <span class='ocrx_word' id='word_1_101' title='bbox 755 2459 981 2530; x_wconf 80' lang='lat' dir='ltr'><strong>Decretum</strong></span> <span class='ocrx_word' id='word_1_102' title='bbox 1002 2459 1035 2528; x_wconf 91' lang='lat'>1.</span> <span class='ocrx_word' id='word_1_103' title='bbox 1058 2458 1175 2530; x_wconf 76' lang='lat' dir='ltr'>Anni</span> <span class='ocrx_word' id='word_1_104' title='bbox 1196 2459 1366 2548; x_wconf 76' lang='lat' dir='ltr'>1790s91.</span> 
     </span>
    </p>
   </div>
   <div class='ocr_carea' id='block_1_5' title="bbox 1 2619 1377 4754">
    <p class='ocr_par' dir='ltr' id='par_1_7' title="bbox 70 2619 1364 2925">
     <span class='ocr_line' id='line_1_16' title="bbox 182 2619 1364 2690; baseline 0.002 -2"><span class='ocrx_word' id='word_1_105' title='bbox 182 2621 363 2690; x_wconf 82' lang='lat' dir='ltr'>Articulus</span> <span class='ocrx_word' id='word_1_106' title='bbox 387 2623 442 2689; x_wconf 82' lang='lat'>35.</span> <span class='ocrx_word' id='word_1_107' title='bbox 466 2621 518 2688; x_wconf 85' lang='lat' dir='ltr'>De</span> <span class='ocrx_word' id='word_1_108' title='bbox 542 2641 636 2689; x_wconf 79' lang='lat' dir='ltr'>nexo</span> <span class='ocrx_word' id='word_1_109' title='bbox 661 2619 901 2689; x_wconf 82' lang='lat' dir='ltr'>Dominarum</span> <span class='ocrx_word' id='word_1_110' title='bbox 921 2621 1156 2690; x_wconf 81' lang='lat' dir='ltr'>Terrestrium</span> <span class='ocrx_word' id='word_1_111' title='bbox 1174 2641 1256 2689; x_wconf 82' lang='lat' dir='ltr'>cnm</span> <span class='ocrx_word' id='word_1_112' title='bbox 1274 2621 1364 2690; x_wconf 87' lang='lat' dir='ltr'>Sub-</span> 
     </span>
     <span class='ocr_line' id='line_1_17' title="bbox 70 2729 1362 2819; baseline 0 -23"><span class='ocrx_word' id='word_1_113' title='bbox 70 2729 181 2796; x_wconf 81' lang='lat' dir='ltr'>ditis:</span> <span class='ocrx_word' id='word_1_114' title='bbox 214 2729 266 2796; x_wconf 85' lang='lat' dir='ltr'>De</span> <span class='ocrx_word' id='word_1_115' title='bbox 300 2729 592 2798; x_wconf 77' lang='lat' dir='ltr'>administranda</span> <span class='ocrx_word' id='word_1_116' title='bbox 627 2729 676 2796; x_wconf 86' lang='lat' dir='ltr'>eis</span> <span class='ocrx_word' id='word_1_117' title='bbox 706 2735 873 2819; x_wconf 77' lang='lat' dir='ltr'><em>prompte</em></span> <span class='ocrx_word' id='word_1_118' title='bbox 898 2729 1055 2817; x_wconf 79' lang='lat' dir='ltr'>justitio,</span> <span class='ocrx_word' id='word_1_119' title='bbox 1088 2750 1131 2797; x_wconf 87' lang='lat' dir='ltr'>ac</span> <span class='ocrx_word' id='word_1_120' title='bbox 1165 2729 1209 2797; x_wconf 87' lang='lat' dir='ltr'>de</span> <span class='ocrx_word' id='word_1_121' title='bbox 1249 2729 1362 2797; x_wconf 81' lang='lat' dir='ltr'>libera</span> 
     </span>
     <span class='ocr_line' id='line_1_18' title="bbox 72 2835 555 2925; baseline 0 -21"><span class='ocrx_word' id='word_1_122' title='bbox 72 2835 294 2904; x_wconf 84' lang='lat' dir='ltr'>Colonorum</span> <span class='ocrx_word' id='word_1_123' title='bbox 318 2837 555 2925; x_wconf 76' lang='lat' dir='ltr'>miqrutione:</span> 
     </span>
    </p>

    <p class='ocr_par' dir='ltr' id='par_1_8' title="bbox 69 2944 1377 4428">
     <span class='ocr_line' id='line_1_19' title="bbox 180 2944 1365 3031; baseline -0.004 -18"><span class='ocrx_word' id='word_1_124' title='bbox 180 2947 231 3013; x_wconf 93' lang='lat' dir='ltr'>Ut</span> <span class='ocrx_word' id='word_1_125' title='bbox 255 2969 302 3030; x_wconf 89' lang='lat' dir='ltr'>ea,</span> <span class='ocrx_word' id='word_1_126' title='bbox 326 2969 413 3031; x_wconf 87' lang='lat' dir='ltr'>quae</span> <span class='ocrx_word' id='word_1_127' title='bbox 436 2969 561 3011; x_wconf 81' lang='lat' dir='ltr'>nexum</span> <span class='ocrx_word' id='word_1_128' title='bbox 585 2947 812 3011; x_wconf 90' lang='lat' dir='ltr'>Dominorum</span> <span class='ocrx_word' id='word_1_129' title='bbox 844 2947 1074 3011; x_wconf 77' lang='lat' dir='ltr'>Terrestrium</span> <span class='ocrx_word' id='word_1_130' title='bbox 1107 2968 1184 3010; x_wconf 91' lang='lat' dir='ltr'>cum</span> <span class='ocrx_word' id='word_1_131' title='bbox 1217 2944 1365 3010; x_wconf 91' lang='lat' dir='ltr'>subditis</span> 
     </span>
     <span class='ocr_line' id='line_1_20' title="bbox 71 3051 1366 3139; baseline -0.005 -19"><span class='ocrx_word' id='word_1_132' title='bbox 71 3061 291 3136; x_wconf 69' lang='lat' dir='ltr'>concernunt,</span> <span class='ocrx_word' id='word_1_133' title='bbox 330 3055 581 3139; x_wconf 89' lang='lat' dir='ltr'>eorundemque</span> <span class='ocrx_word' id='word_1_134' title='bbox 614 3057 908 3119; x_wconf 84' lang='lat' dir='ltr'>conservationem</span> <span class='ocrx_word' id='word_1_135' title='bbox 940 3055 1137 3136; x_wconf 89' lang='lat' dir='ltr'>respiciunt,</span> <span class='ocrx_word' id='word_1_136' title='bbox 1170 3051 1366 3116; x_wconf 88' lang='lat' dir='ltr'>diaetaliter</span> 
     </span>
     <span class='ocr_line' id='line_1_21' title="bbox 71 3157 1363 3246; baseline -0.004 -20"><span class='ocrx_word' id='word_1_137' title='bbox 71 3183 206 3246; x_wconf 85' lang='lat' dir='ltr'><strong>semper</strong></span> <span class='ocrx_word' id='word_1_138' title='bbox 229 3167 424 3225; x_wconf 73' lang='lat' dir='ltr'>tractentur</span> <span class='ocrx_word' id='word_1_139' title='bbox 446 3169 481 3225; x_wconf 89' lang='lat' dir='ltr'>et</span> <span class='ocrx_word' id='word_1_140' title='bbox 514 3161 731 3244; x_wconf 86' lang='lat' dir='ltr'>definiantur,</span> <span class='ocrx_word' id='word_1_141' title='bbox 764 3184 803 3225; x_wconf 84' lang='lat' dir='ltr'>ac</span> <span class='ocrx_word' id='word_1_142' title='bbox 836 3161 978 3244; x_wconf 81' lang='lat' dir='ltr'>proinde</span> <span class='ocrx_word' id='word_1_143' title='bbox 1011 3157 1198 3226; x_wconf 87' lang='lat' dir='ltr'>Urbarium</span> <span class='ocrx_word' id='word_1_144' title='bbox 1230 3179 1363 3243; x_wconf 92' lang='lat' dir='ltr'>quoque</span> 
     </span>
     <span class='ocr_line' id='line_1_22' title="bbox 71 3267 1364 3354; baseline -0.005 -20"><span class='ocrx_word' id='word_1_145' title='bbox 71 3269 268 3334; x_wconf 86' lang='lat' dir='ltr'>diaetaliter</span> <span class='ocrx_word' id='word_1_146' title='bbox 293 3267 495 3351; x_wconf 76' lang='lat' dir='ltr'>elaboretur,</span> <span class='ocrx_word' id='word_1_147' title='bbox 519 3277 554 3332; x_wconf 92' lang='lat' dir='ltr'>et</span> <span class='ocrx_word' id='word_1_148' title='bbox 578 3269 834 3350; x_wconf 89' lang='lat' dir='ltr'>determinetur,</span> <span class='ocrx_word' id='word_1_149' title='bbox 858 3290 1004 3354; x_wconf 90' lang='lat' dir='ltr'>eousque</span> <span class='ocrx_word' id='word_1_150' title='bbox 1032 3275 1156 3350; x_wconf 85' lang='lat' dir='ltr'>autem,</span> <span class='ocrx_word' id='word_1_151' title='bbox 1189 3267 1295 3331; x_wconf 88' lang='lat' dir='ltr'>donec</span> <span class='ocrx_word' id='word_1_152' title='bbox 1328 3268 1364 3329; x_wconf 89' lang='lat' dir='ltr'>in</span> 
     </span>
     <span class='ocr_line' id='line_1_23' title="bbox 69 3375 1365 3458; baseline -0.004 -17"><span class='ocrx_word' id='word_1_153' title='bbox 69 3379 159 3442; x_wconf 88' lang='lat' dir='ltr'>Rem</span> <span class='ocrx_word' id='word_1_154' title='bbox 182 3375 271 3440; x_wconf 89' lang='lat' dir='ltr'>hanc</span> <span class='ocrx_word' id='word_1_155' title='bbox 295 3375 491 3440; x_wconf 86' lang='lat' dir='ltr'>diaetaliter</span> <span class='ocrx_word' id='word_1_156' title='bbox 513 3376 608 3440; x_wconf 85' lang='lat' dir='ltr'>aliud</span> <span class='ocrx_word' id='word_1_157' title='bbox 632 3379 859 3440; x_wconf 89' lang='lat' dir='ltr'>constitutum</span> <span class='ocrx_word' id='word_1_158' title='bbox 883 3375 997 3456; x_wconf 83' lang='lat' dir='ltr'>fuerit,</span> <span class='ocrx_word' id='word_1_159' title='bbox 1029 3375 1181 3440; x_wconf 89' lang='lat' dir='ltr'>hucdum</span> <span class='ocrx_word' id='word_1_160' title='bbox 1214 3376 1365 3458; x_wconf 87' lang='lat' dir='ltr'>praeexi-</span> 
     </span>
     <span class='ocr_line' id='line_1_24' title="bbox 72 3483 1363 3568; baseline -0.003 -19"><span class='ocrx_word' id='word_1_161' title='bbox 72 3493 174 3568; x_wconf 87' lang='lat' dir='ltr'>stens,</span> <span class='ocrx_word' id='word_1_162' title='bbox 195 3483 258 3549; x_wconf 90' lang='lat' dir='ltr'>sub</span> <span class='ocrx_word' id='word_1_163' title='bbox 282 3485 466 3568; x_wconf 88' lang='lat' dir='ltr'>Regimine</span> <span class='ocrx_word' id='word_1_164' title='bbox 490 3485 668 3568; x_wconf 84' lang='lat' dir='ltr'>Augustae</span> <span class='ocrx_word' id='word_1_165' title='bbox 692 3487 853 3550; x_wconf 88' lang='lat' dir='ltr'>memorie</span> <span class='ocrx_word' id='word_1_166' title='bbox 877 3484 1119 3567; x_wconf 82' lang='lat' dir='ltr'>Imperatricis,</span> <span class='ocrx_word' id='word_1_167' title='bbox 1142 3490 1177 3546; x_wconf 91' lang='lat' dir='ltr'>et</span> <span class='ocrx_word' id='word_1_168' title='bbox 1209 3483 1363 3566; x_wconf 84' lang='lat' dir='ltr'>Reginae</span> 
     </span>
     <span class='ocr_line' id='line_1_25' title="bbox 71 3590 1363 3676; baseline -0.005 -19"><span class='ocrx_word' id='word_1_169' title='bbox 71 3591 289 3676; x_wconf 89' lang='lat' dir='ltr'>Apostolicae</span> <span class='ocrx_word' id='word_1_170' title='bbox 313 3591 443 3656; x_wconf 84' lang='lat' dir='ltr'>Mariae</span> <span class='ocrx_word' id='word_1_171' title='bbox 467 3593 657 3674; x_wconf 80' lang='lat' dir='ltr'>Theresiae,</span> <span class='ocrx_word' id='word_1_172' title='bbox 681 3593 878 3657; x_wconf 87' lang='lat' dir='ltr'>introducta</span> <span class='ocrx_word' id='word_1_173' title='bbox 901 3591 1093 3658; x_wconf 87' lang='lat' dir='ltr'>Urbarialis</span> <span class='ocrx_word' id='word_1_174' title='bbox 1115 3590 1310 3673; x_wconf 89' lang='lat' dir='ltr'>Regulatio,</span> <span class='ocrx_word' id='word_1_175' title='bbox 1327 3591 1363 3651; x_wconf 91' lang='lat' dir='ltr'>in</span> 
     </span>
     <span class='ocr_line' id='line_1_26' title="bbox 72 3700 1377 3786; baseline -0.004 -22"><span class='ocrx_word' id='word_1_176' title='bbox 72 3701 238 3785; x_wconf 84' lang='lat' dir='ltr'>qualitate</span> <span class='ocrx_word' id='word_1_177' title='bbox 272 3701 476 3764; x_wconf 88' lang='lat' dir='ltr'>interimalis</span> <span class='ocrx_word' id='word_1_178' title='bbox 509 3703 722 3784; x_wconf 68' lang='lat' dir='ltr'>provisionis</span> <span class='ocrx_word' id='word_1_179' title='bbox 756 3709 827 3764; x_wconf 87' lang='lat' dir='ltr'>tam</span> <span class='ocrx_word' id='word_1_180' title='bbox 851 3701 962 3786; x_wconf 86' lang='lat' dir='ltr'>quoad</span> <span class='ocrx_word' id='word_1_181' title='bbox 987 3703 1077 3783; x_wconf 83' lang='lat' dir='ltr'>ipses</span> <span class='ocrx_word' id='word_1_182' title='bbox 1110 3700 1377 3764; x_wconf 63' lang='lat' dir='ltr'>Praestationes&#39;</span> 
     </span>
     <span class='ocr_line' id='line_1_27' title="bbox 72 3807 1363 3894; baseline -0.005 -20"><span class='ocrx_word' id='word_1_183' title='bbox 72 3808 277 3892; x_wconf 81' lang='lat' dir='ltr'>Urbariales,</span> <span class='ocrx_word' id='word_1_184' title='bbox 300 3831 403 3894; x_wconf 87' lang='lat' dir='ltr'>quam</span> <span class='ocrx_word' id='word_1_185' title='bbox 425 3817 460 3873; x_wconf 89' lang='lat' dir='ltr'>et</span> <span class='ocrx_word' id='word_1_186' title='bbox 484 3813 770 3875; x_wconf 86' lang='lat' dir='ltr'>concomitantem</span> <span class='ocrx_word' id='word_1_187' title='bbox 794 3811 1013 3876; x_wconf 85' lang='lat' dir='ltr'>urbarialiter</span> <span class='ocrx_word' id='word_1_188' title='bbox 1036 3809 1214 3874; x_wconf 83' lang='lat' dir='ltr'>definitam</span> <span class='ocrx_word' id='word_1_189' title='bbox 1245 3807 1363 3871; x_wconf 87' lang='lat' dir='ltr'>Rusti-</span> 
     </span>
     <span class='ocr_line' id='line_1_28' title="bbox 72 3914 1361 4002; baseline -0.003 -23"><span class='ocrx_word' id='word_1_190' title='bbox 72 3938 187 3980; x_wconf 89' lang='lat' dir='ltr'>corum</span> <span class='ocrx_word' id='word_1_191' title='bbox 220 3939 239 3980; x_wconf 92' lang='lat' dir='ltr'>a</span> <span class='ocrx_word' id='word_1_192' title='bbox 271 3915 428 3980; x_wconf 87' lang='lat' dir='ltr'>Dominis</span> <span class='ocrx_word' id='word_1_193' title='bbox 470 3919 539 3980; x_wconf 89' lang='lat' dir='ltr'>suis</span> <span class='ocrx_word' id='word_1_194' title='bbox 579 3917 813 3982; x_wconf 79' lang='lat' dir='ltr'>Terrestribus</span> <span class='ocrx_word' id='word_1_195' title='bbox 852 3919 1135 4002; x_wconf 86' lang='lat' dir='ltr'>Dependentiam,</span> <span class='ocrx_word' id='word_1_196' title='bbox 1173 3914 1361 3998; x_wconf 89' lang='lat' dir='ltr'>horumque</span> 
     </span>
     <span class='ocr_line' id='line_1_29' title="bbox 71 4019 1361 4108; baseline -0.003 -22"><span class='ocrx_word' id='word_1_197' title='bbox 71 4025 223 4086; x_wconf 87' lang='lat' dir='ltr'>vicissim</span> <span class='ocrx_word' id='word_1_198' title='bbox 246 4025 283 4086; x_wconf 92' lang='lat' dir='ltr'>in</span> <span class='ocrx_word' id='word_1_199' title='bbox 307 4023 468 4086; x_wconf 88' lang='lat' dir='ltr'>Rusticos</span> <span class='ocrx_word' id='word_1_200' title='bbox 491 4024 776 4088; x_wconf 85' lang='lat' dir='ltr'>Jurisdictionem</span> <span class='ocrx_word' id='word_1_201' title='bbox 800 4032 834 4088; x_wconf 91' lang='lat' dir='ltr'>et</span> <span class='ocrx_word' id='word_1_202' title='bbox 857 4025 1096 4108; x_wconf 85' lang='lat' dir='ltr'>Activitatem,</span> <span class='ocrx_word' id='word_1_203' title='bbox 1120 4043 1226 4107; x_wconf 86' lang='lat' dir='ltr'>usque</span> <span class='ocrx_word' id='word_1_204' title='bbox 1243 4019 1361 4103; x_wconf 86' lang='lat' dir='ltr'>futura</span> 
     </span>
     <span class='ocr_line' id='line_1_30' title="bbox 73 4128 1361 4216; baseline -0.004 -22"><span class='ocrx_word' id='word_1_205' title='bbox 73 4129 219 4194; x_wconf 86' lang='lat' dir='ltr'>Comitia</span> <span class='ocrx_word' id='word_1_206' title='bbox 241 4128 343 4193; x_wconf 88' lang='lat' dir='ltr'>Anno</span> <span class='ocrx_word' id='word_1_207' title='bbox 370 4131 464 4194; x_wconf 74' lang='grc'><strong>1792.</strong></span> <span class='ocrx_word' id='word_1_208' title='bbox 489 4131 700 4215; x_wconf 85' lang='lat' dir='ltr'>celebranda,</span> <span class='ocrx_word' id='word_1_209' title='bbox 724 4131 851 4216; x_wconf 90' lang='lat' dir='ltr'>absque</span> <span class='ocrx_word' id='word_1_210' title='bbox 876 4132 946 4196; x_wconf 82' lang='lat' dir='ltr'>ulle</span> <span class='ocrx_word' id='word_1_211' title='bbox 969 4133 1093 4196; x_wconf 84' lang='lat' dir='ltr'>exinde</span> <span class='ocrx_word' id='word_1_212' title='bbox 1116 4137 1235 4194; x_wconf 82' lang='lat' dir='ltr'>contre</span> <span class='ocrx_word' id='word_1_213' title='bbox 1252 4129 1361 4211; x_wconf 88' lang='lat' dir='ltr'>Leges</span> 
     </span>
     <span class='ocr_line' id='line_1_31' title="bbox 71 4237 1360 4324; baseline -0.005 -21"><span class='ocrx_word' id='word_1_214' title='bbox 71 4237 182 4321; x_wconf 87' lang='lat' dir='ltr'>Regni</span> <span class='ocrx_word' id='word_1_215' title='bbox 206 4237 496 4302; x_wconf 85' lang='lat' dir='ltr'>Fundamentales</span> <span class='ocrx_word' id='word_1_216' title='bbox 514 4238 692 4303; x_wconf 85' lang='lat' dir='ltr'>formanda</span> <span class='ocrx_word' id='word_1_217' title='bbox 717 4242 967 4324; x_wconf 76' lang='lat' dir='ltr'>consequentia,</span> <span class='ocrx_word' id='word_1_218' title='bbox 991 4238 1179 4319; x_wconf 82' lang='lat' dir='ltr'>retinenda,</span> <span class='ocrx_word' id='word_1_219' title='bbox 1195 4241 1360 4308; x_wconf 85' lang='lat' dir='ltr'>accurate,</span> 
     </span>
     <span class='ocr_line' id='line_1_32' title="bbox 72 4345 729 4428; baseline 0.006 -20"><span class='ocrx_word' id='word_1_220' title='bbox 72 4345 192 4426; x_wconf 78' lang='lat' dir='ltr'>ubiviS,</span> <span class='ocrx_word' id='word_1_221' title='bbox 217 4353 251 4409; x_wconf 88' lang='lat' dir='ltr'>et</span> <span class='ocrx_word' id='word_1_222' title='bbox 276 4368 335 4428; x_wconf 88' lang='lat' dir='ltr'>per</span> <span class='ocrx_word' id='word_1_223' title='bbox 357 4368 473 4410; x_wconf 88' lang='lat' dir='ltr'>omnes</span> <span class='ocrx_word' id='word_1_224' title='bbox 497 4347 729 4412; x_wconf 83' lang='lat' dir='ltr'>observentur.</span> 
     </span>
    </p>

    <p class='ocr_par' dir='ltr' id='par_1_9' title="bbox 1 4452 1359 4754">
     <span class='ocr_line' id='line_1_33' title="bbox 176 4452 1359 4537; baseline -0.002 -22"><span class='ocrx_word' id='word_1_225' title='bbox 176 4452 281 4516; x_wconf 88' lang='lat' dir='ltr'>Porro</span> <span class='ocrx_word' id='word_1_226' title='bbox 305 4453 409 4537; x_wconf 85' lang='lat' dir='ltr'>legali</span> <span class='ocrx_word' id='word_1_227' title='bbox 433 4452 573 4517; x_wconf 87' lang='lat' dir='ltr'>Sedium</span> <span class='ocrx_word' id='word_1_228' title='bbox 606 4453 839 4519; x_wconf 85' lang='lat' dir='ltr'>Dominalium</span> <span class='ocrx_word' id='word_1_229' title='bbox 861 4453 1053 4520; x_wconf 76' lang='lat' dir='ltr'>¹activitate</span> <span class='ocrx_word' id='word_1_230' title='bbox 1085 4452 1287 4534; x_wconf 86' lang='lat' dir='ltr'>restabilita,</span> <span class='ocrx_word' id='word_1_231' title='bbox 1320 4459 1359 4514; x_wconf 93' lang='lat' dir='ltr'>ut</span> 
     </span>
     <span class='ocr_line' id='line_1_34' title="bbox 1 4559 1359 4646; baseline -0.001 -22"><span class='ocrx_word' id='word_1_232' title='bbox 1 4561 2 4624; x_wconf 55' lang='grc' dir='ltr'>ᾗ</span> <span class='ocrx_word' id='word_1_233' title='bbox 72 4561 164 4642; x_wconf 89' lang='lat' dir='ltr'>seri0,</span> <span class='ocrx_word' id='word_1_234' title='bbox 187 4567 222 4624; x_wconf 88' lang='lat' dir='ltr'>et</span> <span class='ocrx_word' id='word_1_235' title='bbox 246 4559 433 4625; x_wconf 83' lang='lat' dir='ltr'>efficaciter</span> <span class='ocrx_word' id='word_1_236' title='bbox 457 4561 659 4644; x_wconf 85' lang='lat' dir='ltr'>provideant</span> <span class='ocrx_word' id='word_1_237' title='bbox 681 4565 833 4626; x_wconf 87' lang='lat' dir='ltr'>universi</span> <span class='ocrx_word' id='word_1_238' title='bbox 848 4563 963 4646; x_wconf 86' lang='lat' dir='ltr'>Regni</span> <span class='ocrx_word' id='word_1_239' title='bbox 980 4561 1182 4644; x_wconf 67' lang='lat' dir='ltr'>Comitatus</span> <span class='ocrx_word' id='word_1_240' title='bbox 1199 4569 1238 4624; x_wconf 92' lang='lat' dir='ltr'>ut</span> <span class='ocrx_word' id='word_1_241' title='bbox 1255 4559 1359 4624; x_wconf 83' lang='lat' dir='ltr'>Sedes</span> 
     </span>
     <span class='ocr_line' id='line_1_35' title="bbox 72 4667 1359 4754; baseline -0.002 -22"><span class='ocrx_word' id='word_1_242' title='bbox 72 4667 273 4750; x_wconf 81' lang='lat' dir='ltr'>Domineles,</span> <span class='ocrx_word' id='word_1_243' title='bbox 306 4670 342 4731; x_wconf 90' lang='lat' dir='ltr'>in</span> <span class='ocrx_word' id='word_1_244' title='bbox 375 4668 600 4732; x_wconf 88' lang='lat' dir='ltr'>discutiendis</span> <span class='ocrx_word' id='word_1_245' title='bbox 634 4669 857 4733; x_wconf 89' lang='lat' dir='ltr'>Rusticorum</span> <span class='ocrx_word' id='word_1_246' title='bbox 890 4670 1037 4754; x_wconf 89' lang='lat' dir='ltr'>querelis</span> <span class='ocrx_word' id='word_1_247' title='bbox 1071 4678 1105 4733; x_wconf 91' lang='lat' dir='ltr'>et</span> <span class='ocrx_word' id='word_1_248' title='bbox 1139 4671 1249 4732; x_wconf 79' lang='lat' dir='ltr'>causis</span> <span class='ocrx_word' id='word_1_249' title='bbox 1282 4688 1359 4731; x_wconf 89' lang='lat' dir='ltr'>con-</span> 
     </span>
    </p>
   </div>
   <div class='ocr_carea' id='block_1_6' title="bbox 0 0 1576 5216">
    <p class='ocr_par' dir='ltr' id='par_1_10' title="bbox 0 0 1576 5216">
     <span class='ocr_line' id='line_1_36' title="bbox 0 0 1576 5216; baseline 0 0"><span class='ocrx_word' id='word_1_250' title='bbox 0 0 1576 5216; x_wconf 95' lang='lat' dir='ltr'> </span> 
     </span>
    </p>
   </div>
  </div>
 </body>
</html>
