3160 5212
1287 335 1353 398 295

69 533 247 614 iudiciaria,
280 533 340 597 sed
373 535 409 596 in
441 531 546 597 Curia
579 532 724 596 militari
755 532 886 616 Regiae
910 533 1121 598 Maiestatis:
1160 533 1215 598 Ad
1256 533 1351 598 illam

67 639 227 724 siquidem
244 639 297 718 (ut
318 639 523 723 praefertur)
543 648 578 706 et
602 662 671 704 non
695 641 738 704 ad
762 640 877 704 sedem
901 641 1125 724 iudiciariam,
1145 642 1352 706 eiuscemodi

66 769 162 830 genus
186 748 310 812 iudicii
333 751 503 832 pertinere
528 749 627 831 plane
651 750 873 834 dignoscitur.
1091 817 1094 822 ,

161 853 241 918 Art.
266 854 443 919 XXXIX.
467 856 558 920 Item
581 857 662 941 quia
685 857 728 920 de
752 856 924 937 violentis,
953 855 1186 941 indebitisque
1219 855 1353 920 661616-

66 985 133 1028 rum
163 965 239 1028 sive
274 964 480 1028 rusticorum
515 963 790 1046 abductionibus,
828 965 917 1027 varii
956 963 1129 1045 clamores,
1167 965 1351 1048 variaeque

65 1069 224 1156 querelae,
258 1073 373 1134 variae
405 1073 511 1135 etiam
543 1070 622 1135 lites
655 1078 689 1135 et
724 1073 975 1136 controversiae
1010 1073 1177 1136 oriuntur.
1201 1071 1350 1136 Proinde

64 1187 229 1242 statutum
253 1185 323 1244 est:
347 1178 445 1256 Quod
471 1181 623 1243 universi
648 1179 759 1243 coloni
783 1178 827 1243 ab
850 1199 918 1243 uno
942 1200 1041 1262 anno,
1064 1201 1172 1264 usque
1196 1180 1234 1243 in
1257 1199 1351 1262 prae·

64 1294 188 1350 sentem
214 1287 306 1350 diem
331 1284 411 1350 festi
440 1284 714 1369 Epiphaniarum
736 1285 901 1368 Domini,⁴
926 1309 985 1369 per
1013 1307 1233 1372 quoscunque
1256 1286 1352 1350 inde-

65 1395 126 1458 bite
149 1402 187 1458 61
217 1400 337 1458 eontra
370 1393 653 1458 consuetudinem
685 1393 800 1478 Regni
833 1393 984 1476 abducti,
1016 1395 1059 1458 ad
1094 1396 1352 1477 requisitionem

63 1503 211 1582 Comitis,
235 1521 352 1564 eorum
376 1501 524 1565 dominis
548 1503 785 1565 restituantur.
810 1501 847 1566 Si
870 1504 930 1586 qui
946 1522 1028 1566 vero
1044 1523 1113 1566 non
1128 1501 1351 1578 reddiderint,

62 1613 92 1672 in
122 1608 286 1693 homagio
319 1608 430 1672 ooloni
464 1610 713 1673 convincantur
754 1631 793 1673 eo
835 1609 945 1674 facto:
985 1611 1092 1674 Cuius
1131 1609 1352 1672 medietatem

62 1717 175 1781 Comes
213 1737 273 1799 pro
307 1739 351 1795 se,
384 1715 551 1800 reliquam
583 1739 665 1782 vero
699 1718 920 1782 medietatem
954 1739 1014 1802 pro
1047 1717 1116 1800 illo,
1150 1717 1248 1780 cuius
1282 1713 1351 1778 fuit

61 1824 204 1904 colonus,
230 1826 367 1909 exigere
392 1830 558 1888 teneatur.
583 1824 630 1888 Et
653 1825 717 1889 hoo
741 1825 893 1890 Comites
917 1829 954 1916 in
986 1825 1141 1910 quolibet
1165 1825 1351 1901 Comitatu,

62 1941 89 1995 et
111 1935 148 1996 in
171 1932 275 1996 bonis
298 1931 530 2016 quorumlibet
553 1934 736 2016 exquirant
760 1940 795 1996 et
819 1940 1041 2018 exequantur.
1057 1932 1220 2015 inprimis
1236 1935 1352 1992 autern

61 2041 207 2123 incipere
240 2038 389 2103 debeant
421 2041 459 2102 in
491 2039 598 2102 Bonis
635 2040 765 2124 Regiae
798 2040 1000 2121 Maiestatis,
1033 2048 1068 2104 et
1100 2038 1351 2102 illustrissimae

61 2147 225 2212 Dominae
248 2147 422 2232 Reginae:
445 2145 578 2210 Deinde
602 2168 684 2212 vero
707 2150 744 2211 in
767 2148 912 2212 aliorum
929 2147 1035 2211 bonis.
1052 2146 1220 2228 Deinceps
1236 2152 1352 2208 autern

62 2277 153 2319 nemo
198 2253 347 2318 aliorum
383 2253 586 2338 Iobagiones
625 2254 796 2318 violenter
834 2263 869 2318 et
908 2263 1026 2320 eontra
1069 2253 1352 2317 cousuetudinem

61 2363 180 2447 Regni,
217 2361 281 2426 sub
315 2381 422 2444 poena
454 2383 513 2425 sex
555 2383 755 2443 marearum,
794 2362 962 2426 abducere
1003 2367 1214 2445 praesumat:
1253 2379 1352 2424 nemo

60 2473 167 2552 etiam,
204 2469 270 2534 sub
303 2468 421 2533 eadem
454 2490 569 2552 poena,
602 2469 805 2553 Iobagiones
838 2491 924 2552 suos,
949 2472 1047 2534 iuxta
1070 2466 1353 2534 consuetudinem

59 2577 167 2662 Regni
193 2575 291 2641 abiro
306 2575 470 2657 volentes,
493 2575 608 2660 aliqua
632 2577 827 2660 excogitata
851 2575 1022 2640 calumnia
1045 2577 1192 2640 retinere
1209 2571 1352 2637 audeat:

60 2683 108 2748 lta
140 2684 238 2770 qnod
271 2705 436 2766 pauperes
469 2683 612 2748 liberam
651 2691 685 2748 et
728 2685 889 2748 manendi
922 2693 956 2748 et
981 2683 1178 2748 discedendi
1202 2680 1352 2746 habeant

59 2791 269 2856 facultatem.
309 2789 345 2854 Si
384 2791 554 2874 quispiam
593 2798 709 2854 autern
747 2792 953 2870 causabitur,
993 2813 1070 2856 suos
1109 2790 1279 2855 violenter
1317 2793 1352 2848 et

59 2897 211 2962 indebite
227 2897 393 2962 abductos
412 2935 450 2942 —
469 2897 591 2962 Comes
607 2896 700 2961 illius
716 2897 911 2962 Comitatus
928 2919 1005 2962 eum
1021 2898 1139 2962 electis
1163 2897 1293 2980 Regiis,
1317 2899 1352 2954 et

57 3005 128 3069 aliis
151 3006 257 3070 bonis
280 3003 477 3069 hominibus
500 3004 690 3068 discernat:
713 3013 748 3068 et
773 3009 802 3069 si
825 3006 998 3090 querelam
1018 3008 1145 3069 iustam
1161 3002 1352 3086 agnoverit,

57 3111 224 3176 abductos
265 3111 363 3176 reddi
396 3109 510 3192 faeiat,
543 3119 578 3175 et
612 3133 754 3194 poenam
779 3116 997 3196 praemissam
1021 3137 1040 3178 a
1064 3112 1217 3178 violento
1241 3115 1353 3172 extor-

57 3227 165 3303 queat.
203 3219 240 3283 Si
273 3221 334 3304 qui
365 3226 482 3282 autem
514 3221 675 3302 imposita
707 3219 886 3302 calumnia,
919 3221 976 3284 vel
1008 3220 1123 3305 aliqua
1157 3219 1352 3301 excogitata

56 3329 215 3390 novitate
238 3345 316 3389 suos
340 3327 555 3407 retinuerint,
580 3333 672 3408 puta,
696 3329 725 3389 si
750 3333 832 3390 tune
856 3327 1068 3391 solummodo
1092 3335 1208 3390 texam
1233 3324 1274 3386 ad
1296 3345 1352 3386 eos

57 3434 294 3515 imposuerint,
314 3433 450 3518 quando
474 3432 551 3497 illos
574 3432 668 3496 abire
692 3433 781 3497 velle
805 3437 1039 3518 cognoverint,
1062 3435 1118 3499 vel
1142 3434 1244 3516 longo
1269 3439 1353 3494 tem-

57 3559 132 3619 pore
157 3547 243 3603 ante
267 3542 513 3623 imposuerunt,
536 3548 571 3604 et
595 3541 748 3604 nondum
772 3551 970 3626 exegerunt,
994 3551 1029 3607 et
1052 3542 1116 3606 hoo
1141 3543 1296 3620 maxime,
1313 3547 1352 3601 ut

57 3644 128 3709 illos
163 3646 233 3711 hoo
263 3655 444 3730 praetextu
467 3670 601 3732 semper
624 3648 790 3713 obnoxios
813 3650 971 3735 allegare,
995 3659 1029 3714 et
1053 3649 1176 3714 exinde
1205 3649 1352 3710 retinere

56 3763 205 3836 possent,
237 3757 275 3818 in
309 3775 414 3837 poena
449 3759 642 3839 praemissa,
675 3757 739 3821 hoo
772 3766 832 3839 est,
865 3782 923 3823 sex
948 3761 1071 3823 mareis
1100 3779 1159 3841 per
1182 3756 1353 3820 Comitem

55 3860 257 3926 immediate
291 3869 325 3926 61
357 3863 642 3928 irremissibiliter
674 3866 853 3949 exigendis
886 3889 925 3930 eo
965 3865 1057 3929 laeto
1096 3867 1352 3928 convincantur.

55 3965 188 4032 'laxam
222 3971 327 4034 etiam
360 3970 668 4035 extraordinariam
697 3975 726 4035 si
750 3975 811 4057 qui
834 3976 969 4058 exigere
994 3972 1120 4054 volent,
1145 3969 1235 4034 infra
1260 3991 1353 4032 sexa-

55 4075 150 4157 ginta
188 4075 263 4141 dies
295 4079 445 4162 exigant,
486 4078 641 4162 alioquin
675 4080 891 4162 postmodum
925 4089 1005 4144 taxa
1038 4081 1112 4161 ipsa
1145 4077 1353 4140 calumniosa

56 4182 284 4268 intelligatur.

160 4291 241 4354 Art.
266 4290 395 4356 XLIV.
419 4291 508 4356 Item
534 4292 731 4357 conclusum
755 4302 816 4376 est,
840 4295 979 4378 quodsi
1003 4296 1062 4378 qni
1087 4291 1352 4377 Regnieolarum

57 4399 290 4482 cuiuscunque
334 4407 445 4462 status
476 4408 512 4463 et
545 4401 753 4465 conditionis
787 4405 946 4484 existant,
978 4424 1079 4485 super
1102 4401 1252 4480 decimis
1276 4418 1351 4460 eum

164 4635 176 4661 ⁴
199 4625 364 4680 Jannarius
383 4626 470 4680 d-ika.
