3182 5210
1312 347 1377 410 207

16 513 18 568 f
83 549 183 604 erunt
206 540 275 605 duo
300 543 337 604 in
362 563 461 604 carne
484 561 552 604 nna
571 549 606 604 et
630 541 839 626 quodDeus
863 545 1051 624 coniunxit,
1074 541 1175 606 homo
1200 563 1269 606 non
1284 563 1378 626 sepa-

15 713 16 718 ,
82 649 156 710 ret.l
180 646 315 731 Populo
339 647 405 712 Dei
428 646 495 712 sibi
525 671 566 712 ex
600 647 665 712 Dei
700 643 916 730 probidentia
950 648 1186 714 commendato
1221 649 1378 731 prodesse

82 765 116 818 et
148 777 219 820 non
252 754 380 836 obesse,
413 765 448 818 et
480 759 652 819 neminem
676 779 718 819 ex
742 759 791 820 eis
814 759 887 820 sine
912 759 996 820 iusti
1018 755 1234 841 legitimique
1257 757 1378 822 iudicii

82 865 337 926 examinatione
353 863 587 946 condemnare,
603 872 639 927 et
655 862 805 928 deterre
822 862 943 928 delere.
959 862 1160 928 Delectatus
1174 863 1377 928 Psalmistae

83 990 163 1032 voce
189 969 356 1034 dicentis:
380 969 481 1034 Beati
503 973 563 1056 qui
588 969 789 1034 custodiunt
814 972 981 1036 iudicium
1000 981 1035 1034 et
1051 969 1184 1035 faciunt
1208 974 1377 1036 iustitiam

14 1111 15 1114 ¹
82 1080 116 1140 in
149 1081 246 1141 omni
278 1085 440 1162 ternpore,
474 1081 687 1160 promittens,
729 1079 899 1162 spondens
932 1087 1035 1164 atque
1070 1077 1231 1162 pollicens
1264 1101 1377 1144 coram

80 1184 161 1268 Deo,
185 1185 295 1250 Beate
319 1193 354 1250 et
377 1183 534 1250 Gloriosa
557 1207 757 1270 semperque
789 1189 925 1272 virgine
959 1185 1024 1250 Dei
1056 1189 1225 1270 genitrice
1257 1187 1377 1269 Maria,

79 1291 189 1357 Beato
221 1292 413 1358 Adalberto
445 1292 609 1378 Martyre'
633 1301 737 1378 atque
769 1292 952 1376 Pontefice,
985 1301 1019 1356 et
1052 1293 1212 1358 omnibus
1240 1296 1377 1375 sanetis,

80 1398 252 1482 praelatis,
282 1399 476 1482 baronibus
499 1399 682 1482 nobilibus,
706 1398 885 1484 religiosis,
909 1409 944 1464 et
967 1399 1045 1464 aliis
1068 1401 1275 1484 supradictis
1307 1423 1377 1466 om-

79 1510 135 1570 nia
161 1507 338 1590 praedicta
370 1515 405 1572 et
438 1505 574 1592 singula
607 1505 753 1570 firmiter
785 1515 821 1570 et
853 1506 1104 1573 inviolabiliter
1126 1506 1316 1590 observare,
1340 1511 1377 1571 in

78 1619 250 1697 quantum
273 1612 403 1678 Divino
425 1611 536 1678 fultus
559 1611 732 1677 adiutorio
756 1611 862 1678 fuerit
882 1613 1070 1678 secundum
1094 1616 1180 1678 scire
1209 1636 1310 1679 suum
1341 1623 1376 1679 et

80 1741 185 1802 posse.
219 1720 329 1804 Super
359 1720 484 1806 quibus
516 1729 589 1784 tam
622 1719 772 1784 Berones
807 1721 974 1804 praedicti
1012 1727 1206 1805 praesentes
1245 1722 1374 1788 ibidem

78 1849 183 1912 quam
207 1827 269 1891 alii
294 1829 543 1910 praenominati
566 1829 703 1892 nomine
726 1835 761 1890 et
787 1849 846 1910 pro
863 1833 960 1910 parte
975 1826 1171 1892 absentium
1187 1830 1376 1912 praedicto-

79 1955 154 1998 rum
170 1957 193 1998 a
208 1955 308 2017 saepe
327 1934 401 2000 fato
424 1934 691 2018 Archiepisoopo
715 1933 944 2019 Strigoniensi
963 1933 1187 2020 singulariter
1208 1936 1375 2022 requisiti,

79 2044 182 2105 tactis
206 2043 336 2107 eisdem
358 2044 582 2106 sacrosanctis
605 2041 806 2126 Evangeliis
829 2042 948 2105 eadem
970 2045 1084 2106 omnia
1107 2049 1143 2106 et
1161 2042 1299 2128 singula
1313 2063 1374 2108 suo

81 2151 274 2214 iuramento
298 2147 483 2231 limantes,
507 2153 686 2234 ipsumque
713 2149 889 2214 dominum
915 2149 1076 2214 Carolum
1095 2157 1375 2236 recognoscentes

80 2259 114 2322 in
138 2279 264 2322 verum
287 2268 322 2322 et
346 2257 543 2343 legitimum
565 2279 682 2343 regem
705 2256 888 2341 Ungariae,
910 2277 949 2320 ac
973 2277 1073 2322 suum
1096 2265 1131 2322 et
1155 2257 1243 2322 dicti
1259 2257 1375 2344 Regni

11 2381 20 2400 ⁸
80 2367 260 2430 dominum
292 2365 493 2448 naturalem,
526 2368 593 2448 ipsi
615 2367 689 2450 regi
713 2365 899 2448 saepedicti
922 2364 1182 2448 Archiepiscopi
1206 2364 1376 2450 Strigoni-

10 3445 12 3520 l

79 2477 169 2537 ensis
202 2483 239 2537 et
272 2476 340 2537 mei
364 2473 533 2556 praedicti
564 2473 702 2538 Notarii
725 2470 891 2554 manibus,
926 2479 964 2536 ut
997 2473 1215 2556 praedicitur,
1247 2471 1374 2537 librum

79 2584 282 2664 tenentium,
299 2584 546 2664 praestiterunt
565 2580 702 2646 debitae
725 2577 904 2644 fidelitatis
928 2579 1151 2664 homagium⁸
1174 2587 1211 2644 et
1234 2579 1375 2644 solitum

79 2687 255 2774 Ungariae
278 2691 354 2773 regi
370 2687 420 2764 ¹ab
444 2689 598 2753 eiusdem
621 2690 720 2772 regni
744 2685 937 2750 Beronibus
965 2689 1206 2751 iuramentum.
1239 2687 1287 2751 Et
1310 2709 1374 2774 ego

78 2795 286 2860 Guillelmus
319 2796 361 2860 de
395 2795 616 2881 Sanguineto,
648 2793 847 2878 Apostolica
880 2802 915 2857 et
953 2791 1130 2877 Imperiali
1167 2797 1373 2860 auctoritate

79 2903 245 2967 Notarius
268 2902 425 2986 publicus
449 2903 633 2987 praedictis
665 2901 823 2966 omnibus
856 2922 1014 2985 praesens
1047 2900 1200 2984 interfui,
1233 2905 1373 2987 ipsaque

79 3009 119 3074 de
151 3011 318 3076 mandato
352 3034 391 3075 ae
424 3013 631 3076 auctoritate
675 3009 822 3093 praefati
853 3010 985 3074 domini
1017 3009 1142 3095 Legati
1180 3012 1302 3093 scripsi
1338 3017 1374 3072 et

81 3118 263 3203 publicavi,
301 3130 337 3185 et
369 3122 413 3186 ad
445 3124 609 3187 maiorem
642 3119 895 3204 praedictorum
926 3118 1058 3184 roboris
1095 3119 1296 3184 firmitatem
1334 3142 1374 3184 ae

10 3289 11 3296 ,
78 3231 278 3292 memoriam
297 3225 494 3292 futurorum
510 3228 726 3312 supradictus
741 3225 899 3290 dominus
916 3223 1050 3310 legatus
1068 3247 1224 3308 praesens
1240 3225 1373 3290 Instru-

78 3341 233 3398 mentum
259 3333 433 3418 publicum
457 3333 542 3398 fecit
566 3331 679 3418 sigillo
704 3335 840 3416 proprio
864 3329 1025 3398 roborari.

186 3581 298 3636 *Mtte
317 3599 423 3654 evang.
443 3581 527 3636 XIX.
546 3583 571 3634 6.

184 3681 196 3710 ·
215 3669 333 3725 Huberi
352 3668 479 3730 hddolat
