3124 5216
1264 383 1330 448 701

22 577 196 642 omnibus
219 577 333 662 Regni
356 576 528 662 Partibus,
553 599 613 662 per
635 579 782 663 Regiam
805 574 1023 662 Majestatem
1046 600 1089 644 ex
1111 601 1211 661 nunc,
1234 586 1270 644 et
1293 582 1333 644 in

24 682 195 748 futurum
219 685 487 749 denominandis.

144 793 173 870 ξ.
199 793 226 856 1.
250 791 292 856 In
315 813 396 856 casu
427 813 509 856 vero
541 791 784 859 subsecuturae
816 792 1099 858 Consilieriorum
1133 792 1329 875 Vacantiae,

25 899 265 982 praelibatum
288 898 488 982 Consilium,
511 921 581 964 non
604 899 714 964 solum
737 901 899 980 omnium,
923 921 984 982 pro
1017 900 1136 964 eadem
1162 899 1333 966 Vocontia

24 1005 248 1070 Instantium
271 1005 441 1090 supplices
464 1005 615 1071 Libellos
639 1005 727 1071 Suae
754 1003 930 1089 Majestati
963 1005 1220 1072 secretissimae
1253 1005 1333 1070 sub-

25 1117 172 1196 mittet;
196 1115 254 1178 sed
278 1120 314 1177 et
337 1113 422 1178 alios
445 1121 544 1198 aptos
567 1122 602 1179 et
626 1114 774 1196 idoneos,
799 1135 859 1197 pro
882 1135 919 1178 re
942 1123 1032 1196 nata,
1060 1135 1138 1178 cum
1171 1117 1333 1198 opinione

25 1221 182 1286 demisse
206 1227 379 1305 proponet,
403 1229 438 1285 et
461 1220 660 1286 ulteriorem
684 1219 868 1304 benignam
891 1220 1150 1286 Resolutionem
1183 1221 1332 1305 Regiam

26 1328 310 1411 praestolabitur.

150 1437 178 1514 ξ.
203 1437 232 1500 2,
256 1436 551 1520 Supernumererii
583 1457 717 1521 quoque
749 1437 919 1520 Juniores,
949 1437 1154 1512 duramento
1185 1437 1335 1500 adstrin-

24 1544 149 1627 gendi,
182 1565 223 1606 ex
256 1543 459 1628 Magnetum
493 1550 528 1606 et
560 1543 739 1608 Nobilium
771 1543 874 1608 Statu
907 1545 993 1624 (sine
1025 1544 1115 1608 Voto
1148 1551 1272 1625 tamen,
1296 1549 1332 1605 et

27 1650 183 1730 Salario)
206 1651 250 1714 ed
274 1651 366 1714 idem
389 1650 589 1732 Consilium,
614 1671 673 1734 pro
697 1651 863 1734 capienda
886 1673 1000 1715 rerum
1028 1651 1252 1735 Experientia
1286 1650 1330 1714 ad

26 1757 219 1822 arbitrium
243 1757 331 1821 Suae
354 1755 547 1840 Majestatis
571 1757 827 1822 Sacratissimae
850 1759 1088 1822 admittentur.

144 1866 173 1944 ἕ.
197 1865 226 1928 3.
250 1865 297 1928 Et
321 1864 553 1948 saepedictum
576 1865 776 1948 Consilium,
804 1887 847 1929 ex
878 1864 1068 1949 Regalibus
1101 1863 1332 1930 Proventibus

27 1971 276 2056 salamandum,
314 1971 375 2036 ubi
414 1974 562 2056 primum
601 1971 675 2036 fieri
708 1975 844 2056 poterit,
875 1973 920 2037 ad
951 1971 1184 2037 meditullium
1217 1972 1332 2054 Regni

29 2077 317 2161 collocabitur312
340 2079 477 2144 Interea
501 2101 581 2144 vero
606 2081 744 2144 Posonii
768 2079 930 2144 manebit.

144 2187 173 2264 ὅ.
197 2187 228 2250 4.
251 2187 370 2272 Neque
393 2209 435 2251 ex
459 2187 674 2252 Consilieriis
696 2187 768 2271 ulli,
791 2190 859 2252 nisi
875 2188 1031 2272 legitima
1047 2187 1089 2251 de
1106 2208 1215 2266 causa,
1231 2185 1332 2249 Prae-

29 2293 101 2356 sidi
126 2314 260 2378 semper
282 2296 496 2378 insinuanda,
521 2303 655 2378 praeter
678 2295 804 2380 legales
827 2296 954 2378 FeriaS,
978 2317 1020 2359 ex
1044 2295 1162 2359 eodem
1179 2291 1332 2358 Consilio

28 2399 152 2464 abesse
176 2401 312 2482 licebit;
335 2402 391 2466 Ita
415 2409 547 2483 temen;
570 2409 610 2466 ut
642 2402 686 2466 ad
718 2405 901 2466 minimum
932 2402 1130 2481 Duodecim,
1162 2401 1206 2464 ad
1239 2399 1332 2464 latus

30 2507 210 2571 Praesidio
234 2511 408 2574 contimuo
432 2515 625 2591 praesentes
649 2529 720 2572 esse
744 2507 900 2574 debeant.

144 2615 173 2693 ξ.
198 2615 227 2678 ὅ.
251 2615 293 2678 In
316 2614 472 2698 legitima
496 2615 633 2678 demum
657 2614 804 2680 Comitis
827 2615 978 2680 Palatini
1010 2613 1183 2682 absentia:
1216 2615 1332 2681 Judex

30 2722 160 2787 Curiae
183 2723 313 2807 Regiae
337 2722 448 2786 eidem
471 2721 622 2787 Consilio
646 2721 862 2806 praesidebit.

32 2986 86 3053 De
113 2986 264 3054 Consilii
295 2987 397 3076 Repii
428 2987 666 3070 Aulborilute,
699 2987 881 3077 Medoque,
914 3008 968 3072 eu,
996 3007 1093 3076 puae
1123 3008 1145 3056 α
1178 2985 1333 3076 benique

34 3092 369 3184 Caesareo-Ropisa
384 3093 581 3181 Majeslulis
598 3093 825 3164 Resolutiouc
842 3093 1078 3182 dependerent
1088 3117 1100 3178 ;
1117 3093 1209 3162 Suae
1219 3093 1331 3182 Maje-

484 3200 571 3268 etuti
594 3201 897 3291 repraesentandi.

146 3382 321 3448 Atticulae
338 3385 411 3448 101.
428 3380 628 3446 Praefatum
645 3381 973 3446 Consiliumanullo
990 3382 1181 3446 Dioasterio
1197 3379 1333 3461 AulieO,

33 3490 94 3554 sed
136 3489 203 3553 Sua
242 3485 424 3572 Majestate
464 3489 701 3553 Sacratissima
734 3489 913 3572 (tanquam
946 3489 1136 3553 Consilium
1168 3485 1332 3572 Regium)

33 3595 253 3679 dependebit.

146 3703 173 3780 ξ.
199 3703 227 3766 1.
251 3701 308 3785 Et,
332 3703 360 3765 si
384 3701 467 3786 quid
492 3702 580 3766 Suae
604 3697 781 3784 Majestati
805 3701 1061 3766 Sacratissimae
1078 3706 1333 3784 repraesentan-

33 3811 120 3874 dum
136 3809 313 3890 hebuerit;
338 3809 424 3874 illud
441 3811 554 3874 medio
574 3810 798 3874 demissarum
822 3809 1019 3874 Literarum
1042 3830 1180 3874 suarum
1200 3829 1333 3890 reprae-

33 3915 197 3982 sentabit.

146 4024 175 4102 §-
200 4026 229 4088 2.
253 4023 300 4087 Et
320 4020 483 4106 Majestas
500 4024 568 4088 Sua
588 4023 834 4107 secretissima,
859 4022 1044 4106 benignam
1068 4043 1165 4086 suam
1189 4020 1334 4085 Resolu-

35 4133 176 4214 tionem,
192 4138 253 4196 aut
271 4151 330 4214 per
345 4130 574 4214 Rescriptum,
590 4137 651 4194 aut
676 4152 736 4214 per
759 4130 943 4194 Decretum
966 4129 1116 4212 Regium
1132 4129 1206 4211 (pro
1222 4131 1332 4192 varie-

34 4245 110 4302 tate
137 4237 276 4320 Rerum,
299 4243 333 4300 et
357 4237 596 4321 Negotiorum)
620 4238 730 4301 eidem
755 4235 905 4301 Consilio
929 4235 1115 4300 intimabit.

145 4345 173 4423 ξ.
199 4346 228 4408 3.
252 4343 457 4427 Consilierii,
474 4366 533 4428 pro
557 4342 713 4409 uberiore
736 4342 988 4425 informatione,
1021 4344 1065 4407 ad
1090 4343 1194 4408 Suam
1226 4340 1333 4426 Maje-

35 4461 163 4518 statem
179 4452 460 4534 sacratissimam,
476 4451 639 4514 mittendi
658 4453 686 4514 si
710 4451 891 4514 necessarii
915 4449 1134 4534 videbuntur,
1152 4471 1211 4534 per
1227 4449 1332 4514 Suam

148 4659 352 4720 ¹¹11.Jozsef
368 4660 505 4731 helyezte
524 4660 556 4713 tt
576 4660 694 4714 Budare
715 4660 862 4715 1783-ban.
