<?xml version="1.0" encoding="UTF-8"?>
<!DOCTYPE html PUBLIC "-//W3C//DTD XHTML 1.0 Transitional//EN"
    "http://www.w3.org/TR/xhtml1/DTD/xhtml1-transitional.dtd">
<html xmlns="http://www.w3.org/1999/xhtml" xml:lang="en" lang="en">
 <head>
  <title>
</title>
<meta http-equiv="Content-Type" content="text/html;charset=utf-8" />
  <meta name='ocr-system' content='tesseract 3.04.00' />
  <meta name='ocr-capabilities' content='ocr_page ocr_carea ocr_par ocr_line ocrx_word'/>
</head>
<body>
  <div class='ocr_page' id='page_1' title='image "./enchiridionfont00marcgoog_0456.png"; bbox 0 0 3138 5212; ppageno 0'>
   <div class='ocr_carea' id='block_1_1' title="bbox 221 353 288 416">
    <p class='ocr_par' dir='ltr' id='par_1_1' title="bbox 221 353 288 416">
     <span class='ocr_line' id='line_1_1' title="bbox 221 353 288 416; baseline 0 0"><span class='ocrx_word' id='word_1_1' title='bbox 221 353 288 416; x_wconf 84' lang='lat'>434</span> 
     </span>
    </p>
   </div>
   <div class='ocr_carea' id='block_1_2' title="bbox 222 549 1517 743">
    <p class='ocr_par' dir='ltr' id='par_1_2' title="bbox 222 549 1517 743">
     <span class='ocr_line' id='line_1_2' title="bbox 222 549 1517 635; baseline 0.002 -21"><span class='ocrx_word' id='word_1_2' title='bbox 222 554 258 615; x_wconf 91' lang='lat' dir='ltr'>in</span> <span class='ocrx_word' id='word_1_3' title='bbox 280 551 344 615; x_wconf 88' lang='lat' dir='ltr'>hac</span> <span class='ocrx_word' id='word_1_4' title='bbox 368 574 403 615; x_wconf 89' lang='lat' dir='ltr'>re</span> <span class='ocrx_word' id='word_1_5' title='bbox 427 549 625 615; x_wconf 83' lang='lat' dir='ltr'>nullomodo</span> <span class='ocrx_word' id='word_1_6' title='bbox 649 557 800 635; x_wconf 74' lang='lat' dir='ltr'>possunt,</span> <span class='ocrx_word' id='word_1_7' title='bbox 834 553 914 617; x_wconf 92' lang='lat' dir='ltr'>licet</span> <span class='ocrx_word' id='word_1_8' title='bbox 936 573 1006 616; x_wconf 89' lang='lat' dir='ltr'>non</span> <span class='ocrx_word' id='word_1_9' title='bbox 1029 555 1098 616; x_wconf 90' lang='lat' dir='ltr'>nisi</span> <span class='ocrx_word' id='word_1_10' title='bbox 1129 555 1165 616; x_wconf 90' lang='lat' dir='ltr'>in</span> <span class='ocrx_word' id='word_1_11' title='bbox 1197 552 1314 618; x_wconf 84' lang='lat' dir='ltr'><strong>arduis</strong></span> <span class='ocrx_word' id='word_1_12' title='bbox 1347 550 1449 616; x_wconf 90' lang='lat' dir='ltr'>rebus</span> <span class='ocrx_word' id='word_1_13' title='bbox 1481 556 1517 616; x_wconf 88' lang='lat' dir='ltr'>in</span> 
     </span>
     <span class='ocr_line' id='line_1_3' title="bbox 222 659 978 743; baseline 0.001 -20"><span class='ocrx_word' id='word_1_14' title='bbox 222 659 391 724; x_wconf 89' lang='lat' dir='ltr'>eiusmodi</span> <span class='ocrx_word' id='word_1_15' title='bbox 415 661 567 743; x_wconf 85' lang='lat' dir='ltr'>negociis</span> <span class='ocrx_word' id='word_1_16' title='bbox 590 679 730 724; x_wconf 87' lang='lat' dir='ltr'>onerare</span> <span class='ocrx_word' id='word_1_17' title='bbox 754 660 978 726; x_wconf 89' lang='lat' dir='ltr'>conabuntur.</span> 
     </span>
    </p>
   </div>
   <div class='ocr_carea' id='block_1_3' title="bbox 221 784 1515 1192">
    <p class='ocr_par' dir='ltr' id='par_1_3' title="bbox 221 784 1515 1192">
     <span class='ocr_line' id='line_1_4' title="bbox 332 784 1515 872; baseline -0.001 -22"><span class='ocrx_word' id='word_1_18' title='bbox 332 786 382 850; x_wconf 85' lang='lat'>19.</span> <span class='ocrx_word' id='word_1_19' title='bbox 406 786 668 850; x_wconf 84' lang='lat' dir='ltr'>Derivacionem</span> <span class='ocrx_word' id='word_1_20' title='bbox 692 809 779 872; x_wconf 85' lang='lat' dir='ltr'>aque</span> <span class='ocrx_word' id='word_1_21' title='bbox 804 809 863 872; x_wconf 88' lang='lat' dir='ltr'>per</span> <span class='ocrx_word' id='word_1_22' title='bbox 885 788 1069 853; x_wconf 81' lang='lat' dir='ltr'>officialem</span> <span class='ocrx_word' id='word_1_23' title='bbox 1092 789 1180 851; x_wconf 90' lang='lat' dir='ltr'>arcis</span> <span class='ocrx_word' id='word_1_24' title='bbox 1204 786 1364 872; x_wconf 82' lang='lat' dir='ltr'>Georgen</span> <span class='ocrx_word' id='word_1_25' title='bbox 1387 784 1515 850; x_wconf 83' lang='lat' dir='ltr'>factam</span> 
     </span>
     <span class='ocr_line' id='line_1_5' title="bbox 222 892 1515 980; baseline -0.001 -22"><span class='ocrx_word' id='word_1_26' title='bbox 222 896 259 958; x_wconf 91' lang='lat' dir='ltr'>in</span> <span class='ocrx_word' id='word_1_27' title='bbox 282 892 500 976; x_wconf 80' lang='lat' dir='ltr'>dispendium</span> <span class='ocrx_word' id='word_1_28' title='bbox 523 915 641 958; x_wconf 90' lang='lat' dir='ltr'>eornm</span> <span class='ocrx_word' id='word_1_29' title='bbox 666 894 768 960; x_wconf 86' lang='lat' dir='ltr'>valde</span> <span class='ocrx_word' id='word_1_30' title='bbox 801 917 965 980; x_wconf 84' lang='lat' dir='ltr'>magnum</span> <span class='ocrx_word' id='word_1_31' title='bbox 997 917 1090 960; x_wconf 89' lang='lat' dir='ltr'>sacre</span> <span class='ocrx_word' id='word_1_32' title='bbox 1123 895 1322 959; x_wconf 88' lang='lat' dir='ltr'>Maiestates</span> <span class='ocrx_word' id='word_1_33' title='bbox 1345 896 1515 978; x_wconf 86' lang='lat' dir='ltr'>quampri-</span> 
     </span>
     <span class='ocr_line' id='line_1_6' title="bbox 222 999 1514 1084; baseline -0.002 -19"><span class='ocrx_word' id='word_1_34' title='bbox 222 1023 317 1065; x_wconf 88' lang='lat' dir='ltr'>mum</span> <span class='ocrx_word' id='word_1_35' title='bbox 340 999 538 1084; x_wconf 89' lang='lat' dir='ltr'>intelligent</span> <span class='ocrx_word' id='word_1_36' title='bbox 561 999 606 1064; x_wconf 84' lang='lat' dir='ltr'>ab</span> <span class='ocrx_word' id='word_1_37' title='bbox 628 999 777 1065; x_wconf 86' lang='lat' dir='ltr'>officiale</span> <span class='ocrx_word' id='word_1_38' title='bbox 800 1009 835 1065; x_wconf 88' lang='lat' dir='ltr'>et</span> <span class='ocrx_word' id='word_1_39' title='bbox 857 1001 1047 1067; x_wconf 87' lang='lat' dir='ltr'>rectificare</span> <span class='ocrx_word' id='word_1_40' title='bbox 1076 1002 1292 1083; x_wconf 87' lang='lat' dir='ltr'>contendent,</span> <span class='ocrx_word' id='word_1_41' title='bbox 1325 1004 1374 1064; x_wconf 87' lang='lat' dir='ltr'>ita</span> <span class='ocrx_word' id='word_1_42' title='bbox 1406 1009 1447 1065; x_wconf 92' lang='lat' dir='ltr'>ut</span> <span class='ocrx_word' id='word_1_43' title='bbox 1474 1000 1514 1064; x_wconf 91' lang='lat' dir='ltr'>de</span> 
     </span>
     <span class='ocr_line' id='line_1_7' title="bbox 221 1109 669 1192; baseline 0 -20"><span class='ocrx_word' id='word_1_44' title='bbox 221 1109 285 1172; x_wconf 89' lang='lat' dir='ltr'>hac</span> <span class='ocrx_word' id='word_1_45' title='bbox 308 1130 344 1172; x_wconf 86' lang='lat' dir='ltr'>re</span> <span class='ocrx_word' id='word_1_46' title='bbox 368 1109 466 1192; x_wconf 90' lang='lat' dir='ltr'>queri</span> <span class='ocrx_word' id='word_1_47' title='bbox 489 1115 669 1192; x_wconf 76' lang='lat' dir='ltr'><strong>nequeant.</strong></span> 
     </span>
    </p>
   </div>
   <div class='ocr_carea' id='block_1_4' title="bbox 222 1234 1516 1750">
    <p class='ocr_par' dir='ltr' id='par_1_4' title="bbox 222 1234 1516 1750">
     <span class='ocr_line' id='line_1_8' title="bbox 331 1234 1516 1319; baseline -0.003 -21"><span class='ocrx_word' id='word_1_48' title='bbox 331 1235 384 1298; x_wconf 80' lang='lat'>20.</span> <span class='ocrx_word' id='word_1_49' title='bbox 407 1234 497 1298; x_wconf 82' lang='lat' dir='ltr'>Cum</span> <span class='ocrx_word' id='word_1_50' title='bbox 520 1234 692 1298; x_wconf 88' lang='lat' dir='ltr'>Moldavis</span> <span class='ocrx_word' id='word_1_51' title='bbox 725 1242 761 1300; x_wconf 93' lang='lat' dir='ltr'>et</span> <span class='ocrx_word' id='word_1_52' title='bbox 783 1235 1128 1319; x_wconf 80' lang='lat' dir='ltr'>Transalpinensibus</span> <span class='ocrx_word' id='word_1_53' title='bbox 1160 1235 1354 1300; x_wconf 85' lang='lat' dir='ltr'>illacionem</span> <span class='ocrx_word' id='word_1_54' title='bbox 1378 1234 1516 1298; x_wconf 89' lang='lat' dir='ltr'>damno-</span> 
     </span>
     <span class='ocr_line' id='line_1_9' title="bbox 222 1329 1516 1430; baseline -0.004 -24"><span class='ocrx_word' id='word_1_55' title='bbox 222 1329 307 1422; x_wconf 84' lang='lat' dir='ltr'>rum,</span> <span class='ocrx_word' id='word_1_56' title='bbox 332 1349 367 1405; x_wconf 91' lang='lat' dir='ltr'>et</span> <span class='ocrx_word' id='word_1_57' title='bbox 390 1340 607 1406; x_wconf 73' lang='lat' dir='ltr'>abactionem</span> <span class='ocrx_word' id='word_1_58' title='bbox 632 1363 800 1426; x_wconf 80' lang='lat' dir='ltr'>pecorum,</span> <span class='ocrx_word' id='word_1_59' title='bbox 833 1343 936 1407; x_wconf 91' lang='lat' dir='ltr'>boum</span> <span class='ocrx_word' id='word_1_60' title='bbox 968 1365 1132 1430; x_wconf 89' lang='lat' dir='ltr'>equorum</span> <span class='ocrx_word' id='word_1_61' title='bbox 1157 1345 1451 1426; x_wconf 72' lang='lat' dir='ltr'>interceptionem,</span> <span class='ocrx_word' id='word_1_62' title='bbox 1481 1346 1516 1402; x_wconf 90' lang='lat' dir='ltr'>et</span> 
     </span>
     <span class='ocr_line' id='line_1_10' title="bbox 222 1449 1516 1534; baseline -0.001 -21"><span class='ocrx_word' id='word_1_63' title='bbox 222 1455 276 1513; x_wconf 93' lang='lat' dir='ltr'>tot</span> <span class='ocrx_word' id='word_1_64' title='bbox 298 1449 483 1514; x_wconf 88' lang='lat' dir='ltr'>violentias</span> <span class='ocrx_word' id='word_1_65' title='bbox 507 1470 600 1512; x_wconf 87' lang='lat' dir='ltr'>sacre</span> <span class='ocrx_word' id='word_1_66' title='bbox 624 1449 824 1513; x_wconf 87' lang='lat' dir='ltr'>Maiestates</span> <span class='ocrx_word' id='word_1_67' title='bbox 847 1453 897 1514; x_wconf 87' lang='lat' dir='ltr'>ita</span> <span class='ocrx_word' id='word_1_68' title='bbox 921 1453 1032 1534; x_wconf 89' lang='lat' dir='ltr'>sopire</span> <span class='ocrx_word' id='word_1_69' title='bbox 1056 1459 1090 1514; x_wconf 89' lang='lat' dir='ltr'>et</span> <span class='ocrx_word' id='word_1_70' title='bbox 1107 1450 1287 1515; x_wconf 86' lang='lat' dir='ltr'>conciliare</span> <span class='ocrx_word' id='word_1_71' title='bbox 1312 1457 1516 1523; x_wconf 86' lang='lat' dir='ltr'>statuerunt,</span> 
     </span>
     <span class='ocr_line' id='line_1_11' title="bbox 223 1556 1516 1643; baseline 0.003 -25"><span class='ocrx_word' id='word_1_72' title='bbox 223 1561 262 1618; x_wconf 90' lang='lat' dir='ltr'>ut</span> <span class='ocrx_word' id='word_1_73' title='bbox 295 1558 457 1642; x_wconf 88' lang='lat' dir='ltr'>utrinque</span> <span class='ocrx_word' id='word_1_74' title='bbox 492 1563 527 1621; x_wconf 93' lang='lat' dir='ltr'>et</span> <span class='ocrx_word' id='word_1_75' title='bbox 550 1556 632 1621; x_wconf 90' lang='lat' dir='ltr'>hinc</span> <span class='ocrx_word' id='word_1_76' title='bbox 664 1580 682 1621; x_wconf 89' lang='lat' dir='ltr'>e</span> <span class='ocrx_word' id='word_1_77' title='bbox 715 1557 967 1643; x_wconf 80' lang='lat' dir='ltr'>Transylvania</span> <span class='ocrx_word' id='word_1_78' title='bbox 999 1567 1034 1624; x_wconf 91' lang='lat' dir='ltr'>et</span> <span class='ocrx_word' id='word_1_79' title='bbox 1067 1558 1243 1622; x_wconf 87' lang='lat' dir='ltr'>Moldavia</span> <span class='ocrx_word' id='word_1_80' title='bbox 1275 1565 1377 1643; x_wconf 87' lang='lat' dir='ltr'>atque</span> <span class='ocrx_word' id='word_1_81' title='bbox 1411 1579 1516 1642; x_wconf 86' lang='lat' dir='ltr'>regno</span> 
     </span>
     <span class='ocr_line' id='line_1_12' title="bbox 225 1662 1234 1750; baseline 0.002 -24"><span class='ocrx_word' id='word_1_82' title='bbox 225 1662 505 1746; x_wconf 82' lang='lat' dir='ltr'>Transalpinensi</span> <span class='ocrx_word' id='word_1_83' title='bbox 529 1666 760 1728; x_wconf 75' lang='lat' dir='ltr'>controversie</span> <span class='ocrx_word' id='word_1_84' title='bbox 784 1672 819 1728; x_wconf 89' lang='lat' dir='ltr'>et</span> <span class='ocrx_word' id='word_1_85' title='bbox 842 1667 961 1748; x_wconf 89' lang='lat' dir='ltr'>rapine</span> <span class='ocrx_word' id='word_1_86' title='bbox 984 1669 1234 1750; x_wconf 85' lang='lat' dir='ltr'>conquiescant.</span> 
     </span>
    </p>
   </div>
   <div class='ocr_carea' id='block_1_5' title="bbox 174 1789 1518 2604">
    <p class='ocr_par' dir='ltr' id='par_1_5' title="bbox 174 1789 1518 2604">
     <span class='ocr_line' id='line_1_13' title="bbox 329 1789 1516 1876; baseline 0.004 -25"><span class='ocrx_word' id='word_1_87' title='bbox 329 1789 381 1852; x_wconf 80' lang='lat'>21.</span> <span class='ocrx_word' id='word_1_88' title='bbox 420 1789 536 1872; x_wconf 79' lang='lat' dir='ltr'>Porr0‚</span> <span class='ocrx_word' id='word_1_89' title='bbox 575 1792 737 1875; x_wconf 89' lang='lat' dir='ltr'>quoniam</span> <span class='ocrx_word' id='word_1_90' title='bbox 775 1789 883 1854; x_wconf 87' lang='lat' dir='ltr'>Siculi</span> <span class='ocrx_word' id='word_1_91' title='bbox 924 1789 1018 1854; x_wconf 89' lang='lat' dir='ltr'>nulla</span> <span class='ocrx_word' id='word_1_92' title='bbox 1052 1791 1233 1876; x_wconf 87' lang='lat' dir='ltr'>privilegia</span> <span class='ocrx_word' id='word_1_93' title='bbox 1272 1791 1516 1874; x_wconf 65' lang='lat' dir='ltr'>produxerunt</span> 
     </span>
     <span class='ocr_line' id='line_1_14' title="bbox 223 1895 1516 1981; baseline 0.002 -23"><span class='ocrx_word' id='word_1_94' title='bbox 223 1917 315 1959; x_wconf 86' lang='lat' dir='ltr'>sacre</span> <span class='ocrx_word' id='word_1_95' title='bbox 339 1895 539 1959; x_wconf 86' lang='lat' dir='ltr'>Maiestates</span> <span class='ocrx_word' id='word_1_96' title='bbox 563 1899 646 1978; x_wconf 92' lang='lat' dir='ltr'>ipsis</span> <span class='ocrx_word' id='word_1_97' title='bbox 672 1897 854 1981; x_wconf 86' lang='lat' dir='ltr'>privilegia</span> <span class='ocrx_word' id='word_1_98' title='bbox 878 1897 958 1962; x_wconf 82' lang='lat' dir='ltr'>dare</span> <span class='ocrx_word' id='word_1_99' title='bbox 983 1898 1039 1962; x_wconf 90' lang='lat' dir='ltr'>vel</span> <span class='ocrx_word' id='word_1_100' title='bbox 1063 1897 1261 1962; x_wconf 87' lang='lat' dir='ltr'>confirmare</span> <span class='ocrx_word' id='word_1_101' title='bbox 1278 1919 1347 1961; x_wconf 91' lang='lat' dir='ltr'>non</span> <span class='ocrx_word' id='word_1_102' title='bbox 1367 1907 1516 1980; x_wconf 78' lang='lat' dir='ltr'>possunt.</span> 
     </span>
     <span class='ocr_line' id='line_1_15' title="bbox 222 2003 1517 2089; baseline 0.002 -22"><span class='ocrx_word' id='word_1_103' title='bbox 222 2003 427 2068; x_wconf 84' lang='lat' dir='ltr'>Statuerunt</span> <span class='ocrx_word' id='word_1_104' title='bbox 452 2009 568 2066; x_wconf 89' lang='lat' dir='ltr'>tamen</span> <span class='ocrx_word' id='word_1_105' title='bbox 592 2003 778 2067; x_wconf 88' lang='lat' dir='ltr'>clementer</span> <span class='ocrx_word' id='word_1_106' title='bbox 806 2003 933 2068; x_wconf 92' lang='lat' dir='ltr'>bonum</span> <span class='ocrx_word' id='word_1_107' title='bbox 966 2005 1121 2069; x_wconf 87' lang='lat' dir='ltr'>ordinem</span> <span class='ocrx_word' id='word_1_108' title='bbox 1144 2005 1359 2089; x_wconf 88' lang='lat' dir='ltr'>presentibus</span> <span class='ocrx_word' id='word_1_109' title='bbox 1392 2007 1517 2069; x_wconf 84' lang='lat' dir='ltr'>articu-</span> 
     </span>
     <span class='ocr_line' id='line_1_16' title="bbox 222 2109 1518 2198; baseline 0.003 -26"><span class='ocrx_word' id='word_1_110' title='bbox 222 2111 265 2172; x_wconf 89' lang='lat' dir='ltr'>lis</span> <span class='ocrx_word' id='word_1_111' title='bbox 289 2109 500 2174; x_wconf 85' lang='lat' dir='ltr'>conscribere</span> <span class='ocrx_word' id='word_1_112' title='bbox 524 2119 559 2175; x_wconf 92' lang='lat' dir='ltr'>et</span> <span class='ocrx_word' id='word_1_113' title='bbox 583 2110 652 2174; x_wconf 90' lang='lat' dir='ltr'>illis</span> <span class='ocrx_word' id='word_1_114' title='bbox 676 2112 739 2176; x_wconf 89' lang='lat' dir='ltr'>sub</span> <span class='ocrx_word' id='word_1_115' title='bbox 772 2113 887 2198; x_wconf 85' lang='lat' dir='ltr'>sigillo</span> <span class='ocrx_word' id='word_1_116' title='bbox 919 2114 1112 2196; x_wconf 84' lang='lat' dir='ltr'>concedere,</span> <span class='ocrx_word' id='word_1_117' title='bbox 1145 2121 1179 2177; x_wconf 89' lang='lat' dir='ltr'>et</span> <span class='ocrx_word' id='word_1_118' title='bbox 1203 2117 1253 2178; x_wconf 91' lang='lat' dir='ltr'>ita</span> <span class='ocrx_word' id='word_1_119' title='bbox 1285 2135 1357 2177; x_wconf 90' lang='lat' dir='ltr'>rem</span> <span class='ocrx_word' id='word_1_120' title='bbox 1390 2121 1518 2195; x_wconf 89' lang='lat' dir='ltr'>tempe-</span> 
     </span>
     <span class='ocr_line' id='line_1_17' title="bbox 224 2219 1518 2303; baseline 0.003 -23"><span class='ocrx_word' id='word_1_121' title='bbox 224 2224 353 2301; x_wconf 80' lang='lat' dir='ltr'>rarunt,</span> <span class='ocrx_word' id='word_1_122' title='bbox 377 2225 546 2302; x_wconf 84' lang='lat' dir='ltr'>quantum</span> <span class='ocrx_word' id='word_1_123' title='bbox 570 2219 710 2302; x_wconf 90' lang='lat' dir='ltr'>quidem</span> <span class='ocrx_word' id='word_1_124' title='bbox 734 2219 808 2283; x_wconf 87' lang='lat' dir='ltr'>fieri</span> <span class='ocrx_word' id='word_1_125' title='bbox 833 2223 954 2303; x_wconf 86' lang='lat' dir='ltr'>potuit,</span> <span class='ocrx_word' id='word_1_126' title='bbox 978 2227 1018 2283; x_wconf 88' lang='lat' dir='ltr'>ut</span> <span class='ocrx_word' id='word_1_127' title='bbox 1042 2223 1133 2285; x_wconf 88' lang='lat' dir='ltr'>inter</span> <span class='ocrx_word' id='word_1_128' title='bbox 1156 2227 1209 2285; x_wconf 90' lang='lat' dir='ltr'>tot</span> <span class='ocrx_word' id='word_1_129' title='bbox 1232 2241 1346 2284; x_wconf 90' lang='lat' dir='ltr'>rerum</span> <span class='ocrx_word' id='word_1_130' title='bbox 1370 2219 1518 2284; x_wconf 86' lang='lat' dir='ltr'>difficul-</span> 
     </span>
     <span class='ocr_line' id='line_1_18' title="bbox 222 2326 1517 2414; baseline 0.003 -26"><span class='ocrx_word' id='word_1_131' title='bbox 222 2330 320 2408; x_wconf 66' lang='lat' dir='ltr'>tates</span> <span class='ocrx_word' id='word_1_132' title='bbox 362 2331 438 2388; x_wconf 89' lang='lat' dir='ltr'>tum</span> <span class='ocrx_word' id='word_1_133' title='bbox 481 2328 695 2390; x_wconf 83' lang='lat' dir='ltr'>necessitatis</span> <span class='ocrx_word' id='word_1_134' title='bbox 747 2326 881 2410; x_wconf 89' lang='lat' dir='ltr'>publice</span> <span class='ocrx_word' id='word_1_135' title='bbox 921 2331 1258 2414; x_wconf 89' lang='lat' dir='ltr'>conservacionisque</span> <span class='ocrx_word' id='word_1_136' title='bbox 1297 2331 1404 2412; x_wconf 81' lang='lat' dir='ltr'>regni,</span> <span class='ocrx_word' id='word_1_137' title='bbox 1444 2336 1517 2393; x_wconf 88' lang='lat' dir='ltr'>tum</span> 
     </span>
     <span class='ocr_line' id='line_1_19' title="bbox 174 2431 1517 2510; baseline 0.003 -15"><span class='ocrx_word' id='word_1_138' title='bbox 174 2479 177 2486; x_wconf 76' lang='grc'>.</span> <span class='ocrx_word' id='word_1_139' title='bbox 229 2431 402 2496; x_wconf 88' lang='lat' dir='ltr'>libertatis</span> <span class='ocrx_word' id='word_1_140' title='bbox 436 2455 557 2498; x_wconf 85' lang='lat' dir='ltr'>eorum</span> <span class='ocrx_word' id='word_1_141' title='bbox 591 2434 753 2498; x_wconf 89' lang='lat' dir='ltr'>reinende</span> <span class='ocrx_word' id='word_1_142' title='bbox 783 2434 968 2498; x_wconf 88' lang='lat' dir='ltr'>clementer</span> <span class='ocrx_word' id='word_1_143' title='bbox 1000 2438 1177 2510; x_wconf 87' lang='lat' dir='ltr'>racionem</span> <span class='ocrx_word' id='word_1_144' title='bbox 1203 2435 1362 2500; x_wconf 88' lang='lat' dir='ltr'>habuisse</span> <span class='ocrx_word' id='word_1_145' title='bbox 1397 2437 1517 2500; x_wconf 88' lang='lat' dir='ltr'>dinno-</span> 
     </span>
     <span class='ocr_line' id='line_1_20' title="bbox 224 2549 372 2604; baseline 0.014 -2"><span class='ocrx_word' id='word_1_146' title='bbox 224 2549 372 2604; x_wconf 86' lang='lat' dir='ltr'>scantur.</span> 
     </span>
    </p>
   </div>
   <div class='ocr_carea' id='block_1_6' title="bbox 223 2665 1519 3290">
    <p class='ocr_par' dir='ltr' id='par_1_6' title="bbox 223 2665 1519 3290">
     <span class='ocr_line' id='line_1_21' title="bbox 331 2665 1519 2750; baseline 0.002 -22"><span class='ocrx_word' id='word_1_147' title='bbox 331 2667 382 2730; x_wconf 77' lang='lat'>22.</span> <span class='ocrx_word' id='word_1_148' title='bbox 415 2665 590 2732; x_wconf 87' lang='lat' dir='ltr'>Articulos</span> <span class='ocrx_word' id='word_1_149' title='bbox 629 2688 710 2732; x_wconf 87' lang='lat' dir='ltr'>vero</span> <span class='ocrx_word' id='word_1_150' title='bbox 752 2675 926 2750; x_wconf 90' lang='lat' dir='ltr'>presentes</span> <span class='ocrx_word' id='word_1_151' title='bbox 968 2667 1133 2732; x_wconf 88' lang='lat' dir='ltr'>mandant</span> <span class='ocrx_word' id='word_1_152' title='bbox 1166 2691 1278 2732; x_wconf 85' lang='lat' dir='ltr'>sacrae</span> <span class='ocrx_word' id='word_1_153' title='bbox 1317 2669 1519 2732; x_wconf 82' lang='lat' dir='ltr'>Maiestates</span> 
     </span>
     <span class='ocr_line' id='line_1_22' title="bbox 223 2769 1519 2859; baseline 0.002 -25"><span class='ocrx_word' id='word_1_154' title='bbox 223 2769 345 2856; x_wconf 72' lang='lat' dir='ltr'>illesos²</span> <span class='ocrx_word' id='word_1_155' title='bbox 369 2774 554 2838; x_wconf 87' lang='lat' dir='ltr'>inviolatos</span> <span class='ocrx_word' id='word_1_156' title='bbox 578 2777 614 2838; x_wconf 88' lang='lat' dir='ltr'>in</span> <span class='ocrx_word' id='word_1_157' title='bbox 637 2774 795 2838; x_wconf 89' lang='lat' dir='ltr'>omnibus</span> <span class='ocrx_word' id='word_1_158' title='bbox 819 2779 956 2859; x_wconf 86' lang='lat' dir='ltr'>punctis</span> <span class='ocrx_word' id='word_1_159' title='bbox 988 2782 1023 2840; x_wconf 89' lang='lat' dir='ltr'>et</span> <span class='ocrx_word' id='word_1_160' title='bbox 1047 2775 1208 2840; x_wconf 84' lang='lat' dir='ltr'>clausulis</span> <span class='ocrx_word' id='word_1_161' title='bbox 1237 2774 1364 2839; x_wconf 85' lang='lat' dir='ltr'>futuris</span> <span class='ocrx_word' id='word_1_162' title='bbox 1388 2783 1519 2858; x_wconf 90' lang='lat' dir='ltr'>tempo-</span> 
     </span>
     <span class='ocr_line' id='line_1_23' title="bbox 223 2878 1518 2964; baseline 0.003 -22"><span class='ocrx_word' id='word_1_163' title='bbox 223 2878 318 2944; x_wconf 89' lang='lat' dir='ltr'>ribus</span> <span class='ocrx_word' id='word_1_164' title='bbox 342 2903 475 2964; x_wconf 89' lang='lat' dir='ltr'>semper</span> <span class='ocrx_word' id='word_1_165' title='bbox 503 2883 540 2945; x_wconf 92' lang='lat' dir='ltr'>in</span> <span class='ocrx_word' id='word_1_166' title='bbox 572 2881 719 2946; x_wconf 87' lang='lat' dir='ltr'>solidum</span> <span class='ocrx_word' id='word_1_167' title='bbox 752 2882 935 2946; x_wconf 89' lang='lat' dir='ltr'>observari.</span> <span class='ocrx_word' id='word_1_168' title='bbox 968 2881 1011 2946; x_wconf 93' lang='lat' dir='ltr'>In</span> <span class='ocrx_word' id='word_1_169' title='bbox 1043 2885 1140 2946; x_wconf 88' lang='lat' dir='ltr'>cuius</span> <span class='ocrx_word' id='word_1_170' title='bbox 1173 2883 1313 2947; x_wconf 83' lang='lat' dir='ltr'>evidens</span> <span class='ocrx_word' id='word_1_171' title='bbox 1347 2881 1453 2957; x_wconf 84' lang='lat' dir='ltr'>robur</span> <span class='ocrx_word' id='word_1_172' title='bbox 1484 2897 1518 2946; x_wconf 83' lang='lat' dir='ltr'>et</span> 
     </span>
     <span class='ocr_line' id='line_1_24' title="bbox 224 2988 1519 3086; baseline 0.003 -38"><span class='ocrx_word' id='word_1_173' title='bbox 224 2989 463 3052; x_wconf 88' lang='lat' dir='ltr'>testimonium</span> <span class='ocrx_word' id='word_1_174' title='bbox 487 2989 724 3074; x_wconf 85' lang='lat' dir='ltr'>chyrographo</span> <span class='ocrx_word' id='word_1_175' title='bbox 748 2996 784 3054; x_wconf 90' lang='lat' dir='ltr'>et</span> <span class='ocrx_word' id='word_1_176' title='bbox 803 2989 917 3086; x_wconf 90' lang='lat' dir='ltr'>sigillo</span> <span class='ocrx_word' id='word_1_177' title='bbox 936 2993 1110 3054; x_wconf 87' lang='lat' dir='ltr'>autentico</span> <span class='ocrx_word' id='word_1_178' title='bbox 1134 2992 1267 3053; x_wconf 89' lang='lat' dir='ltr'>munire</span> <span class='ocrx_word' id='word_1_179' title='bbox 1291 2988 1368 3053; x_wconf 88' lang='lat' dir='ltr'>illos</span> <span class='ocrx_word' id='word_1_180' title='bbox 1401 2989 1519 3052; x_wconf 87' lang='lat' dir='ltr'>volue-</span> 
     </span>
     <span class='ocr_line' id='line_1_25' title="bbox 223 3095 1519 3182; baseline 0.003 -27"><span class='ocrx_word' id='word_1_181' title='bbox 223 3101 332 3158; x_wconf 90' lang='lat' dir='ltr'>erunt.</span> <span class='ocrx_word' id='word_1_182' title='bbox 371 3095 460 3160; x_wconf 89' lang='lat' dir='ltr'>Date</span> <span class='ocrx_word' id='word_1_183' title='bbox 491 3095 581 3161; x_wconf 82' lang='lat' dir='ltr'>Albe</span> <span class='ocrx_word' id='word_1_184' title='bbox 614 3096 708 3161; x_wconf 84' lang='lat' dir='ltr'>Julie</span> <span class='ocrx_word' id='word_1_185' title='bbox 743 3098 786 3161; x_wconf 86' lang='lat'>14</span> <span class='ocrx_word' id='word_1_186' title='bbox 818 3097 873 3161; x_wconf 91' lang='lat' dir='ltr'>die</span> <span class='ocrx_word' id='word_1_187' title='bbox 906 3101 1031 3162; x_wconf 86' lang='lat' dir='ltr'>mensis</span> <span class='ocrx_word' id='word_1_188' title='bbox 1072 3095 1225 3182; x_wconf 84' lang='lat' dir='ltr'>Augusti</span> <span class='ocrx_word' id='word_1_189' title='bbox 1262 3118 1352 3160; x_wconf 87' lang='lat' dir='ltr'>anno</span> <span class='ocrx_word' id='word_1_190' title='bbox 1386 3097 1519 3160; x_wconf 89' lang='lat' dir='ltr'>domini</span> 
     </span>
     <span class='ocr_line' id='line_1_26' title="bbox 223 3201 1132 3290; baseline 0.007 -26"><span class='ocrx_word' id='word_1_191' title='bbox 223 3201 405 3269; x_wconf 89' lang='lat' dir='ltr'>millesimo</span> <span class='ocrx_word' id='word_1_192' title='bbox 429 3207 705 3288; x_wconf 87' lang='lat' dir='ltr'>quingentesimo</span> <span class='ocrx_word' id='word_1_193' title='bbox 728 3207 1011 3290; x_wconf 88' lang='lat' dir='ltr'>quinquagesimo</span> <span class='ocrx_word' id='word_1_194' title='bbox 1034 3227 1132 3270; x_wconf 84' lang='lat' dir='ltr'>nono</span> 
     </span>
    </p>
   </div>
   <div class='ocr_carea' id='block_1_7' title="bbox 226 3505 1521 3712">
    <p class='ocr_par' dir='ltr' id='par_1_7' title="bbox 226 3505 1521 3712">
     <span class='ocr_line' id='line_1_27' title="bbox 226 3505 1521 3604; baseline -0.001 -22"><span class='ocrx_word' id='word_1_195' title='bbox 226 3505 254 3582; x_wconf 89' lang='lat' dir='ltr'><strong>J</strong></span> <span class='ocrx_word' id='word_1_196' title='bbox 255 3511 358 3583; x_wconf 76' lang='lat' dir='ltr'>anos</span> <span class='ocrx_word' id='word_1_197' title='bbox 381 3513 608 3603; x_wconf 85' lang='lat' dir='ltr'>Zsigmond</span> <span class='ocrx_word' id='word_1_198' title='bbox 630 3514 800 3585; x_wconf 78' lang='lat' dir='ltr'>valasza</span> <span class='ocrx_word' id='word_1_199' title='bbox 822 3533 870 3584; x_wconf 86' lang='lat' dir='ltr'>az</span> <span class='ocrx_word' id='word_1_200' title='bbox 894 3513 1002 3584; x_wconf 80' lang='lat'><strong>1562.</strong></span> <span class='ocrx_word' id='word_1_201' title='bbox 1026 3514 1174 3604; x_wconf 81' lang='lat' dir='ltr'>jnnius</span> <span class='ocrx_word' id='word_1_202' title='bbox 1206 3514 1334 3584; x_wconf 75' lang='lat' dir='ltr'>ao-on</span> <span class='ocrx_word' id='word_1_203' title='bbox 1365 3513 1521 3582; x_wconf 84' lang='lat' dir='ltr'>tartott</span> 
     </span>
     <span class='ocr_line' id='line_1_28' title="bbox 314 3619 1426 3712; baseline 0 -23"><span class='ocrx_word' id='word_1_204' title='bbox 314 3620 528 3709; x_wconf 80' lang='lat' dir='ltr'>segesvatri</span> <span class='ocrx_word' id='word_1_205' title='bbox 549 3621 756 3712; x_wconf 75' lang='lat' dir='ltr'>gyulesen</span> <span class='ocrx_word' id='word_1_206' title='bbox 779 3641 804 3691; x_wconf 86' lang='lat' dir='ltr'>a</span> <span class='ocrx_word' id='word_1_207' title='bbox 828 3619 1053 3710; x_wconf 80' lang='lat' dir='ltr'>szekelyek</span> <span class='ocrx_word' id='word_1_208' title='bbox 1076 3621 1426 3711; x_wconf 78' lang='lat' dir='ltr'>folyamodasara.</span> 
     </span>
    </p>
   </div>
   <div class='ocr_carea' id='block_1_8' title="bbox 221 3803 1522 4320">
    <p class='ocr_par' dir='ltr' id='par_1_8' title="bbox 221 3803 1522 4320">
     <span class='ocr_line' id='line_1_29' title="bbox 224 3803 1522 3889; baseline -0.001 -21"><span class='ocrx_word' id='word_1_209' title='bbox 224 3803 358 3868; x_wconf 77' lang='lat' dir='ltr'>Eredcti</span> <span class='ocrx_word' id='word_1_210' title='bbox 379 3804 549 3888; x_wconf 68' lang='lat' dir='ltr'>peinceps</span> <span class='ocrx_word' id='word_1_211' title='bbox 573 3806 764 3871; x_wconf 64' lang='lat' dir='ltr'>melereden.</span> <span class='ocrx_word' id='word_1_212' title='bbox 790 3805 967 3870; x_wconf 74' lang='lat' dir='ltr'>Mcisclolrit</span> <span class='ocrx_word' id='word_1_213' title='bbox 989 3804 1179 3889; x_wconf 74' lang='lat' dir='ltr'>seltnldljul·</span> <span class='ocrx_word' id='word_1_214' title='bbox 1204 3827 1224 3870; x_wconf 88' lang='lat' dir='ltr'>o</span> <span class='ocrx_word' id='word_1_215' title='bbox 1247 3806 1367 3870; x_wconf 76' lang='lat' dir='ltr'>Honor</span> <span class='ocrx_word' id='word_1_216' title='bbox 1383 3805 1522 3889; x_wconf 71' lang='lat' dir='ltr'>Gytrpp</span> 
     </span>
     <span class='ocr_line' id='line_1_30' title="bbox 222 3911 1521 3996; baseline 0 -21"><span class='ocrx_word' id='word_1_217' title='bbox 222 3914 316 3975; x_wconf 68' lang='lat' dir='ltr'>series</span> <span class='ocrx_word' id='word_1_218' title='bbox 354 3911 635 3993; x_wconf 70' lang='lat' dir='ltr'>superintendens</span> <span class='ocrx_word' id='word_1_219' title='bbox 673 3912 753 3976; x_wconf 75' lang='lat' dir='ltr'>sltcl</span> <span class='ocrx_word' id='word_1_220' title='bbox 791 3933 812 3977; x_wconf 86' lang='lat' dir='ltr'>o</span> <span class='ocrx_word' id='word_1_221' title='bbox 849 3913 932 3976; x_wconf 74' lang='lat' dir='ltr'>rii-ult</span> <span class='ocrx_word' id='word_1_222' title='bbox 970 3913 1091 3976; x_wconf 68' lang='lat' dir='ltr'>sedsed</span> <span class='ocrx_word' id='word_1_223' title='bbox 1129 3914 1272 3996; x_wconf 63' lang='lat' dir='ltr'>rupen</span> <span class='ocrx_word' id='word_1_224' title='bbox 1309 3913 1521 3977; x_wconf 72' lang='lat' dir='ltr'>dsszerillr&#39;tott</span> 
     </span>
     <span class='ocr_line' id='line_1_31' title="bbox 221 4019 1521 4104; baseline 0.001 -22"><span class='ocrx_word' id='word_1_225' title='bbox 221 4021 498 4104; x_wconf 69' lang='lat' dir='ltr'>ppujtemccptec</span> <span class='ocrx_word' id='word_1_226' title='bbox 520 4021 705 4101; x_wconf 60' lang='lat' dir='ltr'>(mrrtcuu&#39;</span> <span class='ocrx_word' id='word_1_227' title='bbox 741 4019 1009 4102; x_wconf 75' lang='lat' dir='ltr'>Trcmspleunr&#39;ce</span> <span class='ocrx_word' id='word_1_228' title='bbox 1040 4020 1255 4102; x_wconf 61' lang='lat' dir='ltr'>Diocleum).</span> <span class='ocrx_word' id='word_1_229' title='bbox 1280 4021 1431 4086; x_wconf 67' lang='lat' dir='ltr'>Krastos</span> <span class='ocrx_word' id='word_1_230' title='bbox 1455 4019 1521 4084; x_wconf 81' lang='lat' dir='ltr'>tob-</span> 
     </span>
     <span class='ocr_line' id='line_1_32' title="bbox 223 4127 1520 4212; baseline 0.001 -22"><span class='ocrx_word' id='word_1_231' title='bbox 223 4127 305 4206; x_wconf 71' lang='lat' dir='ltr'>bcu:</span> <span class='ocrx_word' id='word_1_232' title='bbox 328 4128 519 4211; x_wconf 75' lang='lat' dir='ltr'>loprijnblun</span> <span class='ocrx_word' id='word_1_233' title='bbox 545 4127 648 4194; x_wconf 62' lang='lat' dir='ltr'>Serrbo&#39;</span> <span class='ocrx_word' id='word_1_234' title='bbox 670 4129 798 4210; x_wconf 78' lang='lat' dir='ltr'>Kciroly</span> <span class='ocrx_word' id='word_1_235' title='bbox 822 4127 973 4210; x_wconf 65' lang='lat' dir='ltr'>(sasitos</span> <span class='ocrx_word' id='word_1_236' title='bbox 993 4127 1176 4192; x_wconf 79' lang='lat' dir='ltr'>Ollcoe‘ltdr</span> <span class='ocrx_word' id='word_1_237' title='bbox 1193 4129 1242 4193; x_wconf 88' lang='lat' dir='ltr'>II.</span> <span class='ocrx_word' id='word_1_238' title='bbox 1259 4129 1304 4209; x_wconf 78' lang='grc'>1.)</span> <span class='ocrx_word' id='word_1_239' title='bbox 1322 4132 1353 4192; x_wconf 65' lang='lat' dir='ltr'>ds</span> <span class='ocrx_word' id='word_1_240' title='bbox 1368 4127 1520 4212; x_wconf 76' lang='lat' dir='ltr'>Srilrippi</span> 
     </span>
     <span class='ocr_line' id='line_1_33' title="bbox 363 4230 1382 4320; baseline 0 -19"><span class='ocrx_word' id='word_1_241' title='bbox 363 4236 496 4301; x_wconf 74' lang='lat' dir='ltr'>Sctndor</span> <span class='ocrx_word' id='word_1_242' title='bbox 520 4230 675 4318; x_wconf 73' lang='lat' dir='ltr'>(Errle&#39;lpi</span> <span class='ocrx_word' id='word_1_243' title='bbox 704 4236 955 4320; x_wconf 68' lang='lat' dir='ltr'>Orssdpppilldu</span> <span class='ocrx_word' id='word_1_244' title='bbox 979 4236 1134 4299; x_wconf 57' lang='lat' dir='ltr'>uolutat</span> <span class='ocrx_word' id='word_1_245' title='bbox 1159 4236 1217 4314; x_wconf 69' lang='lat' dir='ltr'>H„</span> <span class='ocrx_word' id='word_1_246' title='bbox 1240 4237 1315 4300; x_wconf 67' lang='lat'>202.</span> <span class='ocrx_word' id='word_1_247' title='bbox 1339 4236 1382 4315; x_wconf 88' lang='grc'>1.).</span> 
     </span>
    </p>
   </div>
   <div class='ocr_carea' id='block_1_9' title="bbox 635 4285 646 4319">
    <p class='ocr_par' dir='ltr' id='par_1_9' title="bbox 635 4285 646 4319">
     <span class='ocr_line' id='line_1_34' title="bbox 635 4285 637 4292; baseline 0 0"><span class='ocrx_word' id='word_1_248' title='bbox 635 4285 637 4292; x_wconf 65' lang='grc' dir='ltr'><em>ι</em></span> 
     </span>
     <span class='ocr_line' id='line_1_35' title="bbox 640 4305 646 4319; baseline 0 0"><span class='ocrx_word' id='word_1_249' title='bbox 640 4305 646 4319; x_wconf 81' lang='grc'><strong>1</strong></span> 
     </span>
    </p>
   </div>
   <div class='ocr_carea' id='block_1_10' title="bbox 224 4425 1521 4720">
    <p class='ocr_par' dir='ltr' id='par_1_10' title="bbox 224 4425 1521 4720">
     <span class='ocr_line' id='line_1_36' title="bbox 329 4425 1519 4509; baseline -0.004 -18"><span class='ocrx_word' id='word_1_250' title='bbox 329 4427 482 4491; x_wconf 81' lang='lat' dir='ltr'>Articuli</span> <span class='ocrx_word' id='word_1_251' title='bbox 514 4449 616 4509; x_wconf 91' lang='lat' dir='ltr'>super</span> <span class='ocrx_word' id='word_1_252' title='bbox 648 4435 742 4490; x_wconf 83' lang='lat' dir='ltr'>statu</span> <span class='ocrx_word' id='word_1_253' title='bbox 775 4428 1003 4491; x_wconf 87' lang='lat' dir='ltr'>dominiorum</span> <span class='ocrx_word' id='word_1_254' title='bbox 1036 4425 1229 4490; x_wconf 86' lang='lat' dir='ltr'>Siculorum</span> <span class='ocrx_word' id='word_1_255' title='bbox 1253 4425 1372 4489; x_wconf 91' lang='lat' dir='ltr'>sedum</span> <span class='ocrx_word' id='word_1_256' title='bbox 1395 4425 1519 4503; x_wconf 76' lang='lat' dir='ltr'>Marce,</span> 
     </span>
     <span class='ocr_line' id='line_1_37' title="bbox 224 4532 1521 4619; baseline -0.005 -19"><span class='ocrx_word' id='word_1_257' title='bbox 224 4535 433 4618; x_wconf 83' lang='lat' dir='ltr'>Udvarhely,</span> <span class='ocrx_word' id='word_1_258' title='bbox 452 4535 543 4618; x_wconf 80' lang='lat' dir='ltr'>Csik,</span> <span class='ocrx_word' id='word_1_259' title='bbox 560 4535 731 4619; x_wconf 70' lang='lat' dir='ltr'>Gyergyu</span> <span class='ocrx_word' id='word_1_260' title='bbox 749 4534 853 4617; x_wconf 81' lang='lat' dir='ltr'>Scpsi,</span> <span class='ocrx_word' id='word_1_261' title='bbox 878 4535 1009 4618; x_wconf 81' lang='lat' dir='ltr'>Kezdy,</span> <span class='ocrx_word' id='word_1_262' title='bbox 1034 4532 1139 4597; x_wconf 88' lang='lat' dir='ltr'>Orbai</span> <span class='ocrx_word' id='word_1_263' title='bbox 1162 4535 1199 4598; x_wconf 91' lang='lat' dir='ltr'>in</span> <span class='ocrx_word' id='word_1_264' title='bbox 1222 4539 1394 4598; x_wconf 85' lang='lat' dir='ltr'>conventu</span> <span class='ocrx_word' id='word_1_265' title='bbox 1418 4552 1521 4616; x_wconf 87' lang='lat' dir='ltr'>gene—</span> 
     </span>
     <span class='ocr_line' id='line_1_38' title="bbox 225 4639 1519 4720; baseline -0.002 -16"><span class='ocrx_word' id='word_1_266' title='bbox 225 4643 288 4706; x_wconf 84' lang='lat' dir='ltr'>rali</span> <span class='ocrx_word' id='word_1_267' title='bbox 320 4646 427 4707; x_wconf 86' lang='lat' dir='ltr'>trium</span> <span class='ocrx_word' id='word_1_268' title='bbox 460 4646 640 4720; x_wconf 84' lang='lat' dir='ltr'>nationum</span> <span class='ocrx_word' id='word_1_269' title='bbox 673 4641 1013 4706; x_wconf 79' lang='lat' dir='ltr'>Transilvaniensum</span> <span class='ocrx_word' id='word_1_270' title='bbox 1045 4641 1100 4704; x_wconf 91' lang='lat' dir='ltr'>die</span> <span class='ocrx_word' id='word_1_271' title='bbox 1133 4642 1184 4704; x_wconf 76' lang='lat'>20.</span> <span class='ocrx_word' id='word_1_272' title='bbox 1209 4643 1334 4704; x_wconf 86' lang='lat' dir='ltr'>mensis</span> <span class='ocrx_word' id='word_1_273' title='bbox 1358 4639 1459 4704; x_wconf 89' lang='lat' dir='ltr'>Junii</span> <span class='ocrx_word' id='word_1_274' title='bbox 1482 4641 1519 4701; x_wconf 91' lang='lat' dir='ltr'>in</span> 
     </span>
    </p>
   </div>
   <div class='ocr_carea' id='block_1_11' title="bbox 0 0 1578 5212">
    <p class='ocr_par' dir='ltr' id='par_1_11' title="bbox 0 0 1578 5212">
     <span class='ocr_line' id='line_1_39' title="bbox 0 0 1578 5212; baseline 0 0"><span class='ocrx_word' id='word_1_275' title='bbox 0 0 1578 5212; x_wconf 95' lang='lat' dir='ltr'> </span> 
     </span>
    </p>
   </div>
  </div>
 </body>
</html>
