<?xml version="1.0" encoding="UTF-8"?>
<!DOCTYPE html PUBLIC "-//W3C//DTD XHTML 1.0 Transitional//EN"
    "http://www.w3.org/TR/xhtml1/DTD/xhtml1-transitional.dtd">
<html xmlns="http://www.w3.org/1999/xhtml" xml:lang="en" lang="en">
 <head>
  <title>
</title>
<meta http-equiv="Content-Type" content="text/html;charset=utf-8" />
  <meta name='ocr-system' content='tesseract 3.04.00' />
  <meta name='ocr-capabilities' content='ocr_page ocr_carea ocr_par ocr_line ocrx_word'/>
</head>
<body>
  <div class='ocr_page' id='page_1' title='image "./enchiridionfont00marcgoog_0086.png"; bbox 0 0 3182 5208; ppageno 0'>
   <div class='ocr_carea' id='block_1_1' title="bbox 213 305 256 369">
    <p class='ocr_par' dir='ltr' id='par_1_1' title="bbox 213 305 256 369">
     <span class='ocr_line' id='line_1_1' title="bbox 213 305 256 369; baseline 0 0"><span class='ocrx_word' id='word_1_1' title='bbox 213 305 256 369; x_wconf 88' lang='grc'>64</span> 
     </span>
    </p>
   </div>
   <div class='ocr_carea' id='block_1_2' title="bbox 212 500 1509 1562">
    <p class='ocr_par' dir='ltr' id='par_1_2' title="bbox 212 500 1509 1562">
     <span class='ocr_line' id='line_1_2' title="bbox 212 500 1506 587; baseline 0 -21"><span class='ocrx_word' id='word_1_2' title='bbox 212 502 420 568; x_wconf 84' lang='lat' dir='ltr'>christianus</span> <span class='ocrx_word' id='word_1_3' title='bbox 444 523 513 566; x_wconf 87' lang='lat' dir='ltr'>non</span> <span class='ocrx_word' id='word_1_4' title='bbox 537 502 671 585; x_wconf 88' lang='lat' dir='ltr'>diceris,</span> <span class='ocrx_word' id='word_1_5' title='bbox 694 503 750 566; x_wconf 89' lang='lat' dir='ltr'>vel</span> <span class='ocrx_word' id='word_1_6' title='bbox 770 502 930 566; x_wconf 86' lang='lat' dir='ltr'>ecclesiae</span> <span class='ocrx_word' id='word_1_7' title='bbox 950 501 1041 586; x_wconf 90' lang='lat' dir='ltr'>filiis,</span> <span class='ocrx_word' id='word_1_8' title='bbox 1064 503 1124 587; x_wconf 90' lang='lat' dir='ltr'>qui</span> <span class='ocrx_word' id='word_1_9' title='bbox 1139 505 1232 567; x_wconf 91' lang='lat' dir='ltr'>enim</span> <span class='ocrx_word' id='word_1_10' title='bbox 1248 500 1334 566; x_wconf 82' lang='lat' dir='ltr'>falso</span> <span class='ocrx_word' id='word_1_11' title='bbox 1350 503 1506 585; x_wconf 82' lang='lat' dir='ltr'>credunt,</span> 
     </span>
     <span class='ocr_line' id='line_1_3' title="bbox 213 608 1507 695; baseline -0.002 -18"><span class='ocrx_word' id='word_1_12' title='bbox 213 611 269 677; x_wconf 92' lang='lat' dir='ltr'>vel</span> <span class='ocrx_word' id='word_1_13' title='bbox 292 609 396 676; x_wconf 88' lang='lat' dir='ltr'>fidem</span> <span class='ocrx_word' id='word_1_14' title='bbox 420 608 518 674; x_wconf 89' lang='lat' dir='ltr'>bonis</span> <span class='ocrx_word' id='word_1_15' title='bbox 543 631 612 676; x_wconf 87' lang='lat' dir='ltr'>non</span> <span class='ocrx_word' id='word_1_16' title='bbox 639 611 786 694; x_wconf 89' lang='lat' dir='ltr'>implent</span> <span class='ocrx_word' id='word_1_17' title='bbox 810 618 845 675; x_wconf 90' lang='lat' dir='ltr'>et</span> <span class='ocrx_word' id='word_1_18' title='bbox 868 619 992 676; x_wconf 89' lang='lat' dir='ltr'>ornant</span> <span class='ocrx_word' id='word_1_19' title='bbox 1016 611 1186 694; x_wconf 73' lang='lat' dir='ltr'>operibus,</span> <span class='ocrx_word' id='word_1_20' title='bbox 1218 611 1301 695; x_wconf 88' lang='lat' dir='ltr'>quia</span> <span class='ocrx_word' id='word_1_21' title='bbox 1323 609 1408 675; x_wconf 87' lang='lat' dir='ltr'>fides</span> <span class='ocrx_word' id='word_1_22' title='bbox 1431 613 1507 676; x_wconf 88' lang='lat' dir='ltr'>sine</span> 
     </span>
     <span class='ocr_line' id='line_1_4' title="bbox 213 717 1508 805; baseline 0 -23"><span class='ocrx_word' id='word_1_23' title='bbox 213 740 313 802; x_wconf 89' lang='lat' dir='ltr'>opere</span> <span class='ocrx_word' id='word_1_24' title='bbox 340 721 496 800; x_wconf 91' lang='lat' dir='ltr'>moritur,</span> <span class='ocrx_word' id='word_1_25' title='bbox 528 717 670 784; x_wconf 88' lang='grc'><strong>1111110</strong></span> <span class='ocrx_word' id='word_1_26' title='bbox 703 718 845 784; x_wconf 88' lang='lat' dir='ltr'>honeste</span> <span class='ocrx_word' id='word_1_27' title='bbox 878 725 1034 805; x_wconf 84' lang='lat' dir='ltr'>regnant,</span> <span class='ocrx_word' id='word_1_28' title='bbox 1066 741 1129 783; x_wconf 91' lang='lat' dir='ltr'>nec</span> <span class='ocrx_word' id='word_1_29' title='bbox 1161 726 1279 784; x_wconf 92' lang='lat' dir='ltr'>eterno</span> <span class='ocrx_word' id='word_1_30' title='bbox 1312 740 1416 804; x_wconf 89' lang='lat' dir='ltr'>regno</span> <span class='ocrx_word' id='word_1_31' title='bbox 1449 719 1508 784; x_wconf 90' lang='lat' dir='ltr'>vel</span> 
     </span>
     <span class='ocr_line' id='line_1_5' title="bbox 213 825 1508 910; baseline 0.002 -21"><span class='ocrx_word' id='word_1_32' title='bbox 213 848 337 891; x_wconf 88' lang='lat' dir='ltr'>corona</span> <span class='ocrx_word' id='word_1_33' title='bbox 376 828 593 910; x_wconf 89' lang='lat' dir='ltr'>participant.</span> <span class='ocrx_word' id='word_1_34' title='bbox 627 825 664 892; x_wconf 82' lang='lat' dir='ltr'>Si</span> <span class='ocrx_word' id='word_1_35' title='bbox 697 847 778 890; x_wconf 89' lang='lat' dir='ltr'>vero</span> <span class='ocrx_word' id='word_1_36' title='bbox 804 829 931 892; x_wconf 90' lang='lat' dir='ltr'>retines</span> <span class='ocrx_word' id='word_1_37' title='bbox 958 833 1095 892; x_wconf 89' lang='lat' dir='ltr'>scutum</span> <span class='ocrx_word' id='word_1_38' title='bbox 1127 825 1208 890; x_wconf 89' lang='lat' dir='ltr'>fidei</span> <span class='ocrx_word' id='word_1_39' title='bbox 1240 825 1366 892; x_wconf 80' lang='lat' dir='ltr'>habeas</span> <span class='ocrx_word' id='word_1_40' title='bbox 1398 830 1508 892; x_wconf 89' lang='lat' dir='ltr'>eciam</span> 
     </span>
     <span class='ocr_line' id='line_1_6' title="bbox 214 931 1507 1024; baseline 0.001 -27"><span class='ocrx_word' id='word_1_41' title='bbox 214 933 347 1018; x_wconf 88' lang='lat' dir='ltr'>galeam</span> <span class='ocrx_word' id='word_1_42' title='bbox 385 931 516 1016; x_wconf 88' lang='lat' dir='ltr'>salutis,</span> <span class='ocrx_word' id='word_1_43' title='bbox 564 931 618 997; x_wconf 92' lang='lat' dir='ltr'>his</span> <span class='ocrx_word' id='word_1_44' title='bbox 664 931 804 1018; x_wconf 89' lang='lat' dir='ltr'>quidem</span> <span class='ocrx_word' id='word_1_45' title='bbox 845 933 1066 1024; x_wconf 80' lang='lat' dir='ltr'>armamentis</span> <span class='ocrx_word' id='word_1_46' title='bbox 1106 939 1224 997; x_wconf 87' lang='lat' dir='ltr'>contra</span> <span class='ocrx_word' id='word_1_47' title='bbox 1270 931 1425 998; x_wconf 79' lang='lat' dir='ltr'>visibiles</span> <span class='ocrx_word' id='word_1_48' title='bbox 1472 942 1507 998; x_wconf 91' lang='grc'>11</span> 
     </span>
     <span class='ocr_line' id='line_1_7' title="bbox 214 1035 1508 1124; baseline 0 -20"><span class='ocrx_word' id='word_1_49' title='bbox 214 1038 406 1104; x_wconf 79' lang='lat' dir='ltr'>invisibiles</span> <span class='ocrx_word' id='word_1_50' title='bbox 417 1038 572 1124; x_wconf 78' lang='lat' dir='ltr'>legitime</span> <span class='ocrx_word' id='word_1_51' title='bbox 583 1035 757 1103; x_wconf 87' lang='lat' dir='ltr'>decertare</span> <span class='ocrx_word' id='word_1_52' title='bbox 774 1043 901 1122; x_wconf 89' lang='lat' dir='ltr'>poteris</span> <span class='ocrx_word' id='word_1_53' title='bbox 917 1042 1082 1122; x_wconf 88' lang='lat' dir='ltr'>inimicos,</span> <span class='ocrx_word' id='word_1_54' title='bbox 1098 1061 1178 1103; x_wconf 89' lang='lat' dir='ltr'>nam</span> <span class='ocrx_word' id='word_1_55' title='bbox 1195 1046 1234 1104; x_wconf 90' lang='lat' dir='ltr'>ut</span> <span class='ocrx_word' id='word_1_56' title='bbox 1249 1041 1299 1104; x_wconf 89' lang='grc'>111</span> <span class='ocrx_word' id='word_1_57' title='bbox 1316 1040 1508 1122; x_wconf 87' lang='lat' dir='ltr'>apostolus;</span> 
     </span>
     <span class='ocr_line' id='line_1_8' title="bbox 214 1143 1509 1232; baseline 0.002 -22"><span class='ocrx_word' id='word_1_58' title='bbox 214 1167 314 1210; x_wconf 91' lang='lat' dir='ltr'>nemo</span> <span class='ocrx_word' id='word_1_59' title='bbox 338 1143 566 1228; x_wconf 74' lang='lat' dir='ltr'>coronabitur,</span> <span class='ocrx_word' id='word_1_60' title='bbox 589 1147 656 1209; x_wconf 91' lang='lat' dir='ltr'>nisi</span> <span class='ocrx_word' id='word_1_61' title='bbox 673 1149 733 1230; x_wconf 91' lang='lat' dir='ltr'>qui</span> <span class='ocrx_word' id='word_1_62' title='bbox 749 1145 904 1232; x_wconf 77' lang='lat' dir='ltr'>legitime</span> <span class='ocrx_word' id='word_1_63' title='bbox 927 1149 1144 1212; x_wconf 85' lang='lat' dir='ltr'>certaverit¹</span> <span class='ocrx_word' id='word_1_64' title='bbox 1170 1145 1220 1212; x_wconf 87' lang='lat' dir='ltr'>Ut</span> <span class='ocrx_word' id='word_1_65' title='bbox 1248 1153 1381 1230; x_wconf 89' lang='lat' dir='ltr'>patrem</span> <span class='ocrx_word' id='word_1_66' title='bbox 1405 1147 1509 1212; x_wconf 90' lang='lat' dir='ltr'>deum</span> 
     </span>
     <span class='ocr_line' id='line_1_9' title="bbox 214 1244 1508 1340; baseline 0.001 -22"><span class='ocrx_word' id='word_1_67' title='bbox 214 1256 484 1335; x_wconf 86' lang='lat' dir='ltr'>omnipotentem</span> <span class='ocrx_word' id='word_1_68' title='bbox 507 1244 674 1317; x_wconf 83' lang='grc'><strong>1111111111</strong></span> <span class='ocrx_word' id='word_1_69' title='bbox 695 1257 807 1318; x_wconf 83' lang='lat' dir='ltr'>tocius</span> <span class='ocrx_word' id='word_1_70' title='bbox 831 1253 974 1334; x_wconf 84' lang='lat' dir='ltr'>facture,</span> <span class='ocrx_word' id='word_1_71' title='bbox 998 1261 1033 1318; x_wconf 91' lang='lat' dir='ltr'>et</span> <span class='ocrx_word' id='word_1_72' title='bbox 1057 1257 1276 1340; x_wconf 90' lang='lat' dir='ltr'>unigenitum</span> <span class='ocrx_word' id='word_1_73' title='bbox 1304 1255 1378 1318; x_wconf 81' lang='lat' dir='ltr'>eius</span> <span class='ocrx_word' id='word_1_74' title='bbox 1396 1253 1508 1319; x_wconf 90' lang='lat' dir='ltr'>filium</span> 
     </span>
     <span class='ocr_line' id='line_1_10' title="bbox 215 1359 1509 1447; baseline -0.002 -19"><span class='ocrx_word' id='word_1_75' title='bbox 215 1361 392 1428; x_wconf 88' lang='lat' dir='ltr'>dominum</span> <span class='ocrx_word' id='word_1_76' title='bbox 425 1367 580 1424; x_wconf 88' lang='lat' dir='ltr'>nostrum</span> <span class='ocrx_word' id='word_1_77' title='bbox 612 1359 734 1426; x_wconf 87' lang='lat' dir='ltr'>Jesum</span> <span class='ocrx_word' id='word_1_78' title='bbox 765 1361 953 1444; x_wconf 79' lang='lat' dir='ltr'>Christum,</span> <span class='ocrx_word' id='word_1_79' title='bbox 987 1363 1031 1426; x_wconf 91' lang='lat' dir='ltr'>de</span> <span class='ocrx_word' id='word_1_80' title='bbox 1064 1361 1175 1428; x_wconf 86' lang='lat' dir='ltr'>Maria</span> <span class='ocrx_word' id='word_1_81' title='bbox 1207 1363 1352 1447; x_wconf 86' lang='lat' dir='ltr'>virgine,</span> <span class='ocrx_word' id='word_1_82' title='bbox 1385 1361 1509 1446; x_wconf 86' lang='lat' dir='ltr'>angelo</span> 
     </span>
     <span class='ocr_line' id='line_1_11' title="bbox 216 1468 1509 1562; baseline 0 -28"><span class='ocrx_word' id='word_1_83' title='bbox 216 1469 401 1534; x_wconf 78' lang='lat' dir='ltr'>nunciante</span> <span class='ocrx_word' id='word_1_84' title='bbox 417 1469 571 1550; x_wconf 76' lang='lat' dir='ltr'>natum⁹,</span> <span class='ocrx_word' id='word_1_85' title='bbox 603 1490 642 1532; x_wconf 91' lang='lat' dir='ltr'>ac</span> <span class='ocrx_word' id='word_1_86' title='bbox 666 1490 726 1550; x_wconf 89' lang='lat' dir='ltr'>pro</span> <span class='ocrx_word' id='word_1_87' title='bbox 745 1472 856 1534; x_wconf 87' lang='lat' dir='ltr'>tocius</span> <span class='ocrx_word' id='word_1_88' title='bbox 871 1469 1000 1562; x_wconf 17' lang='lat' dir='ltr'>,mundi</span> <span class='ocrx_word' id='word_1_89' title='bbox 1023 1469 1134 1534; x_wconf 87' lang='lat' dir='ltr'>salute</span> <span class='ocrx_word' id='word_1_90' title='bbox 1157 1471 1196 1534; x_wconf 88' lang='lat' dir='ltr'>in</span> <span class='ocrx_word' id='word_1_91' title='bbox 1218 1471 1328 1536; x_wconf 86' lang='grc'><strong>1111111</strong></span> <span class='ocrx_word' id='word_1_92' title='bbox 1353 1468 1509 1554; x_wconf 86' lang='lat' dir='ltr'>patibulo</span> 
     </span>
    </p>
   </div>
   <div class='ocr_carea' id='block_1_3' title="bbox 89 1577 1511 1668">
    <p class='ocr_par' dir='ltr' id='par_1_3' title="bbox 89 1577 1511 1668">
     <span class='ocr_line' id='line_1_12' title="bbox 89 1577 1511 1668; baseline 0 -28"><span class='ocrx_word' id='word_1_93' title='bbox 89 1653 95 1668; x_wconf 57' lang='lat'>,</span> <span class='ocrx_word' id='word_1_94' title='bbox 217 1595 361 1659; x_wconf 88' lang='lat' dir='ltr'>passum,</span> <span class='ocrx_word' id='word_1_95' title='bbox 385 1583 421 1639; x_wconf 94' lang='lat' dir='ltr'>et</span> <span class='ocrx_word' id='word_1_96' title='bbox 444 1577 606 1658; x_wconf 89' lang='lat' dir='ltr'>spiritum</span> <span class='ocrx_word' id='word_1_97' title='bbox 628 1583 793 1658; x_wconf 89' lang='lat' dir='ltr'>sanctum,</span> <span class='ocrx_word' id='word_1_98' title='bbox 818 1579 877 1661; x_wconf 92' lang='lat' dir='ltr'>qui</span> <span class='ocrx_word' id='word_1_99' title='bbox 902 1599 962 1660; x_wconf 92' lang='lat' dir='ltr'>per</span> <span class='ocrx_word' id='word_1_100' title='bbox 995 1577 1178 1660; x_wconf 87' lang='lat' dir='ltr'>prophetas</span> <span class='ocrx_word' id='word_1_101' title='bbox 1210 1583 1245 1640; x_wconf 91' lang='lat' dir='ltr'>et</span> <span class='ocrx_word' id='word_1_102' title='bbox 1278 1577 1511 1662; x_wconf 87' lang='lat' dir='ltr'>evangelistes</span> 
     </span>
    </p>
   </div>
   <div class='ocr_carea' id='block_1_4' title="bbox 217 1669 1522 4345">
    <p class='ocr_par' dir='ltr' id='par_1_4' title="bbox 217 1669 1522 4345">
     <span class='ocr_line' id='line_1_13' title="bbox 217 1669 1511 1768; baseline 0 -20"><span class='ocrx_word' id='word_1_103' title='bbox 217 1691 253 1748; x_wconf 92' lang='lat' dir='ltr'>et</span> <span class='ocrx_word' id='word_1_104' title='bbox 268 1683 438 1767; x_wconf 87' lang='lat' dir='ltr'>apostolos</span> <span class='ocrx_word' id='word_1_105' title='bbox 454 1683 588 1748; x_wconf 89' lang='lat' dir='ltr'>locutus</span> <span class='ocrx_word' id='word_1_106' title='bbox 608 1691 668 1766; x_wconf 91' lang='grc'><strong>111,</strong></span> <span class='ocrx_word' id='word_1_107' title='bbox 692 1706 796 1749; x_wconf 90' lang='lat' dir='ltr'>unam</span> <span class='ocrx_word' id='word_1_108' title='bbox 820 1685 986 1750; x_wconf 78' lang='lat' dir='ltr'>deitatem</span> <span class='ocrx_word' id='word_1_109' title='bbox 1011 1683 1208 1768; x_wconf 87' lang='lat' dir='ltr'>perfectam,</span> <span class='ocrx_word' id='word_1_110' title='bbox 1226 1669 1511 1766; x_wconf 83' lang='lat' dir='ltr'>indissolubilem,</span> 
     </span>
     <span class='ocr_line' id='line_1_14' title="bbox 217 1789 1511 1877; baseline 0.001 -23"><span class='ocrx_word' id='word_1_111' title='bbox 217 1793 525 1856; x_wconf 87' lang='lat' dir='ltr'>incontaminatam</span> <span class='ocrx_word' id='word_1_112' title='bbox 549 1813 621 1854; x_wconf 90' lang='lat' dir='ltr'>esse</span> <span class='ocrx_word' id='word_1_113' title='bbox 652 1789 798 1858; x_wconf 90' lang='lat' dir='ltr'>firmiter</span> <span class='ocrx_word' id='word_1_114' title='bbox 830 1793 947 1857; x_wconf 88' lang='lat' dir='ltr'>credas</span> <span class='ocrx_word' id='word_1_115' title='bbox 981 1799 1016 1856; x_wconf 92' lang='lat' dir='ltr'>et</span> <span class='ocrx_word' id='word_1_116' title='bbox 1048 1794 1122 1856; x_wconf 90' lang='lat' dir='ltr'>sine</span> <span class='ocrx_word' id='word_1_117' title='bbox 1154 1795 1248 1856; x_wconf 91' lang='lat' dir='ltr'>omni</span> <span class='ocrx_word' id='word_1_118' title='bbox 1280 1791 1511 1877; x_wconf 74' lang='lat' dir='ltr'>ambiguitate</span> 
     </span>
     <span class='ocr_line' id='line_1_15' title="bbox 217 1896 1512 1984; baseline -0.001 -21"><span class='ocrx_word' id='word_1_119' title='bbox 217 1905 342 1964; x_wconf 88' lang='lat' dir='ltr'>teneas.</span> <span class='ocrx_word' id='word_1_120' title='bbox 366 1898 463 1962; x_wconf 86' lang='lat' dir='ltr'>Haec</span> <span class='ocrx_word' id='word_1_121' title='bbox 486 1903 538 1962; x_wconf 90' lang='grc'>111</span> <span class='ocrx_word' id='word_1_122' title='bbox 562 1896 646 1962; x_wconf 89' lang='lat' dir='ltr'>fides</span> <span class='ocrx_word' id='word_1_123' title='bbox 679 1899 857 1982; x_wconf 87' lang='lat' dir='ltr'>catholica,</span> <span class='ocrx_word' id='word_1_124' title='bbox 890 1921 993 1984; x_wconf 89' lang='lat' dir='ltr'>quam</span> <span class='ocrx_word' id='word_1_125' title='bbox 1021 1902 1111 1964; x_wconf 90' lang='lat' dir='ltr'>sicut</span> <span class='ocrx_word' id='word_1_126' title='bbox 1142 1897 1354 1964; x_wconf 85' lang='lat' dir='ltr'>Athanasius</span> <span class='ocrx_word' id='word_1_127' title='bbox 1387 1898 1478 1964; x_wconf 89' lang='lat' dir='ltr'>dixit</span> <span class='ocrx_word' id='word_1_128' title='bbox 1488 1905 1512 1980; x_wconf 79' lang='lat'>³,</span> 
     </span>
     <span class='ocr_line' id='line_1_16' title="bbox 218 2002 1512 2090; baseline 0 -20"><span class='ocrx_word' id='word_1_129' title='bbox 218 2007 285 2070; x_wconf 90' lang='lat' dir='ltr'>nisi</span> <span class='ocrx_word' id='word_1_130' title='bbox 310 2006 386 2089; x_wconf 89' lang='lat' dir='ltr'>quis</span> <span class='ocrx_word' id='word_1_131' title='bbox 410 2003 560 2068; x_wconf 89' lang='lat' dir='ltr'>fideliter</span> <span class='ocrx_word' id='word_1_132' title='bbox 584 2002 801 2090; x_wconf 86' lang='lat' dir='ltr'>firmiterque</span> <span class='ocrx_word' id='word_1_133' title='bbox 825 2005 1019 2088; x_wconf 84' lang='lat' dir='ltr'>crediderit,</span> <span class='ocrx_word' id='word_1_134' title='bbox 1047 2005 1163 2070; x_wconf 85' lang='lat' dir='ltr'>salvus</span> <span class='ocrx_word' id='word_1_135' title='bbox 1187 2025 1351 2070; x_wconf 88' lang='lat' dir='ltr'>essenon</span> <span class='ocrx_word' id='word_1_136' title='bbox 1375 2007 1512 2088; x_wconf 89' lang='lat' dir='ltr'>poterit.</span> 
     </span>
     <span class='ocr_line' id='line_1_17' title="bbox 219 2109 1513 2198; baseline -0.001 -22"><span class='ocrx_word' id='word_1_137' title='bbox 219 2111 256 2176; x_wconf 83' lang='lat' dir='ltr'>Si</span> <span class='ocrx_word' id='word_1_138' title='bbox 279 2109 464 2196; x_wconf 89' lang='lat' dir='ltr'>aliquando</span> <span class='ocrx_word' id='word_1_139' title='bbox 480 2109 572 2175; x_wconf 85' lang='lat' dir='ltr'>infra</span> <span class='ocrx_word' id='word_1_140' title='bbox 588 2118 685 2176; x_wconf 88' lang='lat' dir='ltr'>tuam</span> <span class='ocrx_word' id='word_1_141' title='bbox 704 2114 859 2177; x_wconf 90' lang='lat' dir='ltr'>invenies</span> <span class='ocrx_word' id='word_1_142' title='bbox 884 2115 1084 2196; x_wconf 88' lang='lat' dir='ltr'>potenciam,</span> <span class='ocrx_word' id='word_1_143' title='bbox 1108 2113 1198 2198; x_wconf 88' lang='lat' dir='ltr'>quod</span> <span class='ocrx_word' id='word_1_144' title='bbox 1215 2112 1315 2195; x_wconf 87' lang='lat' dir='ltr'>absit,</span> <span class='ocrx_word' id='word_1_145' title='bbox 1339 2115 1399 2197; x_wconf 83' lang='lat' dir='ltr'>qui</span> <span class='ocrx_word' id='word_1_146' title='bbox 1423 2113 1513 2177; x_wconf 89' lang='lat' dir='ltr'>hanc</span> 
     </span>
     <span class='ocr_line' id='line_1_18' title="bbox 218 2218 1512 2304; baseline -0.001 -21"><span class='ocrx_word' id='word_1_147' title='bbox 218 2218 439 2284; x_wconf 89' lang='lat' dir='ltr'>collacionem</span> <span class='ocrx_word' id='word_1_148' title='bbox 464 2223 581 2282; x_wconf 89' lang='lat' dir='ltr'>sancte</span> <span class='ocrx_word' id='word_1_149' title='bbox 614 2219 784 2284; x_wconf 84' lang='lat' dir='ltr'>trinitatis</span> <span class='ocrx_word' id='word_1_150' title='bbox 817 2219 972 2284; x_wconf 84' lang='lat' dir='ltr'>dividere</span> <span class='ocrx_word' id='word_1_151' title='bbox 1005 2219 1062 2288; x_wconf 91' lang='lat' dir='ltr'>vel</span> <span class='ocrx_word' id='word_1_152' title='bbox 1094 2223 1248 2286; x_wconf 89' lang='lat' dir='ltr'>minuere</span> <span class='ocrx_word' id='word_1_153' title='bbox 1281 2223 1354 2286; x_wconf 90' lang='lat' dir='ltr'>sive</span> <span class='ocrx_word' id='word_1_154' title='bbox 1386 2241 1512 2304; x_wconf 85' lang='lat' dir='ltr'>augere</span> 
     </span>
     <span class='ocr_line' id='line_1_19' title="bbox 219 2322 1514 2408; baseline 0.002 -18"><span class='ocrx_word' id='word_1_155' title='bbox 219 2333 396 2408; x_wconf 89' lang='lat' dir='ltr'>conantur,</span> <span class='ocrx_word' id='word_1_156' title='bbox 411 2322 473 2390; x_wconf 90' lang='lat' dir='ltr'>hos</span> <span class='ocrx_word' id='word_1_157' title='bbox 489 2327 580 2407; x_wconf 92' lang='lat' dir='ltr'>ipsos</span> <span class='ocrx_word' id='word_1_158' title='bbox 596 2333 687 2389; x_wconf 87' lang='lat' dir='ltr'>certe</span> <span class='ocrx_word' id='word_1_159' title='bbox 706 2327 793 2390; x_wconf 88' lang='lat' dir='ltr'>scias</span> <span class='ocrx_word' id='word_1_160' title='bbox 810 2349 881 2391; x_wconf 89' lang='grc'><strong>1111</strong></span> <span class='ocrx_word' id='word_1_161' title='bbox 897 2326 1111 2407; x_wconf 76' lang='lat' dir='ltr'>heresiarche</span> <span class='ocrx_word' id='word_1_162' title='bbox 1128 2348 1243 2392; x_wconf 89' lang='lat' dir='ltr'>servos</span> <span class='ocrx_word' id='word_1_163' title='bbox 1259 2333 1295 2391; x_wconf 92' lang='lat' dir='ltr'>et</span> <span class='ocrx_word' id='word_1_164' title='bbox 1310 2347 1379 2391; x_wconf 91' lang='lat' dir='ltr'>non</span> <span class='ocrx_word' id='word_1_165' title='bbox 1395 2335 1514 2392; x_wconf 87' lang='lat' dir='ltr'>sancte</span> 
     </span>
     <span class='ocr_line' id='line_1_20' title="bbox 220 2431 1514 2519; baseline 0.002 -24"><span class='ocrx_word' id='word_1_166' title='bbox 220 2431 360 2496; x_wconf 89' lang='grc'><strong>11111111</strong></span> <span class='ocrx_word' id='word_1_167' title='bbox 384 2431 481 2496; x_wconf 81' lang='lat' dir='ltr'>filios</span> <span class='ocrx_word' id='word_1_168' title='bbox 508 2431 608 2496; x_wconf 82' lang='lat' dir='ltr'>Tales</span> <span class='ocrx_word' id='word_1_169' title='bbox 631 2453 713 2496; x_wconf 92' lang='lat' dir='ltr'>vero</span> <span class='ocrx_word' id='word_1_170' title='bbox 736 2455 798 2497; x_wconf 90' lang='lat' dir='ltr'>nec</span> <span class='ocrx_word' id='word_1_171' title='bbox 822 2437 964 2516; x_wconf 88' lang='lat' dir='ltr'>nutrias,</span> <span class='ocrx_word' id='word_1_172' title='bbox 988 2457 1050 2499; x_wconf 90' lang='lat' dir='ltr'>nec</span> <span class='ocrx_word' id='word_1_173' title='bbox 1075 2435 1248 2519; x_wconf 88' lang='lat' dir='ltr'>defendas,</span> <span class='ocrx_word' id='word_1_174' title='bbox 1271 2458 1313 2500; x_wconf 90' lang='lat' dir='ltr'>ne</span> <span class='ocrx_word' id='word_1_175' title='bbox 1341 2443 1382 2499; x_wconf 92' lang='lat' dir='ltr'>tu</span> <span class='ocrx_word' id='word_1_176' title='bbox 1405 2437 1514 2498; x_wconf 88' lang='lat' dir='ltr'>etiam</span> 
     </span>
     <span class='ocr_line' id='line_1_21' title="bbox 220 2539 1515 2607; baseline 0.002 -5"><span class='ocrx_word' id='word_1_177' title='bbox 220 2541 379 2603; x_wconf 88' lang='lat' dir='ltr'>inimicus</span> <span class='ocrx_word' id='word_1_178' title='bbox 412 2539 468 2603; x_wconf 91' lang='lat' dir='ltr'>dei</span> <span class='ocrx_word' id='word_1_179' title='bbox 499 2539 658 2603; x_wconf 90' lang='lat' dir='ltr'>videaris.</span> <span class='ocrx_word' id='word_1_180' title='bbox 691 2540 901 2606; x_wconf 89' lang='lat' dir='ltr'>Huiusmodi</span> <span class='ocrx_word' id='word_1_181' title='bbox 933 2544 1024 2606; x_wconf 90' lang='lat' dir='ltr'>enim</span> <span class='ocrx_word' id='word_1_182' title='bbox 1056 2544 1124 2606; x_wconf 89' lang='lat' dir='ltr'>viri</span> <span class='ocrx_word' id='word_1_183' title='bbox 1157 2548 1273 2606; x_wconf 87' lang='lat' dir='ltr'>sancte</span> <span class='ocrx_word' id='word_1_184' title='bbox 1307 2541 1388 2607; x_wconf 91' lang='lat' dir='ltr'>fidei</span> <span class='ocrx_word' id='word_1_185' title='bbox 1421 2539 1515 2606; x_wconf 87' lang='lat' dir='ltr'>filios</span> 
     </span>
     <span class='ocr_line' id='line_1_22' title="bbox 220 2643 1515 2713; baseline 0.002 -3"><span class='ocrx_word' id='word_1_186' title='bbox 220 2647 359 2710; x_wconf 88' lang='lat' dir='ltr'>omnino</span> <span class='ocrx_word' id='word_1_187' title='bbox 400 2643 551 2709; x_wconf 89' lang='lat' dir='ltr'>reddunt</span> <span class='ocrx_word' id='word_1_188' title='bbox 583 2645 756 2710; x_wconf 90' lang='lat' dir='ltr'>morbidos</span> <span class='ocrx_word' id='word_1_189' title='bbox 789 2653 825 2711; x_wconf 92' lang='lat' dir='ltr'>et</span> <span class='ocrx_word' id='word_1_190' title='bbox 863 2649 966 2712; x_wconf 90' lang='lat' dir='ltr'>istam</span> <span class='ocrx_word' id='word_1_191' title='bbox 1004 2648 1176 2713; x_wconf 88' lang='lat' dir='ltr'>novellam</span> <span class='ocrx_word' id='word_1_192' title='bbox 1215 2655 1332 2713; x_wconf 87' lang='lat' dir='ltr'>sancte</span> <span class='ocrx_word' id='word_1_193' title='bbox 1371 2648 1515 2712; x_wconf 89' lang='lat' dir='ltr'>ecclesie</span> 
     </span>
     <span class='ocr_line' id='line_1_23' title="bbox 221 2751 1467 2840; baseline 0.001 -23"><span class='ocrx_word' id='word_1_194' title='bbox 221 2753 355 2838; x_wconf 87' lang='lat' dir='ltr'>plebem</span> <span class='ocrx_word' id='word_1_195' title='bbox 374 2751 619 2818; x_wconf 89' lang='lat' dir='ltr'>miserabiliter</span> <span class='ocrx_word' id='word_1_196' title='bbox 641 2753 835 2818; x_wconf 89' lang='lat' dir='ltr'>destruunt.</span> <span class='ocrx_word' id='word_1_197' title='bbox 858 2755 934 2819; x_wconf 85' lang='lat' dir='ltr'>Hoc</span> <span class='ocrx_word' id='word_1_198' title='bbox 957 2777 1000 2820; x_wconf 89' lang='lat' dir='ltr'>ne</span> <span class='ocrx_word' id='word_1_199' title='bbox 1024 2755 1094 2838; x_wconf 87' lang='lat' dir='ltr'>fiat,</span> <span class='ocrx_word' id='word_1_200' title='bbox 1118 2755 1355 2840; x_wconf 84' lang='lat' dir='ltr'>principaliter</span> <span class='ocrx_word' id='word_1_201' title='bbox 1378 2777 1467 2820; x_wconf 87' lang='lat' dir='ltr'>cura.</span> 
     </span>
     <span class='ocr_line' id='line_1_24' title="bbox 329 2859 1517 2949; baseline 0.002 -23"><span class='ocrx_word' id='word_1_202' title='bbox 329 2861 379 2928; x_wconf 85' lang='grc' dir='ltr'>ΙΙ.</span> <span class='ocrx_word' id='word_1_203' title='bbox 412 2859 464 2926; x_wconf 87' lang='lat' dir='ltr'>De</span> <span class='ocrx_word' id='word_1_204' title='bbox 503 2860 704 2928; x_wconf 78' lang='lat' dir='ltr'>conticendo</span> <span class='ocrx_word' id='word_1_205' title='bbox 742 2861 956 2928; x_wconf 81' lang='lat' dir='ltr'>ecclesiastico</span> <span class='ocrx_word' id='word_1_206' title='bbox 1002 2868 1100 2930; x_wconf 75' lang='grc'><strong>111111.</strong></span> <span class='ocrx_word' id='word_1_207' title='bbox 1146 2863 1189 2930; x_wconf 93' lang='lat' dir='ltr'>In</span> <span class='ocrx_word' id='word_1_208' title='bbox 1227 2863 1336 2949; x_wconf 85' lang='lat' dir='ltr'>regali</span> <span class='ocrx_word' id='word_1_209' title='bbox 1373 2863 1517 2948; x_wconf 87' lang='lat' dir='ltr'>quidem</span> 
     </span>
     <span class='ocr_line' id='line_1_25' title="bbox 223 2967 1517 3056; baseline 0.005 -26"><span class='ocrx_word' id='word_1_210' title='bbox 223 2968 353 3050; x_wconf 87' lang='lat' dir='ltr'>palacio</span> <span class='ocrx_word' id='word_1_211' title='bbox 387 2975 463 3051; x_wconf 86' lang='lat' dir='ltr'>post</span> <span class='ocrx_word' id='word_1_212' title='bbox 502 2967 606 3034; x_wconf 91' lang='lat' dir='ltr'>fidem</span> <span class='ocrx_word' id='word_1_213' title='bbox 644 2969 785 3034; x_wconf 83' lang='lat' dir='ltr'>ecclesia</span> <span class='ocrx_word' id='word_1_214' title='bbox 824 2970 1013 3036; x_wconf 88' lang='lat' dir='ltr'>secundum</span> <span class='ocrx_word' id='word_1_215' title='bbox 1053 2979 1149 3036; x_wconf 90' lang='lat' dir='ltr'>tenet</span> <span class='ocrx_word' id='word_1_216' title='bbox 1187 2971 1308 3056; x_wconf 89' lang='lat' dir='ltr'>locum,</span> <span class='ocrx_word' id='word_1_217' title='bbox 1344 2993 1363 3036; x_wconf 86' lang='lat' dir='ltr'>a</span> <span class='ocrx_word' id='word_1_218' title='bbox 1402 2973 1517 3054; x_wconf 88' lang='lat' dir='ltr'>capite</span> 
     </span>
     <span class='ocr_line' id='line_1_26' title="bbox 221 3075 1518 3164; baseline 0.003 -24"><span class='ocrx_word' id='word_1_219' title='bbox 221 3083 346 3158; x_wconf 91' lang='lat' dir='ltr'>nostro,</span> <span class='ocrx_word' id='word_1_220' title='bbox 370 3075 501 3139; x_wconf 85' lang='lat' dir='ltr'>scilicet</span> <span class='ocrx_word' id='word_1_221' title='bbox 524 3075 664 3142; x_wconf 82' lang='lat' dir='ltr'>Christo</span> <span class='ocrx_word' id='word_1_222' title='bbox 684 3080 843 3160; x_wconf 89' lang='lat' dir='ltr'>primitus</span> <span class='ocrx_word' id='word_1_223' title='bbox 863 3079 1039 3160; x_wconf 89' lang='lat' dir='ltr'>seminata,</span> <span class='ocrx_word' id='word_1_224' title='bbox 1055 3077 1179 3142; x_wconf 91' lang='lat' dir='ltr'>deinde</span> <span class='ocrx_word' id='word_1_225' title='bbox 1196 3101 1256 3164; x_wconf 90' lang='lat' dir='ltr'>per</span> <span class='ocrx_word' id='word_1_226' title='bbox 1271 3081 1345 3143; x_wconf 89' lang='grc'><strong>11111</strong></span> <span class='ocrx_word' id='word_1_227' title='bbox 1360 3077 1518 3144; x_wconf 85' lang='lat' dir='ltr'>membre·</span> 
     </span>
     <span class='ocr_line' id='line_1_27' title="bbox 222 3183 1518 3269; baseline 0.003 -23"><span class='ocrx_word' id='word_1_228' title='bbox 222 3190 341 3266; x_wconf 92' lang='lat' dir='ltr'>utpote</span> <span class='ocrx_word' id='word_1_229' title='bbox 380 3183 549 3266; x_wconf 89' lang='lat' dir='ltr'>apostolos</span> <span class='ocrx_word' id='word_1_230' title='bbox 588 3192 722 3248; x_wconf 89' lang='lat' dir='ltr'>sanctos</span> <span class='ocrx_word' id='word_1_231' title='bbox 761 3193 796 3250; x_wconf 90' lang='lat' dir='ltr'>et</span> <span class='ocrx_word' id='word_1_232' title='bbox 839 3193 952 3268; x_wconf 86' lang='lat' dir='ltr'>patres</span> <span class='ocrx_word' id='word_1_233' title='bbox 993 3185 1246 3269; x_wconf 88' lang='lat' dir='ltr'>transplantata</span> <span class='ocrx_word' id='word_1_234' title='bbox 1288 3195 1323 3250; x_wconf 91' lang='lat' dir='ltr'>et</span> <span class='ocrx_word' id='word_1_235' title='bbox 1364 3185 1518 3252; x_wconf 90' lang='lat' dir='ltr'>firmitus</span> 
     </span>
     <span class='ocr_line' id='line_1_28' title="bbox 221 3289 1519 3378; baseline 0.003 -25"><span class='ocrx_word' id='word_1_236' title='bbox 221 3289 410 3373; x_wconf 86' lang='lat' dir='ltr'>aedificata,</span> <span class='ocrx_word' id='word_1_237' title='bbox 433 3297 536 3374; x_wconf 90' lang='lat' dir='ltr'>atque</span> <span class='ocrx_word' id='word_1_238' title='bbox 562 3313 621 3373; x_wconf 90' lang='lat' dir='ltr'>per</span> <span class='ocrx_word' id='word_1_239' title='bbox 648 3299 761 3355; x_wconf 91' lang='lat' dir='ltr'>totum</span> <span class='ocrx_word' id='word_1_240' title='bbox 793 3291 911 3356; x_wconf 91' lang='lat' dir='ltr'>orbem</span> <span class='ocrx_word' id='word_1_241' title='bbox 943 3291 1078 3356; x_wconf 87' lang='lat' dir='ltr'>diffusa.</span> <span class='ocrx_word' id='word_1_242' title='bbox 1111 3293 1158 3357; x_wconf 86' lang='lat' dir='ltr'>Et</span> <span class='ocrx_word' id='word_1_243' title='bbox 1191 3295 1349 3378; x_wconf 89' lang='lat' dir='ltr'>quamvis</span> <span class='ocrx_word' id='word_1_244' title='bbox 1382 3315 1519 3376; x_wconf 89' lang='lat' dir='ltr'>semper</span> 
     </span>
     <span class='ocr_line' id='line_1_29' title="bbox 222 3395 1518 3485; baseline -0.001 -24"><span class='ocrx_word' id='word_1_245' title='bbox 222 3419 347 3461; x_wconf 89' lang='lat' dir='ltr'>novam</span> <span class='ocrx_word' id='word_1_246' title='bbox 385 3395 511 3462; x_wconf 89' lang='lat' dir='ltr'>habeat</span> <span class='ocrx_word' id='word_1_247' title='bbox 551 3397 688 3481; x_wconf 87' lang='lat' dir='ltr'>prolem,</span> <span class='ocrx_word' id='word_1_248' title='bbox 727 3401 764 3462; x_wconf 91' lang='lat' dir='ltr'>in</span> <span class='ocrx_word' id='word_1_249' title='bbox 802 3401 925 3464; x_wconf 90' lang='lat' dir='ltr'>ceteris</span> <span class='ocrx_word' id='word_1_250' title='bbox 964 3406 1080 3463; x_wconf 86' lang='lat' dir='ltr'>tamen</span> <span class='ocrx_word' id='word_1_251' title='bbox 1119 3399 1202 3463; x_wconf 91' lang='lat' dir='ltr'>locis</span> <span class='ocrx_word' id='word_1_252' title='bbox 1240 3403 1339 3484; x_wconf 86' lang='lat' dir='ltr'>quasi</span> <span class='ocrx_word' id='word_1_253' title='bbox 1371 3403 1518 3485; x_wconf 90' lang='lat' dir='ltr'>antiqua.</span> 
     </span>
     <span class='ocr_line' id='line_1_30' title="bbox 223 3505 1519 3590; baseline 0.003 -20"><span class='ocrx_word' id='word_1_254' title='bbox 223 3505 399 3590; x_wconf 86' lang='lat' dir='ltr'>habeatur,</span> <span class='ocrx_word' id='word_1_255' title='bbox 422 3505 479 3570; x_wconf 86' lang='lat' dir='ltr'>hic</span> <span class='ocrx_word' id='word_1_256' title='bbox 502 3514 627 3589; x_wconf 86' lang='lat' dir='ltr'>autem,</span> <span class='ocrx_word' id='word_1_257' title='bbox 660 3505 715 3570; x_wconf 87' lang='lat' dir='ltr'>fili</span> <span class='ocrx_word' id='word_1_258' title='bbox 739 3509 921 3589; x_wconf 89' lang='lat' dir='ltr'>carissime,</span> <span class='ocrx_word' id='word_1_259' title='bbox 954 3509 991 3570; x_wconf 92' lang='lat' dir='ltr'>in</span> <span class='ocrx_word' id='word_1_260' title='bbox 1022 3515 1140 3572; x_wconf 90' lang='lat' dir='ltr'>nostra</span> <span class='ocrx_word' id='word_1_261' title='bbox 1172 3507 1369 3572; x_wconf 89' lang='lat' dir='ltr'>monarchia</span> <span class='ocrx_word' id='word_1_262' title='bbox 1401 3509 1519 3574; x_wconf 87' lang='lat' dir='ltr'>adhuc</span> 
     </span>
     <span class='ocr_line' id='line_1_31' title="bbox 224 3610 1519 3701; baseline 0.002 -23"><span class='ocrx_word' id='word_1_263' title='bbox 224 3616 320 3698; x_wconf 86' lang='lat' dir='ltr'>quasi</span> <span class='ocrx_word' id='word_1_264' title='bbox 349 3610 487 3697; x_wconf 89' lang='lat' dir='ltr'>juvenis</span> <span class='ocrx_word' id='word_1_265' title='bbox 520 3621 556 3678; x_wconf 92' lang='lat' dir='ltr'>et</span> <span class='ocrx_word' id='word_1_266' title='bbox 588 3613 724 3678; x_wconf 90' lang='lat' dir='ltr'>novella</span> <span class='ocrx_word' id='word_1_267' title='bbox 763 3615 967 3697; x_wconf 87' lang='lat' dir='ltr'>predicatur,</span> <span class='ocrx_word' id='word_1_268' title='bbox 1006 3621 1109 3699; x_wconf 86' lang='lat' dir='ltr'>atque</span> <span class='ocrx_word' id='word_1_269' title='bbox 1148 3617 1258 3701; x_wconf 90' lang='lat' dir='ltr'>igitur</span> <span class='ocrx_word' id='word_1_270' title='bbox 1295 3615 1519 3698; x_wconf 89' lang='lat' dir='ltr'>cautioribus,</span> 
     </span>
     <span class='ocr_line' id='line_1_32' title="bbox 224 3719 1520 3807; baseline 0.003 -23"><span class='ocrx_word' id='word_1_271' title='bbox 224 3719 562 3804; x_wconf 86' lang='lat' dir='ltr'>evidentioribusque</span> <span class='ocrx_word' id='word_1_272' title='bbox 601 3725 680 3805; x_wconf 87' lang='lat' dir='ltr'>eget</span> <span class='ocrx_word' id='word_1_273' title='bbox 728 3719 936 3804; x_wconf 83' lang='lat' dir='ltr'>custodibue,</span> <span class='ocrx_word' id='word_1_274' title='bbox 983 3743 1026 3784; x_wconf 92' lang='lat' dir='ltr'>ne</span> <span class='ocrx_word' id='word_1_275' title='bbox 1074 3721 1210 3805; x_wconf 89' lang='lat' dir='ltr'>bonum,</span> <span class='ocrx_word' id='word_1_276' title='bbox 1257 3722 1348 3807; x_wconf 88' lang='lat' dir='ltr'>quod</span> <span class='ocrx_word' id='word_1_277' title='bbox 1396 3723 1520 3788; x_wconf 89' lang='lat' dir='ltr'>divina</span> 
     </span>
     <span class='ocr_line' id='line_1_33' title="bbox 224 3827 1521 3910; baseline 0.002 -18"><span class='ocrx_word' id='word_1_278' title='bbox 224 3827 405 3892; x_wconf 88' lang='lat' dir='ltr'>clementia</span> <span class='ocrx_word' id='word_1_279' title='bbox 442 3850 502 3910; x_wconf 88' lang='lat' dir='ltr'>per</span> <span class='ocrx_word' id='word_1_280' title='bbox 539 3850 636 3892; x_wconf 88' lang='lat' dir='ltr'>suam</span> <span class='ocrx_word' id='word_1_281' title='bbox 667 3829 868 3892; x_wconf 88' lang='lat' dir='ltr'>immensam</span> <span class='ocrx_word' id='word_1_282' title='bbox 901 3828 1171 3893; x_wconf 87' lang='lat' dir='ltr'>misericordiam</span> <span class='ocrx_word' id='word_1_283' title='bbox 1209 3828 1308 3894; x_wconf 88' lang='grc'><strong>111111</strong></span> <span class='ocrx_word' id='word_1_284' title='bbox 1349 3834 1521 3895; x_wconf 85' lang='lat' dir='ltr'>concessit</span> 
     </span>
     <span class='ocr_line' id='line_1_34' title="bbox 224 3935 1520 4022; baseline 0.002 -23"><span class='ocrx_word' id='word_1_285' title='bbox 224 3936 414 4017; x_wconf 87' lang='grc'><strong>11111111111,</strong></span> <span class='ocrx_word' id='word_1_286' title='bbox 463 3957 522 4017; x_wconf 91' lang='lat' dir='ltr'>per</span> <span class='ocrx_word' id='word_1_287' title='bbox 563 3944 660 4000; x_wconf 88' lang='lat' dir='ltr'>tuam</span> <span class='ocrx_word' id='word_1_288' title='bbox 695 3935 862 3998; x_wconf 86' lang='lat' dir='ltr'>desidiam</span> <span class='ocrx_word' id='word_1_289' title='bbox 904 3943 939 3998; x_wconf 90' lang='lat' dir='ltr'>et</span> <span class='ocrx_word' id='word_1_290' title='bbox 981 3937 1158 4020; x_wconf 87' lang='lat' dir='ltr'>pigritiam</span> <span class='ocrx_word' id='word_1_291' title='bbox 1200 3945 1234 4000; x_wconf 92' lang='lat' dir='ltr'>et</span> <span class='ocrx_word' id='word_1_292' title='bbox 1267 3937 1520 4022; x_wconf 85' lang='lat' dir='ltr'>negligentiam</span> 
     </span>
     <span class='ocr_line' id='line_1_35' title="bbox 225 4040 1521 4130; baseline 0.002 -24"><span class='ocrx_word' id='word_1_293' title='bbox 225 4043 408 4108; x_wconf 85' lang='lat' dir='ltr'>minuetur.</span> <span class='ocrx_word' id='word_1_294' title='bbox 435 4081 474 4090; x_wconf 81' lang='lat'>-</span> <span class='ocrx_word' id='word_1_295' title='bbox 499 4041 552 4107; x_wconf 85' lang='lat' dir='ltr'>Ac</span> <span class='ocrx_word' id='word_1_296' title='bbox 575 4065 636 4127; x_wconf 90' lang='lat' dir='ltr'>per</span> <span class='ocrx_word' id='word_1_297' title='bbox 658 4042 722 4106; x_wconf 91' lang='lat' dir='ltr'>hoc</span> <span class='ocrx_word' id='word_1_298' title='bbox 745 4041 797 4105; x_wconf 90' lang='lat' dir='ltr'>fili</span> <span class='ocrx_word' id='word_1_299' title='bbox 820 4045 867 4105; x_wconf 93' lang='lat' dir='ltr'>mi</span> <span class='ocrx_word' id='word_1_300' title='bbox 892 4040 1043 4106; x_wconf 86' lang='lat' dir='ltr'>ferventi</span> <span class='ocrx_word' id='word_1_301' title='bbox 1066 4044 1181 4107; x_wconf 87' lang='lat' dir='ltr'>studio</span> <span class='ocrx_word' id='word_1_302' title='bbox 1206 4043 1308 4108; x_wconf 86' lang='lat' dir='ltr'>debes</span> <span class='ocrx_word' id='word_1_303' title='bbox 1332 4043 1521 4130; x_wconf 86' lang='lat' dir='ltr'>invigilare</span> 
     </span>
     <span class='ocr_line' id='line_1_36' title="bbox 224 4149 1521 4237; baseline 0.003 -24"><span class='ocrx_word' id='word_1_304' title='bbox 224 4153 261 4214; x_wconf 90' lang='lat' dir='ltr'>in</span> <span class='ocrx_word' id='word_1_305' title='bbox 285 4155 403 4216; x_wconf 88' lang='lat' dir='ltr'>sancta</span> <span class='ocrx_word' id='word_1_306' title='bbox 426 4149 567 4215; x_wconf 88' lang='lat' dir='ltr'>ecclesia</span> <span class='ocrx_word' id='word_1_307' title='bbox 591 4151 634 4215; x_wconf 89' lang='lat' dir='ltr'>de</span> <span class='ocrx_word' id='word_1_308' title='bbox 658 4151 713 4214; x_wconf 91' lang='lat' dir='ltr'>die</span> <span class='ocrx_word' id='word_1_309' title='bbox 737 4152 774 4214; x_wconf 89' lang='lat' dir='ltr'>in</span> <span class='ocrx_word' id='word_1_310' title='bbox 798 4150 897 4232; x_wconf 86' lang='lat' dir='ltr'>diem,</span> <span class='ocrx_word' id='word_1_311' title='bbox 922 4157 961 4213; x_wconf 93' lang='lat' dir='ltr'>ut</span> <span class='ocrx_word' id='word_1_312' title='bbox 986 4152 1100 4232; x_wconf 90' lang='lat' dir='ltr'>potius</span> <span class='ocrx_word' id='word_1_313' title='bbox 1119 4159 1343 4236; x_wconf 88' lang='lat' dir='ltr'>augmentum</span> <span class='ocrx_word' id='word_1_314' title='bbox 1360 4155 1521 4237; x_wconf 88' lang='lat' dir='ltr'>accipiat,</span> 
     </span>
     <span class='ocr_line' id='line_1_37' title="bbox 225 4257 1522 4345; baseline 0.002 -23"><span class='ocrx_word' id='word_1_315' title='bbox 225 4280 328 4342; x_wconf 88' lang='lat' dir='ltr'>quam</span> <span class='ocrx_word' id='word_1_316' title='bbox 347 4258 593 4322; x_wconf 87' lang='lat' dir='ltr'>detrimentum</span> <span class='ocrx_word' id='word_1_317' title='bbox 610 4262 770 4342; x_wconf 88' lang='lat' dir='ltr'>patiatur.</span> <span class='ocrx_word' id='word_1_318' title='bbox 794 4257 880 4323; x_wconf 91' lang='lat' dir='ltr'>Inde</span> <span class='ocrx_word' id='word_1_319' title='bbox 896 4257 1035 4340; x_wconf 89' lang='lat' dir='ltr'>quidem</span> <span class='ocrx_word' id='word_1_320' title='bbox 1060 4259 1229 4340; x_wconf 86' lang='lat' dir='ltr'>imprimis</span> <span class='ocrx_word' id='word_1_321' title='bbox 1253 4281 1349 4344; x_wconf 87' lang='lat' dir='ltr'>reges</span> <span class='ocrx_word' id='word_1_322' title='bbox 1378 4265 1522 4345; x_wconf 87' lang='lat' dir='ltr'>augusti</span> 
     </span>
    </p>
   </div>
   <div class='ocr_carea' id='block_1_5' title="bbox 333 4414 803 4665">
    <p class='ocr_par' dir='ltr' id='par_1_5' title="bbox 333 4414 803 4665">
     <span class='ocr_line' id='line_1_38' title="bbox 336 4414 803 4470; baseline 0.002 -3"><span class='ocrx_word' id='word_1_323' title='bbox 336 4423 343 4450; x_wconf 93' lang='lat'>¹</span> <span class='ocrx_word' id='word_1_324' title='bbox 363 4414 406 4468; x_wconf 87' lang='lat' dir='ltr'>Sz.</span> <span class='ocrx_word' id='word_1_325' title='bbox 426 4415 479 4468; x_wconf 77' lang='lat' dir='ltr'>Pal</span> <span class='ocrx_word' id='word_1_326' title='bbox 500 4415 654 4470; x_wconf 83' lang='lat' dir='ltr'>Timothoz</span> <span class='ocrx_word' id='word_1_327' title='bbox 674 4415 714 4470; x_wconf 90' lang='lat' dir='ltr'>II.</span> <span class='ocrx_word' id='word_1_328' title='bbox 733 4417 758 4470; x_wconf 79' lang='lat'>2.</span> <span class='ocrx_word' id='word_1_329' title='bbox 779 4417 803 4468; x_wconf 83' lang='lat'>5.</span> 
     </span>
     <span class='ocr_line' id='line_1_39' title="bbox 333 4505 590 4559; baseline -0.004 -1"><span class='ocrx_word' id='word_1_330' title='bbox 333 4505 481 4559; x_wconf 76' lang='lat' dir='ltr'>’Lukics</span> <span class='ocrx_word' id='word_1_331' title='bbox 500 4522 545 4558; x_wconf 89' lang='lat' dir='ltr'>ev.</span> <span class='ocrx_word' id='word_1_332' title='bbox 567 4507 590 4558; x_wconf 87' lang='lat'>1.</span> 
     </span>
     <span class='ocr_line' id='line_1_40' title="bbox 336 4593 763 4665; baseline 0.005 -19"><span class='ocrx_word' id='word_1_333' title='bbox 336 4602 345 4630; x_wconf 84' lang='lat'>¹</span> <span class='ocrx_word' id='word_1_334' title='bbox 364 4593 554 4649; x_wconf 82' lang='lat' dir='ltr'>Athanasius</span> <span class='ocrx_word' id='word_1_335' title='bbox 568 4593 763 4665; x_wconf 87' lang='lat' dir='ltr'>symboluma.</span> 
     </span>
    </p>
   </div>
   <div class='ocr_carea' id='block_1_6' title="bbox 0 0 1616 5208">
    <p class='ocr_par' dir='ltr' id='par_1_6' title="bbox 0 0 1616 5208">
     <span class='ocr_line' id='line_1_41' title="bbox 0 0 1616 5208; baseline 0 0"><span class='ocrx_word' id='word_1_336' title='bbox 0 0 1616 5208; x_wconf 95' lang='lat' dir='ltr'> </span> 
     </span>
    </p>
   </div>
  </div>
 </body>
</html>
