3182 5208
208 343 252 408 58

208 541 360 606 fructum
393 543 512 606 statim
544 539 765 624 ministravit,
798 548 837 606 ut
860 563 903 606 ex
931 542 1059 606 eisdem
1091 539 1318 606 nobilioribus
1349 539 1501 625 Ungaris

208 651 386 736 utriusque
410 671 519 732 sexus,
543 647 711 714 catholica
735 648 802 713 fide
827 649 977 714 imbutos
1000 657 1104 735 atque
1127 669 1222 714 11111
1246 647 1382 712 lavacro
1406 645 1502 711 ablu-
1587 733 1590 740 .

208 770 261 822 tos
285 760 422 822 circiter
444 757 595 842 quinque
619 756 714 821 milia
738 757 877 823 Christo
900 755 1124 822 lucrarentur.
1157 757 1348 822 Christiani
1375 763 1502 834 autem,

207 887 353 951 quorum
385 867 494 930 maior
517 887 594 948 pare
623 865 741 950 populi
764 872 825 948 est,
859 867 985 950 quiex
1017 868 1111 930 omni
1144 873 1241 949 parte
1273 863 1395 930 mundi
1418 862 1502 928 illuc

208 976 311 1037 tracti
335 980 416 1037 sunt
432 973 571 1055 captivi,
594 971 719 1058 quibus
735 993 911 1058 nunquam
926 971 1058 1037 soboles
1077 993 1155 1036 suas
1171 971 1270 1036 licuit
1286 973 1353 1036 nisi
1370 969 1502 1035 furtive

208 1079 345 1146 domino
369 1099 573 1161 consecrare,
597 1079 697 1144 modo
713 1082 881 1161 certatim,
905 1077 1000 1143 nullo
1020 1078 1178 1144 obstante
1201 1081 1334 1162 timore,
1350 1077 1502 1143 offerunt

208 1208 264 1252 eos
287 1187 472 1270 babtizare,
499 1193 535 1252 et
557 1186 779 1272 gratulantur
806 1208 931 1268 omnes,
953 1193 1131 1272 tamquam
1154 1187 1196 1251 de
1225 1187 1501 1271 peregrinatione

208 1317 269 1360 sua
301 1297 337 1360 in
369 1297 517 1378 patriam
549 1293 693 1376 reducti,
726 1294 816 1378 quod
850 1295 1037 1360 christiano
1071 1315 1163 1358 more
1191 1296 1340 1358 oratoria
1371 1292 1502 1358 audent

208 1411 412 1486 construere,
445 1409 480 1466 et
504 1401 644 1466 licentia
668 1409 836 1484 percepta,
869 1401 1024 1487 linguam
1048 1401 1192 1486 ligatam
1215 1404 1252 1466 in
1274 1400 1412 1466 laudem
1436 1399 1503 1464 sal-

208 1513 338 1575 vatoris
362 1517 584 1594 praesumunt
608 1508 748 1575 solvere.
772 1509 843 1592 Ipsi
867 1511 959 1574 enim
981 1509 1128 1593 barbari,
1151 1511 1239 1574 mira
1255 1509 1502 1591 omnipotentis

80 1607 85 1622 ⁸
208 1617 274 1682 Dei
296 1623 458 1700 operante
481 1615 672 1698 clementia,
695 1637 841 1700 quorum
865 1616 946 1680 licet
969 1616 1081 1681 adhuc
1104 1615 1303 1702 gentilitate
1326 1617 1396 1680 sint
1427 1616 1502 1699 qui-

207 1726 287 1790 dam
310 1725 453 1810 detenti,
477 1723 612 1788 nullum
635 1729 752 1788 tamen
775 1746 818 1787 111
841 1723 980 1788 illorum
1003 1721 1152 1789 subditis
1175 1731 1298 1789 vetant
1322 1721 1502 1802 babtizari,

207 1854 270 1897 neo
293 1831 527 1897 sacerdotibus
551 1829 710 1895 invident
738 1852 951 1916 quocumque
984 1830 1116 1896 11111118
1150 1830 1326 1915 proficisci,
1360 1829 1418 1894 sed
1451 1831 1502 1894 111

208 1939 390 2005 concordes
414 1945 503 2004 -sunt
537 1940 661 2024 pagani
694 1959 772 2002 cum
805 1937 1010 2022 christiania,
1049 1945 1267 2023 tantamque·
1283 1938 1325 2002 111
1351 1939 1502 2002 invicem

208 2047 336 2112 habent
356 2046 638 2128 familiaritatem,
662 2053 702 2110 ut
725 2045 808 2110 illuc
830 2045 992 2111 videatur
1007 2045 1110 2111 Ysaie
1126 2047 1263 2130 impleri
1279 2045 1503 2132 [1111111111ΙΙ

208 2155 325 2238 Lupus
358 2162 393 2220 et
424 2175 533 2240 agnus
567 2159 749 2237 pascentur
780 2153 892 2236 simul,
924 2154 977 2219 leo
1010 2160 1045 2218 11
1077 2153 1138 2219 bos
1166 2154 1346 2218 comedent
1379 2151 1502 2235 paleae.

208 2264 355 2328 Factum
377 2270 430 2328 111
461 2283 552 2348 ergo,
574 2269 615 2328 ut
639 2285 725 2346 pene
757 2269 831 2328 tota
859 2254 1079 2349 Ungarorum
1111 2265 1207 2328 natio
1239 2265 1286 2328 sit
1320 2283 1425 2347 prona
1457 2259 1502 2325 ad

209 2369 465 2454 percipiendum
497 2368 601 2434 fidem
624 2375 788 2452 sanctam,
820 2369 879 2434 sed
912 2377 947 2434 et
980 2370 1046 2435 1111
1071 2371 1272 2436 Sclavorum
1305 2372 1503 2454 provinciae

207 2478 251 2542 ad
275 2477 484 2542 credendum
508 2483 693 2560 promptae,
717 2483 753 2541 11
776 2483 830 2541 111
853 2475 903 2541 ibi
921 2480 1040 2542 messis
1056 2479 1196 2564 quidem
1211 2477 1331 2560 multa,
1355 2477 1503 2560 operarii

208 2593 324 2650 autem
357 2586 494 2667 pauci10.
527 2583 644 2650 Unum
668 2605 802 2670 quoque
835 2587 949 2648 visum
982 2593 1034 2650 111
1063 2581 1136 2668 jam
1159 2587 1388 2650 necessarium
1420 2605 1503 2665 esse,

207 2699 376 2778 quatenus
400 2691 573 2756 Sanctitas
595 2697 712 2756 vestra
736 2691 808 2756 illic
831 2692 949 2758 iubeat
973 2692 1105 2778 aliquos
1133 2691 1285 2758 ordinari
1318 2693 1503 2775 episcopos,

207 2802 289 2884 quia
312 2807 347 2864 et
370 2799 543 2885 quondam
574 2800 809 2864 Romanorum
841 2799 1119 2884 Gepidarumque
1152 2807 1314 2884 tempore,
1348 2800 1503 2884 proprios

208 2905 285 2971 VH.
309 2907 484 2998 antistites
507 2905 627 2970 eadem
650 2906 826 2971 orientalis
850 2907 1027 2972 Pannonia
1055 2905 1178 2972 habuit
1210 2915 1246 2971 et
1276 2907 1395 2988 Mesia,
1427 2927 1503 2970 mee

208 3013 289 3078 Stae
312 3014 541 3096 Lauriacensi,
574 3016 630 3078 cui
652 3034 716 3100 ego
739 3014 903 3099 indignus
928 3015 1095 3097 ministre,
1127 3013 1288 3079 ecclesiae
1320 3011 1503 3099 subjectos,

207 3141 353 3206 quorum
376 3126 411 3184 et
427 3126 583 3205 quatuor,
599 3141 706 3206 usque
726 3121 808 3185 dum
825 3119 937 3206 Ungri
953 3143 1098 3206 regnum
1114 3121 1351 3186 Bawariorum
1369 3125 1504 3186 invase-

208 3237 298 3311 runt,
322 3230 410 3292 sicut
436 3229 606 3310 praesenti
630 3231 808 3313 cognitum
830 3235 882 3292 est
915 3231 1010 3310 etati,
1043 3231 1088 3292 in·
1104 3228 1260 3293 Maravia
1292 3237 1503 3293 manserunt.

207 3334 306 3413 Quod
338 3336 484 3399 nimium
517 3355 622 3420 grave
655 3356 695 3399 ac
726 3335 828 3399 valde
861 3355 1040 3400 onerosum
1072 3343 1124 3400 est
1156 3335 1251 3418 mihi,
1283 3343 1323 3400 ut
1346 3343 1400 3400 tot
1434 3338 1504 3401 mei

209 3440 376 3526 pontificii
400 3441 594 3526 parrochias
619 3442 709 3507 solus
735 3443 961 3526 praedicando
989 3445 1167 3526 circueam,
1200 3442 1326 3528 quibus
1358 3446 1504 3507 necessi-

208 3557 280 3614 tate
303 3557 338 3614 et
361 3550 526 3615 adiutorii
548 3551 664 3633 inopia
696 3573 799 3637 cogor
830 3573 1006 3636 nunquam
1028 3573 1140 3616 meam
1172 3549 1374 3616 subtrahere
1408 3573 1504 3634 prae-

207 3660 361 3722 sentiam.
402 3657 491 3721 Ecce
530 3656 746 3722 dominorum
783 3661 1017 3722 amantissime
1054 3657 1251 3724 huiusmodi
1280 3657 1504 3724 ecclesiastici

208 3765 422 3848 mancipatus
446 3761 569 3828 officiis
589 3763 753 3848 detineor,
769 3771 804 3829 et
818 3787 861 3830 ne
881 3765 1038 3830 fecissem
1053 3785 1184 3830 moram
1199 3763 1371 3848 sepedicte
1386 3767 1504 3850 gentis

208 3871 421 3936 conversioni
444 3873 493 3935 ire
517 3878 552 3935 11
576 3873 745 3953 prosterni
764 3871 807 3936 111
831 3879 946 3936 vestra
969 3874 1184 3937 sanctissima
1206 3873 1355 3957 vestigia
1371 3871 1504 3936 distuli.

208 3979 357 4063 Legatos
379 3985 496 4042 autem
519 3997 620 4061 meos,
645 3982 875 4062 praesentium
898 3978 1030 4044 scilicet
1057 3982 1249 4063 portitores,
1282 3978 1326 4043 ad
1349 3987 1505 4043 vestram

208 4087 380 4150 destinavi
389 4087 618 4168 serenitatem,
628 4107 712 4171 quos
728 4085 846 4152 audire
862 4087 1034 4172 dignetur,
1050 4107 1163 4172 11111,
1178 4087 1361 4152 clementia
1376 4095 1505 4171 vestra,

208 4201 384 4258 eteorum
407 4196 558 4280 meisque
582 4196 720 4260 mixtim
746 4195 903 4278 precibus
933 4194 1092 4279 praebere
1116 4218 1299 4278 assensum,
1332 4203 1504 4281 quatenus

209 4299 350 4383 pallium
374 4299 587 4386 insulamque
612 4301 850 4386 pontificalem,
873 4303 964 4388 quod
984 4301 1129 4387 speciale
1149 4325 1272 4368 munus
1294 4301 1434 4369 honoris
1457 4302 1505 4368 ab

328 4466 338 4494 ¹
357 4457 440 4511 libet.

328 4557 338 4586 ⁸
357 4547 421 4600 illic
439 4547 536 4619 Esaye
556 4548 695 4604 videatur
714 4549 833 4620 impleri
847 4548 1010 4620 prophetia.
1031 4548 1110 4603 Fsai.
1129 4549 1222 4606 LXV.
1241 4553 1284 4606 25.

318 4647 338 4674 ¹⁰
356 4635 439 4691 111111
459 4654 564 4709 evang.
584 4637 638 4691 IX.
659 4639 702 4692 37.
