3138 5212
212 337 278 400 412

212 539 247 598 in
272 555 339 620 que
363 555 431 598 non
453 535 598 616 eluatur,
621 543 797 620 totamque
821 535 1107 620 Tenssylveniam
1139 555 1241 617 supra
1273 532 1379 598 salem
1401 533 1505 596 sitem

212 665 292 722 esse,
324 645 435 707 ausim
466 639 648 724 affirmare,
680 643 774 724 adeo,
807 652 846 707 ut
877 645 914 708 in
936 643 1103 708 Marisum
1134 639 1280 707 fluvium
1312 641 1431 706 multis
1463 665 1504 706 ex

212 749 294 814 loeis
328 751 542 832 promineant
580 772 698 813 exesae
737 751 818 814 salis
856 749 1056 833 crepidines.
1097 748 1205 813 Siculi
1238 751 1389 812 veroin
1421 751 1504 832 ipsis

211 857 378 938 domibus,
411 860 470 920 vix
503 859 617 942 sesqui
650 857 755 941 palmi
793 857 966 941 patefacta
999 864 1100 938 terra,
1136 855 1315 937 effodiunt,
1353 863 1389 919 et
1430 863 1503 918 tum

211 985 354 1050 quoque,
386 985 464 1028 cum
496 965 549 1026 uti
587 963 719 1046 volunt,
752 963 958 1048 regibusque
990 963 1190 1048 Hungariae
1228 966 1344 1048 magni
1382 985 1423 1026 ex
1466 983 1504 1024 eo

212 1072 367 1136 redditus
392 1074 622 1155 proveniunt.⁸
652 1073 798 1136 Ferrum
812 1075 927 1154 etiem,
942 1093 982 1134 ac
1001 1069 1180 1155 plumbum
1204 1074 1302 1154 parit,
1326 1069 1503 1134 fructuum

212 1200 293 1242 vero
316 1182 409 1242 omni
431 1201 564 1264 genere,
587 1189 628 1243 ut
652 1201 760 1262 pomo,
783 1201 877 1264 pyr0,
900 1200 970 1244 non
993 1200 1111 1261 sapore
1126 1179 1246 1260 solum,
1262 1180 1503 1242 verumetiam

211 1289 308 1368 copia
340 1285 462 1350 Italiae
495 1307 563 1350 non
592 1286 693 1368 cedit,
718 1290 847 1370 persico
881 1290 1090 1370 praesertim,
1122 1286 1213 1371 quod
1246 1284 1356 1350 Albae
1387 1284 1503 1349 Juliae

211 1415 293 1477 ager
316 1395 484 1478 producit,
507 1394 608 1458 facile
631 1402 779 1477 superet,
802 1415 926 1479 eosque
942 1397 978 1457 in
995 1397 1230 1478 insequentem
1254 1414 1360 1477 usque
1375 1413 1504 1455 annum

212 1511 309 1566 tanta
331 1503 471 1587 quidem
494 1505 695 1587 integritate
719 1511 932 1584 conservant,
961 1511 1001 1565 ut
1025 1511 1108 1565 tune
1132 1502 1237 1565 lectos
1269 1523 1341 1564 esse
1365 1501 1503 1564 diceres.

212 1609 316 1674 Prata
339 1610 482 1692 affatim,
504 1610 639 1695 aliaque
660 1608 895 1694 jumentorum
919 1609 1044 1693 pabula
1061 1613 1186 1692 passim
1208 1609 1388 1674 habentur.
1407 1606 1505 1672 Coeli

211 1721 392 1801 temperies
425 1740 484 1802 per
511 1739 628 1782 omnes
653 1726 766 1800 partes
798 1717 959 1802 aequalis,
992 1715 1087 1780 nulla
1119 1738 1210 1798 eura,
1243 1715 1338 1780 nulle
1371 1715 1503 1798 palude,

211 1825 315 1889 nullis
339 1825 438 1890 malis
460 1824 595 1889 nebulis
618 1823 766 1905 infamis,
790 1825 850 1888 sed
873 1824 1028 1906 salubris,
1054 1833 1089 1888 et
1113 1825 1265 1889 locorum
1296 1825 1367 1887 situ
1400 1831 1501 1907 etque

210 1935 420 1996 amoenitate
444 1939 518 1995 tote
541 1933 696 2016 insignis.
720 1933 965 2016 venationique
988 1954 1027 1994 ao
1050 1934 1152 2016 genio
1184 1933 1281 1994 vario
1303 1939 1339 1994 et
1361 1929 1502 1994 honeste

210 2041 400 2104 exercendo
424 2061 492 2102 non
516 2042 712 2122 incongrua.
737 2037 842 2102 Urbis
859 2041 895 2101 in
918 2061 956 2101 ea
981 2042 1132 2102 munitae
1157 2047 1192 2102 et
1208 2041 1317 2122 magis
1340 2039 1503 2100 eximiae:

210 2147 456 2228 Colosverium,
495 2145 679 2211 Oibinium.
726 2144 917 2214 Brassovia.
964 2147 1211 2231 Meggyesium,
1253 2145 1503 2229 Segesvarium.

211 2253 399 2317 Sebesum⁴
422 2265 457 2316 et
473 2253 563 2317 Alba
587 2252 692 2334 Julia,
716 2253 812 2315 sedes
836 2253 1044 2336 episcopalis.
1061 2255 1168 2317 Aroes
1190 2274 1294 2337 quam
1320 2251 1503 2334 plurimae:

211 2361 372 2444 Hunyad,
411 2360 524 2425 Dewa.
558 2360 718 2444 Fugeras
742 2358 876 2442 Dyod,⁵
909 2359 1049 2442 Chich0,
1083 2359 1287 2443 Balvdnyoa
1320 2357 1437 2442 Gyalu
1470 2368 1503 2421 et

211 2466 338 2554 inultae
355 2467 450 2546 aliae.
466 2490 550 2552 ques
567 2489 625 2551 per
644 2467 876 2550 prolixitatem
893 2489 961 2530 non
977 2467 1142 2531 adscribo,
1159 2469 1304 2532 Amnes:
1321 2451 1505 2550 Marysius.

211 2574 342 2656 Alutae,
368 2575 499 2641 Burtia.
524 2575 733 2641 Bistricium.
761 2573 964 2639 Chio'hulius
997 2573 1105 2657 major
1128 2585 1163 2640 et
1187 2578 1306 2656 minor,
1339 2575 1505 2638 Zamosus

210 2684 294 2744 item
317 2682 405 2746 alter
437 2680 553 2764 major,
586 2683 675 2746 alter
706 2685 766 2766 qui
794 2683 971 2766 Hungaris
1010 2683 1200 2767 Vizafolyo.
1234 2682 1296 2746 hoc
1320 2691 1372 2745 est
1396 2691 1505 2744 retro-

210 2789 317 2852 fiuens
342 2790 477 2870 dicitur,
501 2791 590 2875 quod
616 2790 658 2854 eb
683 2812 802 2854 occasu
834 2793 870 2852 in
894 2799 1009 2853 ortum
1033 2793 1135 2873 prius
1152 2792 1232 2854 dein
1255 2811 1294 2854 eo
1311 2811 1506 2853 conversus.

211 2897 300 2959 unde
325 2900 454 2978 venit,⁶
473 2896 575 2980 juxta
599 2899 762 2980 oppidum
796 2897 884 2960 Dees
908 2895 1029 2978 majori
1054 2921 1124 2961 sese
1158 2901 1336 2962 immiscet.
1360 2897 1417 2960 Ad,
1441 2897 1507 2960 hos

210 3002 381 3082 SabessuS,
416 3003 595 3088 Sargetiat
628 3014 664 3068 et
696 3005 863 3087 ArauyaS,
905 3004 941 3067 id
974 3012 1024 3067 est
1066 3027 1197 3086 aureus
1230 3007 1289 3090 qui
1321 3005 1378 3068 vel
1411 3006 1506 3089 quod

209 3133 330 3175 sunum
354 3115 486 3195 copiose
511 3116 547 3176 in
580 3135 618 3176 eo
647 3112 783 3192 eluitur,
809 3113 864 3175 vel
888 3135 908 3176 a
941 3113 1116 3176 montibus
1148 3115 1269 3185 eureis,
1301 3135 1342 3176 ex
1376 3110 1508 3198 quibus

210 3222 327 3301 oritur,
351 3219 508 3304 Aranyas
533 3220 709 3303 Hungaris
733 3229 785 3282 est
809 3220 931 3284 dictus
949 3220 1126 3304 Navigant
1150 3221 1325 3302 Marisum,
1348 3219 1507 3298 Alutam,

209 3327 395 3411 Zemosam,
428 3338 463 3393 et
499 3329 666 3412 Arenyas,
696 3328 754 3391 sed
794 3325 854 3390 ubi
886 3337 947 3390 aut
980 3330 1086 3391 nimio
1119 3326 1237 3405 imbre,
1268 3335 1329 3391 aut
1362 3326 1508 3394 nivibus

209 3433 338 3516 alpium
372 3435 567 3522 liquefactis
600 3437 824 3520 adaugentur.
858 3433 1005 3517 Majores
1038 3439 1177 3499 ceteris:
1217 3435 1384 3519 Marysus,
1417 3436 1508 3501 Alu-

210 3552 262 3605 tas
302 3546 397 3627 isque
437 3547 474 3606 in
512 3544 649 3622 Istrum,
683 3542 741 3606 ille
781 3545 817 3604 in
865 3541 1041 3605 Tibiscum
1074 3543 1175 3622 cadit,
1222 3541 1322 3605 ambo
1354 3542 1509 3626 reliquos

264 3735 392 3789 ⁸Sainte
425 3736 581 3806 folosleges
615 3735 800 3806 megjegyez-

209 3823 301 3890 nunk,
324 3823 404 3894 hogy
423 3827 479 3878 mit
502 3824 801 3895 VerancsiosErde'ly

208 3912 440 3982 gazdegslrghrdl
469 3915 566 3984 mond,
595 3915 691 3968 abban
720 3932 800 3985 nagy

209 4001 305 4055 trilzts
325 4019 392 4055 van.
422 4005 526 4074 Arany
546 4003 643 4057 osakis
662 4021 696 4057 ez
715 3985 801 4056 Erca-

209 4090 400 4162 hegyse'gben
428 4093 525 4146 i'ordul
552 4094 597 4147 eld
616 4111 630 4146 s
649 4094 746 4147 csekis
767 4111 801 4146 aa

209 4183 346 4251 Aranyos
374 4181 513 4252 t'olydban
538 4183 663 4237 mosseik.
684 4183 720 4236 Sd
739 4200 800 4237 sem

209 4269 355 4323 taldlhatd
373 4289 391 4324 e.
409 4270 596 4343 Szekelpuuld
616 4274 737 4326 minden
757 4272 801 4326 re-

208 4357 321 4412 szdben.

263 4457 272 4485 ⁴
291 4447 485 4502 Salsa-sebee.

263 4546 272 4572 ⁵
301 4537 376 4591 Didd
406 4537 487 4607 vira,
516 4540 605 4593 'lovis
633 4540 800 4610 kdzeleben,

208 4625 401 4696 Diddvdralja
438 4627 560 4681 felubnn
599 4628 689 4682 kevc's
720 4631 800 4700 ideig

909 3735 998 3788 dllott
1026 3735 1105 3788 l'enn.
1134 3735 1289 3806 Hunyady
1308 3734 1402 3789 Jtnos
1429 3735 1508 3807 epit-

910 3830 986 3878 tete
1004 3841 1019 3878 s
1038 3825 1102 3877 mtr
1132 3824 1271 3878 1562-ben
1299 3823 1393 3878 Janos
1419 3824 1508 3897 Zsig-

910 3914 998 3967 mond
1018 3914 1246 3967 leromboltetts.

964 4014 974 4040 ⁸
994 4004 1020 4056 A
1034 4004 1190 4057 szerzbnek
1209 4021 1278 4058 nem
1295 4003 1359 4057 volt
1378 4003 1508 4073 egeszen

910 4092 1014 4162 helpes
1033 4091 1107 4162 kepe
1126 4109 1144 4144 a
1163 4091 1350 4146 Kis-Szamos
1375 4091 1509 4162 folytse-

910 4181 961 4234 rdl.
990 4183 1017 4234 A
1037 4181 1224 4236 Kis-Szemos
1243 4187 1263 4234 t.
1284 4183 1302 4234 i.
1332 4181 1509 4254 Apahidaig

910 4270 1003 4324 keleti
1023 4270 1170 4341 irinyban
1183 4270 1254 4341 l'oly,
1275 4270 1383 4323 ezutdn
1404 4269 1509 4325 eszak-

909 4361 969 4413 nak
988 4359 1087 4413 fordul
1106 4378 1120 4414 s
1140 4359 1208 4414 eseli
1228 4361 1346 4413 miuttn
1374 4359 1507 4414 Deesnel

910 4469 927 4503 a
958 4449 1220 4520 Nagy-Szamossal
1253 4450 1400 4521 egyeslllt‚
1434 4467 1508 4505 vesz

910 4539 951 4592 l'el
971 4538 1185 4610 dszaknyugoti
1205 4540 1315 4610 irhnyt.

966 4629 1121 4700 sztrigp.
