3144 5218
211 361 279 424 484

214 558 464 642 resolutionem,
487 559 530 622 ad
554 581 658 644 quam
681 582 717 622 se
741 559 933 643 regnicolae
954 558 1107 622 referunt
1132 561 1169 622 in
1192 581 1253 622 sna
1277 558 1510 641 replicatione,

214 668 386 733 nimirum.
409 665 501 750 quod
525 687 641 730 omnes
665 675 699 728 et
724 665 878 751 singulos
901 673 1012 729 status
1040 675 1076 729 et
1098 666 1244 748 ordines,
1275 668 1366 729 intra
1398 666 1511 730 ambi-

214 781 289 838 tum
314 777 411 858 regni
443 775 643 858 Hnngariae
676 773 786 838 solnm
818 777 1014 841 existentes,
1047 783 1120 838 tam
1153 781 1338 859 magnates,
1366 773 1511 840 nobiles

214 904 317 966 quam
336 882 461 946 liberos
476 884 637 945 civitates
653 889 688 945 et
703 882 828 965 oppida
846 882 1074 967 privilegiata,
1090 883 1276 946 inmediate
1289 882 1332 946 ad
1348 903 1512 946 coronam

215 991 423 1071 spectantia;
447 992 531 1052 item
547 991 584 1052 in
600 987 756 1052 confiniis
771 1011 905 1075 quoque
929 992 1027 1074 regni
1042 989 1243 1074 Hungariae
1259 989 1387 1054 milites
1410 987 1513 1052 Hun-

215 1117 324 1180 garos.
348 1099 385 1159 in
413 1119 473 1159 sua
505 1095 670 1180 religione
704 1106 739 1159 et
771 1096 992 1178 confessione,
1023 1117 1191 1181 nusquam
1223 1104 1258 1160 et
1293 1117 1511 1181 nequaquam

216 1202 390 1283 turbabit;
413 1225 475 1266 nec
501 1227 559 1286 per
582 1203 666 1266 alios
690 1203 823 1267 turbari
846 1213 881 1266 et
905 1204 1067 1287 impediri
1089 1207 1188 1268 sinet.
1205 1205 1333 1268 Verum
1349 1202 1513 1268 omnibus

219 1310 402 1390 praedictis
417 1310 565 1375 statibus
581 1319 616 1374 et
633 1310 811 1375 ordinibus
827 1311 915 1375 liber
930 1311 1107 1396 religionis
1117 1314 1269 1394 ipsorum
1278 1320 1404 1375 ususet
1414 1332 1513 1373 exer-

217 1420 338 1482 citium
363 1422 600 1503 permittetur,
618 1417 746 1502 absque
762 1428 878 1482 tamen
897 1419 1104 1501 praeiudicio
1120 1418 1318 1483 Catholicae
1333 1417 1512 1482 Romanae

218 1525 427 1610 Religionis3
451 1535 486 1590 et
518 1535 557 1590 ut
590 1524 708 1608 cleruS,
740 1525 868 1608 templa
901 1548 939 1589 ac
972 1527 1059 1589 aliae
1091 1525 1232 1590 eclesiae
1264 1525 1513 1590 catholicorum

218 1634 450 1698 Romanorum
483 1637 612 1698 intacta
646 1646 681 1698 et
714 1633 821 1697 libera
855 1643 1093 1716 permaneant:
1125 1643 1229 1718 atque
1256 1657 1303 1716 ea,
1335 1655 1422 1717 quae
1446 1632 1513 1696 hoc

218 1739 466 1808 disturbiorum
497 1750 648 1824 tempore
682 1743 843 1825 utrinque
876 1751 1038 1824 occupata
1075 1741 1187 1807 fuere:
1222 1763 1358 1805 narsum
1381 1739 1513 1803 eisdem

219 1850 471 1911 restituantur.²

220 2061 314 2116 flant»
345 2061 381 2112 de
409 2063 604 2116 rorubureudir
634 2066 666 2112 et
693 2062 891 2129 exstirpandis
922 2063 1109 2128 Lutlaerouia
1140 2078 1174 2114 aa
1207 2062 1283 2114 1601.
1312 2059 1516 2113 esztendt'tbeli

220 2149 452 2216 constitutidbol,
472 2167 506 2202 az
527 2149 622 2203 utolsd
644 2149 822 2216 Articulust,
850 2150 898 2202 kit
925 2154 943 2203 ὃ
970 2150 1094 2220 Felsege
1124 2151 1241 2220 proprio
1269 2155 1350 2202 motu
1379 2149 1421 2201 irt
1449 2149 1516 2214 oda,

220 2237 397 2292 delealtassa
425 2243 442 2291 ὅ
473 2237 583 2308 felsege
612 2238 730 2308 publico
766 2239 864 2292 edicto
891 2239 1082 2310 gysrleseben,
1112 2239 1143 2292 es
1171 2256 1242 2292 ezen
1271 2237 1357 2290 kivul
1386 2239 1412 2291 is
1440 2237 1517 2290 ehez

221 2326 363 2380 basouldk
384 2328 515 2380 valamik
535 2309 765 2392 taliltatndnak‚
779 2368 785 2380 .
800 2369 827 2380 ..
847 2329 1172 2399 corrigaltathassanak
1195 2327 1225 2381 es
1247 2327 1517 2380 delerlltassanak«.

222 2417 264 2467 Aa
286 2417 362 2468 1604.
382 2415 483 2468 XXII.
504 2417 719 2469 Articulusnak
738 2415 813 2486 ve'ge
834 2418 885 2487 igy
906 2417 1054 2488 hangzik:
1074 2418 1217 2487 Majestas
1236 2416 1294 2469 Sua
1307 2415 1519 2469 Sacratissima

222 2513 304 2558 motu
324 2507 440 2575 proprio
459 2506 552 2574 deque
580 2507 680 2574 regiae
709 2523 779 2559 suae
799 2509 956 2576 potestatis
985 2508 1180 2578 plenitudine,
1210 2513 1275 2560 tum
1303 2505 1404 2558 Sancti
1432 2507 1520 2575 regis

222 2594 375 2664 Stephani,
395 2594 485 2663 hujus
515 2596 615 2664 gentis
643 2595 819 2664 Hungariae
846 2597 980 2666 apostoli,
1009 2615 1098 2666 quam
1126 2613 1197 2650 vero
1224 2596 1357 2650 omnium
1385 2595 1518 2648 aliorum

222 2683 359 2736 divorum
373 2683 520 2752 quondam
534 2684 709 2752 Hungariae
723 2701 835 2754 regum,
848 2702 920 2738 suae
933 2686 1102 2754 Maiestatis
1116 2687 1372 2756 praedeeessorum
1384 2685 1520 2757 decreta,

223 2775 452 2827 constitutiones
471 2779 502 2826 et
521 2773 673 2828 articulos,
694 2793 744 2845 pro
764 2775 899 2844 praefata
924 2783 1028 2828 sancta
1057 2776 1205 2829 catholica
1233 2776 1368 2829 Romana
1397 2776 1454 2830 fide
1483 2785 1520 2830 et

222 2864 367 2933 religione
387 2864 492 2932 quovis
511 2869 641 2934 tempore
662 2865 812 2934 praeclare
832 2870 863 2917 et
891 2867 938 2935 pie
967 2866 1062 2918 editos
1089 2871 1121 2918 et
1149 2865 1305 2935 evulgatos
1333 2882 1391 2918 non
1420 2882 1521 2925 secus,

223 2959 254 3004 at
273 2954 298 3006 si
317 2952 353 3005 de
373 2952 464 3006 verbo
482 2952 519 3004 ad
539 2952 663 3006 verbum
683 2953 890 3023 praesentibus
909 2954 1022 3007 litteris
1041 2956 1172 3007 insertae
1191 2959 1222 3006 et
1241 2955 1378 3024 inscripti
1406 2961 1521 3022 essent,

223 3041 278 3094 hoc
297 3041 419 3112 speciali
439 3058 492 3096 suo
510 3042 638 3095 articulo
657 3043 820 3096 clementer
844 3044 974 3096 ratificat
995 3050 1025 3096 et
1046 3043 1218 3096 confirmat:
1245 3060 1279 3096 ao
1301 3060 1338 3096 ne
1366 3043 1520 3113 deinceps,

224 3133 255 3184 in
283 3131 475 3199 generalibus
503 3133 678 3201 praesertim
707 3141 738 3185 et
766 3133 867 3186 arduis
895 3134 981 3202 regni
1010 3134 1191 3186 tractatibus
1219 3137 1250 3186 et
1277 3133 1393 3198 diaetis
1422 3133 1520 3186 alicui

223 3220 378 3290 religionis
406 3222 560 3290 negotium
580 3223 616 3274 ad
635 3222 824 3276 remorandos
852 3229 882 3276 et
914 3223 1172 3292 interrumpendos
1203 3223 1336 3293 publicos
1366 3227 1522 3276 tractatus

224 3311 328 3378 quovis
347 3310 442 3364 colore
462 3318 492 3363 et
512 3317 670 3382 praetextu
696 3313 828 3364 immune
848 3328 967 3366 morere
986 3312 1077 3365 liceat
1096 3312 1224 3382 benigne
1242 3311 1360 3379 statuit,
1388 3317 1420 3364 et
1437 3313 1523 3365 serio

223 3385 373 3468 decernit,
385 3405 420 3451 ut
439 3407 541 3452 contra
560 3400 635 3452 tales
655 3401 803 3468 inquietos
826 3417 983 3470 rerumque
1003 3417 1110 3452 novam
1130 3399 1252 3470 cupidos
1271 3417 1371 3471 poena,
1391 3418 1409 3452 a
1436 3400 1522 3456 divis

224 3487 370 3558 quondam
388 3489 510 3558 regibus
529 3490 703 3559 Hungariae
718 3490 748 3541 in
762 3489 872 3542 eisdem
885 3491 1013 3544 decretis
1028 3495 1057 3542 et
1071 3490 1208 3542 articulis
1220 3495 1344 3555 statuta,
1358 3489 1521 3544 confestim

224 3578 408 3648 procedatur,
428 3584 459 3631 et
478 3580 585 3632 ceteris
604 3580 636 3631 in
665 3579 835 3648 exemplum
854 3580 1103 3632 irremissibiliter
1123 3581 1295 3648 puniantur.
1323 3579 1348 3632 E
1375 3579 1521 3651 torveny-

225 3667 343 3720 czikket
353 3668 570 3721 Himmelreich
585 3668 682 3735 Tibor,
696 3685 714 3721 a
726 3685 851 3738 magyar
864 3669 1065 3722 kanczellaria
1078 3669 1192 3722 titkrira
1204 3668 1383 3738 fogalmazta
1396 3669 1522 3740 Mitys-s

225 3756 381 3826 tb'herczeg
411 3757 606 3824 stlrgetesere.
645 3757 807 3828 (Cher-ebo:
836 3757 955 3828 Sylloge
984 3764 1118 3812 actorum
1150 3757 1181 3812 e's
1213 3758 1357 3830 Karolyi:
1389 3759 1522 3831 Magyar

225 3845 385 3916 Orszaggy.
406 3845 550 3901 Emlekek
569 3848 619 3920 X.)

335 3938 388 3989 *A
409 3954 534 4007 magyar
553 3937 665 3990 rendek
683 3938 782 3991 kassai
801 3937 926 4010 gyttlese
947 3939 1016 3991 1606
1036 3937 1211 4007 nitrjusriban
1239 3956 1257 3992 a
1284 3937 1386 4006 rdmai,
1413 3939 1522 3994 helvet

225 4023 256 4079 es
276 4025 390 4094 lgostai
410 4026 544 4079 vallasok
564 4027 651 4096 teljes
671 4026 882 4098 egyenldsdget
901 4027 1035 4080 kivbnta.
1055 4027 1080 4079 Ε
1105 4025 1296 4096 kivr'insbgrol
1325 4028 1377 4097 igy
1406 4029 1521 4099 nyilat·

225 4115 312 4168 lrozik
332 4133 349 4169 a
367 4134 492 4186 magyar
512 4117 632 4171 tendas:
654 4118 735 4170 »Non
755 4118 861 4172 vident
884 4117 944 4170 Dni
973 4116 1151 4186 Consiliarii,
1180 4117 1321 4187 quomodo
1348 4118 1429 4172 Mtas
1461 4119 1521 4173 Sua

226 4211 329 4258 contra
348 4207 526 4275 praestitum
545 4224 632 4260 suum
652 4207 874 4276 duramentum,
894 4207 1044 4277 triplicem
1063 4207 1148 4260 illam
1162 4207 1371 4278 professionem
1385 4208 1521 4280 Religio-

226 4295 273 4346 nis
293 4294 377 4347 salva
395 4312 449 4350 sua
468 4298 581 4366 pietate
601 4303 632 4349 et
652 4299 834 4350 conscientia
853 4298 896 4351 eis
916 4297 1074 4350 concedere
1097 4299 1198 4367 possit,
1224 4315 1291 4350 cum
1310 4297 1414 4352 eadem
1439 4299 1522 4354 Mtas

226 4399 288 4448 sua,
308 4384 399 4436 etiam
418 4387 444 4439 si
463 4387 594 4439 maxime
613 4386 707 4440 vellet
736 4388 916 4440 exercitium
936 4387 1052 4440 alienae
1081 4387 1250 4457 Religionis
1278 4387 1436 4441 concedere
1466 4395 1520 4442 aut

227 4471 368 4528 articulos
387 4476 643 4544 praedecessorum
663 4493 784 4530 suorum
809 4476 1014 4546 legitimorum
1043 4476 1218 4546 Hungariae
1247 4477 1366 4546 Regum
1394 4494 1521 4544 cessare,

227 4559 338 4614 elidere
357 4569 410 4616 aut
429 4556 592 4618 retrectare
623 4565 748 4620 minime
776 4568 877 4637 possit,
906 4583 940 4618 ao
971 4566 1081 4619 valeat.
1111 4567 1154 4619 De
1183 4565 1358 4619 tekintettal
1389 4584 1408 4619 a
1434 4567 1519 4620 mind

224 4650 333 4720 jobbau
362 4653 555 4724 elharapodzd
583 4654 667 4723 bajra
691 4688 727 4699 -
759 4657 811 4726 igy
839 4655 980 4725 i'olytatja
1017 4671 1035 4707 a
1063 4655 1166 4709 tantos
1193 4691 1229 4698 -
1256 4655 1521 4727 altalanossbgban
