3182 5210
213 336 280 400 264

212 533 344 617 Oppida
380 543 413 598 et
444 533 676 596 Possessiones
702 531 791 596 ultra
826 555 1007 596 numerum
1042 535 1328 616 praescriptarum
1361 533 1510 614 triginta

212 643 358 706 duarum
382 644 587 724 Sessionum,
611 645 717 705 etiam
742 644 960 724 praescriptis
984 643 1104 724 modis,
1123 641 1166 705 ad
1184 641 1323 705 Sacram
1338 641 1510 704 Coronam

213 751 344 816 fuerint
378 750 569 831 devolutae,
608 749 686 813 illas
726 752 847 832 partiri
887 772 945 813 seu
987 749 1143 814 dividere
1175 752 1213 813 in
1244 750 1390 833 triginta
1423 748 1511 810 (luas

213 859 385 924 Sessiones
409 881 477 923 non
501 859 615 922 valeat
648 865 683 921 et
716 857 779 922 snb
803 859 940 922 nomine
973 858 1288 942 trigintaduorum
1312 857 1511 921 Sessionum

213 968 254 1031 de
278 967 348 1032 illis
372 965 484 1030 facere
509 969 657 1049 euipmm
690 966 919 1044 donationem,
953 965 1011 1030 aed
1044 965 1241 1030 huiusmodi
1273 986 1390 1029 omnes
1412 964 1511 1028 Civi-

213 1081 311 1156 tates,
351 1075 485 1159 Oppida
524 1083 559 1138 et
598 1075 823 1156 possessiones
870 1075 1050 1136 universae
1088 1075 1155 1156 ipsi
1194 1072 1316 1136 800100
1354 1071 1510 1136 Coronae

212 1191 441 1246 reserventur.

320 1305 429 1372 Artis.
463 1305 527 1370 XI.
560 1305 650 1368 Item
675 1303 843 1368 Dominus
874 1305 1102 1370 Gubernator.
1135 1307 1164 1369 si
1196 1307 1252 1368 001
1285 1305 1512 1368 donationem

214 1416 400 1498 praemisso
424 1412 524 1476 modo
548 1411 653 1475 semel
677 1409 808 1496 feeerit,
831 1411 978 1495 amplius
1001 1413 1112 1476 eidem
1136 1413 1263 1476 donare
1285 1433 1354 1474 11011
1384 1411 1512 1484 valeat,

117 1526 122 1534 '
213 1529 248 1584 et
272 1543 350 1584 00111
373 1521 575 1584 donationes
604 1519 813 1599 Castrorum,
846 1519 1048 1596 Civitatum,
1082 1519 1295 1602 Oppidorum
1317 1541 1356 1582 ac
1382 1540 1512 1601 posses-

213 1632 347 1694 sionum
371 1637 405 1691 et
429 1627 594 1692 similium
617 1627 660 1690 ad
684 1625 743 1690 Ins
766 1625 917 1710 Regium
940 1627 1110 1690 duntaxat
1135 1634 1287 1710 spectare
1307 1627 1513 1710 dignoscan-

213 1745 287 1800 tur:
320 1739 429 1820 igitiu·
462 1737 534 1818 ipse
557 1733 725 1798 Dominus
749 1731 969 1798 Gubernator
996 1733 1255 1820 quibuscunque
1288 1733 1513 1798 donationem

213 1847 396 1927 praemisso
430 1842 529 1906 modo
553 1841 683 1923 feeerit,
707 1840 761 1904 illi
783 1847 936 1924 tempore
964 1863 1024 1904 suo
1058 1849 1242 1905 teneantur
1273 1840 1432 1906 accedere
1465 1841 1510 1905 ad

213 1951 400 2015 Dominum
423 1951 556 2034 Regem
581 1971 641 2032 pro
665 1971 783 2014 earum
810 1949 1077 2014 confirmatione.

321 2083 396 2148 Art.
421 2084 503 2148 XII.
528 2084 618 2147 Item
643 2085 869 2167 possessiones
902 2083 1048 2166 illorum,
1081 2105 1227 2170 quorum
1256 2091 1395 2167 propter
1418 2083 1513 2148 dela-

213 2196 343 2257 tionem
376 2191 541 2256 falsarum
569 2191 765 2254 litterarum
797 2199 858 2254 aut
891 2194 1063 2255 ousionem
1098 2190 1262 2255 falsarum
1294 2200 1511 2256 monetarum

213 2300 269 2364 vel
294 2300 361 2364 alio
385 2321 521 2386 quoquo
550 2299 649 2362 modo
683 2301 839 2381 superius
863 2307 1067 2382 expressato,
1100 2299 1142 2362 ad
1176 2299 1345 2364 Coronam
1378 2297 1510 2362 fuerint

214 2408 406 2490 devolutae,
430 2429 605 2492 quousque
629 2406 682 2470 illi
707 2429 767 2490 per
794 2406 930 2470 Iudices
964 2429 1041 2470 suos
1074 2415 1316 2490 competenter,
1336 2404 1512 2489 judiciali-

213 2523 275 2598 ter,
309 2516 496 2579 secundum
529 2517 708 2600 antiquam
741 2525 774 2577 et
808 2513 1032 2597 approbatam
1070 2513 1184 2599 Regni
1218 2513 1512 2580 consuetudinem.

214 2625 417 2688 sententiati
450 2619 590 2704 fuerint,
623 2642 787 2704 ooeupare
820 2631 854 2685 et
888 2621 1107 2686 donationem
1141 2621 1183 2685 de
1217 2623 1265 2686 eis
1298 2619 1409 2685 facere
1442 2644 1511 2686 non

213 2730 327 2794 valeat
351 2732 474 2815 quovis
498 2727 606 2792 modo.

321 2865 430 2928 Artie.
454 2862 556 2928 XIII.
579 2862 670 2926 Item
693 2862 808 2926 valeat
841 2865 877 2926 in
901 2861 1055 2928 absentia
1082 2863 1363 2928 Consiliariorum
1397 2863 1512 2928 farere

214 2973 416 3038 relationem
456 2979 490 3034 et
530 2969 784 3052 expeditionem
823 2972 860 3033 in
898 2971 1156 3034 occurrentibus
1194 2972 1313 3037 causis.
1351 2992 1448 3056 quae.
1482 2975 1512 3036 01

209 3078 412 3162 judiciariae
446 3077 578 3142 fuerint
610 3085 644 3141 et
678 3077 875 3142 huiusmodi
908 3078 1029 3143 relatio
1072 3081 1214 3143 inventa
1249 3079 1354 3143 fuerit
1388 3085 1509 3143 eontra

213 3188 272 3252 Ius
288 3186 645 3252 consuetudinarium:
670 3184 866 3248 huiusmodi
890 3186 1011 3250 relatio
1035 3193 1071 3250 et
1090 3187 1264 3270 expeditio
1290 3207 1349 3268 per
1371 3185 1512 3250 Iudices

214 3298 404 3361 ordinarios
427 3295 543 3378 Regni
566 3293 681 3358 valeat
705 3294 887 3376 emendari,
912 3302 1013 3378 prout
1039 3295 1250 3378 temporibus
1273 3295 1410 3380 Regum
1434 3293 1512 3360 fieri

214 3410 474 3467 consueverunt.

321 3526 431 3590 Artio.
456 3525 552 3589 XIV.
576 3525 675 3606 item,
699 3533 737 3588 ut
771 3527 885 3610 siquid
918 3528 960 3590 de
985 3529 1208 3610 proventibus
1240 3527 1431 3612 Regalibus
1465 3528 1512 3593 ab

214 3633 492 3718 expeditionibus
524 3634 639 3718 Regni
677 3637 889 3717 remanserit,
930 3635 1044 3699 valeat
1083 3635 1251 3700 Dominus
1289 3631 1513 3700 Gubernator

214 3742 344 3824 Castra,
378 3742 558 3809 Civitates.
592 3739 726 3823 Oppida
764 3751 799 3805 et
842 3743 1068 3825 possessiones
1100 3743 1229 3828 Regias
1261 3745 1513 3827 impignoratas

214 3852 350 3913 nomine
374 3850 486 3934 Regio
511 3849 686 3930 redimere.
710 3849 752 3912 de
782 3849 910 3916 eisdem
943 3859 978 3914 et
1010 3873 1048 3914 ea
1082 3851 1235 3915 Coronae
1267 3849 1513 3932 reapplicando

214 3957 361 4021 Domino
384 3958 476 4042 Regi
499 3978 682 4030 reservare,
714 3978 859 4040 quorum
892 3967 1079 4040 proventus
1103 3959 1264 4022 similiter
1288 3979 1347 4041 pro
1371 3958 1513 4040 expedi-

213 4067 307 4128 tione
331 4065 447 4149 Regni
472 4071 699 4146 exponuntur.

321 4191 392 4254 Nos
416 4193 526 4275 igitur
548 4189 745 4253 huiusmodi
770 4192 951 4272 potestatis
975 4197 1110 4252 nostrae
1134 4189 1404 4254 Gubernationis
1419 4189 1513 4254 limi-

215 4299 344 4360 tatione
384 4297 427 4360 ab
461 4298 589 4361 eisdem
622 4297 780 4360 Dominis
812 4297 990 4377 Praelatis,
1032 4296 1225 4360 Beronibus
1258 4304 1293 4360 et
1326 4295 1513 4362 Nobilibus

213 4403 327 4488 Regni
352 4405 452 4467 modo
477 4406 661 4486 praemisso
691 4403 883 4485 articulata,
916 4413 1062 4486 recepta,
1086 4406 1183 4467 iuxta
1217 4405 1359 4467 eandem
1383 4402 1513 4466 obtuli·

214 4531 289 4572 mus
313 4511 441 4574 eisdem
465 4533 601 4576 omnem
625 4511 852 4594 diligentiam,
872 4511 1141 4575 sollicitudinem
1164 4519 1198 4575 et
1223 4533 1339 4575 0010111
1356 4519 1513 4576 nostram

214 4616 392 4702 facereque
417 4628 450 4681 et
468 4641 624 4682 exercere
652 4617 805 4683 0111010111
825 4618 1075 4682 Gubernatoris
1093 4619 1290 4683 huiusmodi
1308 4597 1445 4700 melius,
1470 4627 1512 4684 ut
