3192 5214
1311 364 1374 428 151

82 560 269 656 Rogerius
289 562 546 658 valdsainiileg
564 563 652 659 meg
671 563 832 636 ersekke
857 561 1075 638 emeltetese
1094 561 1190 634 eldtt
1209 563 1262 635 irt
1281 585 1377 658 meg,

82 685 145 756 ta'n
174 684 507 782 Olaszorszagban,
535 685 760 783 hitelessege
788 687 946 782 teljesen
973 711 1061 782 meg
1090 711 1164 759 van
1183 687 1376 782 allapitva·

187 813 373 886 Kezirata
409 839 496 888 nem
535 813 686 886 maradt
724 814 831 902 fenn3
878 839 921 887 az
968 813 1173 908 egyetlent,
1218 817 1375 910 melyrdl

80 939 279 1012 tudomaisa
317 940 399 1014 volt
436 966 458 1012 a
496 941 863 1029 szakirodalomnak‚
910 943 1004 1014 tbbb
1046 941 1155 1014 izben
1192 943 1224 1015 is
1261 942 1376 1015 hiaba

79 1063 269 1136 kerestem
298 1089 320 1136 a
349 1065 533 1160 belgiumi
564 1062 750 1155 Gentben,
778 1066 842 1138 hol
870 1091 892 1138 a
922 1065 1108 1162 kaptalan
1146 1066 1378 1160 kbnyvtara-

81 1187 142 1261 bol
172 1190 363 1264 elvcszett.
392 1189 566 1263 Kiadtak
598 1192 792 1264 llas-ban
822 1189 1021 1288 Thuroozy
1044 1192 1184 1264 briinni
1203 1193 1377 1266 kiadasa't-

79 1316 155 1387 nak
195 1315 400 1413 fiiggeleke
447 1316 627 1412 gyanant.
673 1317 862 1412 Ujabban‚
910 1318 979 1391 sck
1023 1318 1187 1408 hibaval,
1224 1319 1377 1413 Matyats

79 1441 243 1515 Florian.

187 1711 217 1773 3.
241 1705 294 1773 De
318 1705 411 1773 odiis
436 1707 668 1793 interregem
693 1711 726 1772 et
750 1703 943 1794 Huuyoros
977 1711 1009 1773 ct
1038 1705 1159 1794 primo
1189 1705 1233 1774 de
1266 1723 1376 1774 causo
1503 1691 1505 1694 ⁵

7 1841 9 1910 ς
78 1813 154 1881 cdii
172 1812 308 1902 primu.

186 1924 276 1988 Cum
304 1947 365 1990 rex
389 1923 620 1990 Cumanorum
645 1945 723 1988 cum
746 1927 816 2001 suis
839 1923 1015 1989 nobilibus
1039 1933 1073 1989 et
1106 1928 1253 2008 rusticis,
1286 1929 1377 2010 cepit

7 2019 8 2026 ἵ
79 2031 298 2117 Hungariam
315 2053 505 2118 peragrare,
524 2033 605 2116 quia
621 2033 853 2096 iumentorum
869 2030 1044 2097 habebant
1060 2041 1215 2099 armenta
1232 2031 1377 2115 infinita,

78 2141 112 2202 in
136 2143 283 2224 pascuis,
299 2139 490 2225 'segetibus⁷
513 2138 633 2220 hortis,
666 2138 839 2223 virgultis,
871 2141 983 2204 vineis
1016 2146 1050 2204 et
1082 2139 1160 2204 aliis
1193 2140 1378 2225 Hungarcs

7 2249 9 2312 l

76 2246 234 2329 graviter
257 2244 489 2310 offendebant.
512 2245 560 2310 Et
583 2245 674 2330 quod
710 2243 910 2310 horribilius
942 2253 1031 2310 esset
1065 2249 1122 2329 eis,
1155 2267 1231 2310 cum
1265 2253 1377 2310 essent

78 2352 257 2418 silvestres
280 2353 446 2436 homines,
462 2354 615 2438 virgines
631 2373 819 2437 pauperum
835 2351 1115 2417 abominabiliter
1130 2354 1377 2436 opprimebant,

77 2473 109 2524 et
127 2459 272 2526 thorum
296 2462 499 2544 potentium,
523 2457 660 2544 quando
677 2449 860 2523 'commode
883 2457 959 2524 fieri
983 2466 1127 2541 poterat,
1150 2459 1377 2542 maculabaut,

76 2568 160 2632 licet
175 2567 339 2634 mulieres
354 2571 507 2652 ipsorum
522 2575 699 2652 tamquam
714 2567 802 2631 viles
818 2565 862 2631 ab
877 2567 1055 2652 Hungaris
1072 2574 1377 2650 prosternerentur.

7 2663 11 2778 j
77 2675 132 2756 Et,
167 2676 198 2738 si
222 2677 260 2738 in
282 2675 385 2739 rebus
406 2673 464 2738 vel
487 2676 524 2738 in
553 2695 696 2757 persona
729 2672 919 2737 Cumanum
952 2673 1140 2759 Hungarus
1172 2672 1378 2754 offendebat,

7 2783 9 2880 ξ
78 2785 198 2846 statim
226 2783 268 2846 de
291 2785 365 2866 ipso
388 2780 495 2848 fiebat
518 2782 672 2846 iustitiae
697 2780 994 2864 complementum,
1018 2784 1066 2846 sic
1090 2788 1130 2846 ut
1148 2779 1237 2846 alius
1253 2780 1378 2845 similia

7 2885 9 2938 l
79 2889 193 2954 facere
219 2911 288 2954 non
312 2891 464 2955 auderet.
489 2889 526 2954 Si
548 2910 630 2953 vero
654 2910 674 2960 a
697 2887 848 2952 Comano
872 2888 1061 2973 Hungarus
1093 2887 1302 2970 laedebatur,
1326 2886 1379 2951 illi

7 2989 9 3058 ³
78 2997 117 3060 de
144 3000 224 3081 ipso
257 2999 395 3063 iusticia
427 3018 497 3062 non
528 2995 642 3061 fiebat.
674 2996 722 3060 Et
755 2997 784 3059 si
816 2996 952 3080 quando
985 2998 1115 3062 instare
1147 2995 1295 3077 volebat,
1317 3017 1378 3079 pro

77 3105 195 3170 verbis
233 3106 410 3170 interdum
442 3104 585 3172 verbera
618 3103 824 3188 reportabat.
856 3103 904 3168 Et
937 3107 985 3168 sio
1017 3107 1109 3170 inter
1141 3104 1320 3188 populares
1343 3113 1378 3168 et

76 3234 197 3297 regem
222 3211 339 3276 odium
363 3219 415 3276 est
437 3221 648 3297 generatum.

187 3337 220 3400 4.
247 3331 299 3400 De
321 3333 480 3402 'acetruda
505 3333 580 3402 odii
603 3353 713 3400 causa
739 3333 830 3401 inter
846 3353 964 3422 repom
981 3333 1108 3402 Belem
1125 3340 1158 3401 et
1173 3333 1377 3422 Hunqcros.

188 3444 292 3508 Licet
308 3445 555 3530 digressionem
571 3442 696 3508 faciam
712 3443 872 3528 aliquam,
888 3452 1005 3508 tamen
1020 3453 1060 3508 ut
1079 3444 1232 3530 legentes
1251 3443 1378 3508 intelli·

75 3559 162 3636 gent
176 3557 215 3616 et
232 3552 414 3617 audientes
430 3573 499 3618 non
514 3554 683 3638 ignorent,
701 3551 944 3616 destructionis
960 3553 1160 3637 Hungariae
1177 3551 1378 3616 fundamen-

7 3683 10 3730 ι
76 3673 151 3724 tum
167 3683 175 3741 3
192 3667 351 3726 revertar
367 3668 582 3746 quantocyus
597 3661 641 3725 ad
658 3660 789 3744 stylum
808 3662 964 3745 inceptae
989 3663 1152 3725 materiae
1176 3680 1378 3745 prosequen-

7 3809 8 3858 3
75 3769 169 3833 dnm.
195 3766 316 3832 Bonae
340 3769 523 3832 memoriae
547 3789 627 3852 rege
651 3764 800 3849 Andrea,
825 3769 980 3854 genitore
1012 3768 1112 3831 istius
1143 3765 1246 3830 Belae
1278 3766 1378 3848 regis,

7 3865 8 3910 ³
76 3877 201 3940 mortis
228 3871 385 3938 debitum
411 3874 635 3957 persolvente,
664 3873 778 3938 subito
801 3896 862 3938 rex
885 3895 964 3938 cum
987 3876 1085 3959 regni
1109 3870 1320 3957 principibus
1343 3878 1378 3935 et

7 4029 13 4046 .
76 3981 259 4050 nobilibus
275 3983 373 4046 venit
390 3979 517 4046 Albam
532 3983 663 4066 regiam
679 3983 867 4063 civitatem,
884 3989 919 4045 et
938 3980 987 4045 ibi
998 3988 1179 4066 postquam
1189 4003 1249 4064 per
1257 4001 1379 4044 manus

75 4091 330 4176 Str-igoniensis
345 4087 599 4172 archiepiscopi,
616 4095 718 4172 prout
734 4091 838 4152 moris
853 4096 914 4170 est,
930 4089 1038 4173 regali
1055 4088 1248 4151 diademate
1259 4087 1378 4150 extitit

75 4205 274 4280 coronatus,
290 4195 455 4282 quosdam
471 4197 513 4262 de
529 4198 600 4260 suis
615 4195 800 4261 baronibus
815 4198 877 4281 qui
892 4198 984 4280 patri
1008 4194 1234 4259 adhaeserant
1259 4201 1378 4258 contra

74 4327 166 4388 eum,
192 4302 363 4386 compulit
387 4301 534 4386 exulare,
559 4303 724 4388 quosdam
752 4303 914 4367 carcerali
937 4303 1121 4384 custodiae,
1145 4321 1230 4386 quos
1252 4301 1379 4365 habere

7 4453 9 4500 t
75 4414 203 4496 potuit,
221 4411 443 4494 mancipavit,
459 4410 631 4496 quendam
654 4410 697 4474 de
719 4410 914 4493 maioribus,
938 4410 1152 4494 Dionysium,
1178 4409 1379 4493 palatinum,

7 4505 9 4564 i
76 4521 211 4601 privari
229 4515 314 4582 fecit
330 4517 460 4582 lumine
476 4517 660 4584 oculorum.
678 4517 853 4594 Quaedam
869 4525 985 4583 autem
1001 4523 1133 4582 statuta
1149 4516 1280 4581 ibidem
1296 4515 1379 4580 faci-

7 4635 12 4690 ῗ
75 4648 145 4708 ens,
164 4626 270 4690 iussit
286 4623 514 4710 promulgari:
534 4633 574 4689 ut
593 4633 694 4706 terra,
717 4625 816 4689 malis
838 4625 1043 4708 hominibus
1068 4626 1128 4709 qui
1155 4623 1378 4689 abundabant
