3192 5214
211 373 254 438 82

212 593 272 654 per
294 570 507 656 negligentie
531 569 676 654 culpam,
699 567 874 652 sepissime
897 569 1003 632 etiam
1028 589 1087 651 per
1111 565 1293 631 saecularis
1313 567 1364 630 rei
1379 586 1508 643 curam,

211 699 280 743 non
303 677 413 742 multo
442 683 518 760 post
542 683 694 760 tempore
727 679 916 761 perituram
945 671 949 761 l
975 697 1040 762 que
1065 674 1225 740 viderant
1257 683 1293 738 et
1324 672 1508 738 audierant

211 785 397 850 oblivionis
420 783 624 850 levitatibus
648 786 757 868 inscii,
781 787 1072 869 immemoresque,
1105 782 1326 848 erediderunt
1350 781 1509 846 doctores

212 891 415 976 philosophi,
455 899 635 976 patresque
674 893 784 956 nostri
823 913 927 977 quam
968 891 1109 975 plurimi
1138 889 1279 954 consilio
1323 888 1509 973 prudentia

212 1021 340 1084 suaque
363 1001 572 1065 invenerunt
595 998 775 1082 industria,
798 1005 839 1064 ut
855 999 1019 1084 quicquid
1038 997 1186 1062 humane
1220 995 1285 1061 filii
1309 997 1509 1080 propaginis

212 1115 326 1172 ratum
335 1105 411 1172 fieri
421 1107 656 1190 decernermrt,
668 1130 728 1192 per
736 1129 857 1172 manus
873 1108 1080 1191 scriptorum
1089 1108 1164 1192 iugi
1179 1105 1294 1170 studio
1310 1104 1510 1168 litterarum

212 1217 386 1280 memoriis
432 1214 719 1299 commendarent,
757 1239 800 1280 ne
843 1237 903 1300 per
940 1215 1106 1280 cariosam
1144 1219 1356 1280 vetustatem
1394 1223 1508 1296 posset

213 1321 321 1386 deleri
343 1321 434 1404 apud
460 1323 588 1406 posteri
611 1343 819 1387 successores
842 1323 907 1388 evi.
931 1320 973 1386 Id
997 1343 1078 1408 ergo
1095 1323 1175 1408 quia
1191 1320 1277 1385 utile
1293 1319 1377 1403 ipsis
1392 1320 1510 1382 visum

213 1435 265 1492 est
291 1435 325 1493 et
350 1425 487 1509 bonum,
520 1430 653 1492 cunctis
691 1429 864 1494 modernis
897 1427 1110 1512 sapientibus
1136 1423 1279 1514 lutilius
1319 1425 1355 1490 id
1394 1429 1510 1508 ipsum

212 1535 376 1600 videatur
406 1541 441 1600 et
474 1536 651 1617 optimum.
685 1534 786 1602 Unde
825 1539 942 1621 itaque
981 1535 1287 1602 christianissimus
1325 1533 1511 1616 sceptrifer

212 1643 369 1708 Andreas
393 1643 488 1706 iussu
510 1645 755 1708 auctoritative
772 1642 836 1708 sub
852 1643 975 1708 certali
990 1651 1197 1708 testamento
1212 1643 1315 1710 huius
1332 1641 1511 1727 privilegii

214 1751 348 1814 exarari
374 1745 506 1834 {edixit
543 1750 661 1815 thomo
695 1758 872 1836 praesente
896 1754 1050 1816 seriatim
1082 1758 1305 1831 monstrante,
1343 1750 1510 1836 quiequid

213 1855 257 1921 ad
274 1855 451 1922 ecclesiam
468 1864 583 1922 sancte
600 1857 718 1942 Maria,
743 1861 920 1944 sanctique
936 1859 1052 1924 aniani
1075 1860 1226 1942 episcopi
1241 1865 1276 1922 et
1295 1855 1510 1937 confessoris,

214 1966 252 2028 in
275 1961 348 2026 loco
364 1961 426 2046 qui
447 1961 554 2048 vulgo
571 1963 700 2028 dicitur
715 1963 834 2030 tichon
850 1985 951 2047 super
967 1963 1108 2048 balatin,
1133 1985 1254 2048 prosua
1273 1958 1277 2050 1
1293 1971 1328 2028 et
1343 1963 1511 2048 coniugis,

215 2070 366 2136 filiorum
388 2068 605 2154 filiarumque
629 2078 665 2135 et
689 2073 842 2136 omniurn
866 2079 1047 2154 parentum
1070 2093 1209 2136 sucrum
1241 2073 1402 2136 vivorum
1434 2073 1511 2134 sive

215 2177 458 2243 defunctorum
496 2178 607 2242 salute
646 2179 802 2262 tradidit,
845 2181 882 2243 in
920 2181 1022 2244 terris
1064 2179 1176 2263 cultis,
1209 2189 1244 2244 et
1282 2178 1432 2258 incultiS,
1472 2179 1511 2241 in

214 2287 334 2368 vineis,
357 2285 395 2349 in
410 2284 641 2370 agriculturis,
658 2286 695 2350 in
710 2289 818 2350 servis
842 2282 898 2368 inl
924 2285 1066 2370 ancillis,
1091 2289 1128 2351 in
1150 2289 1256 2372 equis,
1277 2289 1314 2350 in
1337 2284 1450 2351 bubus
1474 2293 1511 2349 et

215 2391 347 2477 ovibus,
372 2400 414 2458 et·
432 2395 550 2478 porcis,
575 2395 612 2456 in
634 2392 757 2476 apibus
789 2401 824 2458 et
857 2396 1009 2477 ipsarum
1041 2394 1242 2460 custodibus
1274 2401 1310 2458 et
1342 2395 1379 2458 in
1412 2414 1512 2456 orna-

215 2503 341 2566 mentis
380 2500 532 2566 eiusdem
575 2483 732 2584 ecclesie,
766 2501 887 2566 honori
921 2486 1183 2586 pertinentibus.
1222 2501 1383 2566 Tradidit
1416 2503 1512 2566 enim

216 2606 304 2672 inibi
327 2607 495 2693 gloriosus
520 2607 673 2691 prefatus
696 2605 698 2694 l
720 2631 780 2674 rex
813 2609 926 2674 locum
959 2612 1188 2693 prescriptum
1220 2611 1258 2674 in
1289 2631 1356 2694 qua
1389 2607 1513 2672 eadem

215 2715 328 2779 insula
360 2714 491 2780 seilicet
525 2715 670 2780 fundata
703 2723 754 2781 est
787 2715 929 2780 ecclesia
952 2739 1031 2782 cum
1063 2719 1133 2800 suis
1166 2717 1331 2798 terminis,
1364 2735 1512 2801 quorum

213 2823 354 2887 nomina
370 2823 419 2885 sic
443 2821 661 2887 adnotantur.
686 2823 750 2888 Est
774 2823 867 2888 lacus
884 2825 921 2888 in
936 2823 1084 2888 circuitu
1100 2831 1134 2888 et
1150 2823 1282 2888 vallum
1297 2822 1341 2888 ab
1357 2823 1512 2907 antiquis

217 2929 332 2994 labore
360 2926 362 2947 '
390 2950 554 2994 manuum
592 2937 778 3014 operatum,
816 2930 980 3016 quicquid
1021 2933 1112 2996 intra
1138 2932 1200 2998 hec
1238 2933 1436 2995 continetur
1473 2931 1513 2994 in

219 3035 474 3122 piseationibus,
498 3039 535 3101 in
557 3037 781 3122 arrmdinetis,
805 3038 856 3103 ibi
879 3041 1088 3122 pertinentia
1112 3046 1201 3106 sunt.
1225 3039 1290 3104 Est
1321 3041 1360 3104 in
1391 3037 1514 3103 ecdem

216 3143 293 3208 lacu
316 3143 410 3208 locus
434 3146 496 3230 qui
517 3153 662 3210 vocatur
678 3152 774 3230 petra
790 3167 869 3210 cum
883 3148 1005 3210 ceteris
1028 3141 1030 3231 l
1056 3146 1145 3212 inibi
1168 3149 1351 3230 pertinens.
1374 3145 1422 3212 Et
1445 3145 1513 3210 hoo

216 3257 337 3314 notum
361 3253 407 3315 sit
431 3253 573 3335 cunctis,
597 3252 688 3337 quod
713 3254 827 3317 omnia
851 3268 916 3338 que
940 3252 1000 3318 illa
1023 3253 1233 3319 clauduntur
1255 3257 1292 3318 in
1320 3253 1440 3334 insula,
1474 3255 1513 3317 in

217 3354 404 3440 fructeetis,
423 3361 460 3422 in
476 3359 621 3444 cumulO,
640 3369 676 3424 et
684 3362 730 3441 ,in
746 3359 918 3425 omnibus¹
937 3400 977 3407 —
994 3361 1113 3426 vineas
1129 3361 1180 3426 ibi
1196 3362 1404 3446 pertinentia
1420 3367 1513 3442 sunt,

217 3471 314 3545 prata
337 3471 454 3530 autem
477 3465 606 3552 regalia
619 3462 695 3553 ique
715 3467 759 3530 ad
775 3465 896 3532 villam
912 3467 1003 3532 hunc
1019 3467 1131 3533 insula
1148 3471 1339 3552 proximam
1352 3467 1513 3532 adiacent

216 3569 260 3634 ed
284 3571 404 3636 eadem
427 3572 605 3638 ecclesiam
628 3579 709 3637 sunt
735 3574 951 3655 pertinentia.
984 3573 1049 3638 Est
1072 3583 1107 3639 et
1131 3583 1250 3658 portus
1274 3597 1376 3658 super
1398 3575 1514 3638 laeum

216 3676 364 3742 eundem
395 3675 557 3743 similiter
580 3681 762 3762 pertinens.
794 3679 961 3744 Rivulus²
992 3703 1147 3766 nemque,
1180 3683 1241 3766 qui
1272 3681 1400 3746 dicitur
1433 3679 1515 3745 ful<8

216 3783 325 3850 fluens
349 3785 392 3850 de
416 3784 550 3868 prefato
574 3787 659 3870 lacu,
682 3785 789 3853 habet
811 3809 913 3870 super
936 3810 970 3852 se
999 3791 1037 3852 in
1069 3788 1142 3854 loco
1175 3791 1212 3854 in
1244 3809 1311 3874 quo
1344 3789 1514 3854 transitus

217 3899 269 3955 est
294 3891 498 3976 populorum
519 3893 704 3978 aliquando
729 3917 789 3978 per
811 3902 960 3978 pontem,
984 3915 1062 3978 sepe
1086 3897 1192 3960 etiarn
1215 3919 1275 3980 per
1306 3895 1444 3978 vadum,
1476 3905 1513 3961 et

216 3998 273 4064 hic
297 3998 347 4063 ibi
371 4001 529 4082 pertinet.
563 4001 674 4064 Locus
696 4007 748 4065 est
771 4000 860 4065 alius
883 4004 944 4087 qui
968 4001 1097 4066 dicitur
1128 4003 1294 4068 huluoodi
1327 4001 1513 4087 procedens

217 4104 260 4168 ab
280 4104 399 4170 eodem
419 4101 511 4192 lacu}
533 4107 592 4192 qui
608 4113 702 4171 totus
721 4107 771 4172 ibi
789 4107 945 4190 apendet,
962 4116 997 4172 et
1021 4107 1065 4172 ab
1088 4109 1208 4174 eodem
1230 4107 1397 4174 huluoodi
1419 4111 1515 4195 quic·

217 4211 301 4296 quid
325 4219 377 4276 est
400 4233 507 4298 usque
530 4213 574 4278 ad
598 4214 834 4298 monticulum,
858 4221 893 4280 et
916 4237 960 4279 ex
982 4214 1046 4280 hoc
1071 4237 1177 4302 usque
1200 4215 1244 4280 ad
1268 4215 1381 4281 lacum
1396 4217 1514 4301 turku,
1589 4209 1590 4216 ἵ

217 4320 278 4404 qui
301 4320 433 4385 medius
456 4320 500 4385 ad
525 4321 696 4405 populum,
720 4322 853 4386 medius
876 4329 993 4387 eutem
1017 4325 1167 4406 pertinet
1190 4324 1233 4388 ad
1258 4323 1444 4407 ecclesiam,
1478 4335 1515 4391 et

276 4564 348 4619 ¹Itt
366 4582 425 4639 egy
444 4565 492 4622 sad
520 4567 646 4637 teljesen
674 4567 809 4624 olvasha-
974 4577 984 4607 ¹
1003 4569 1028 4622 E
1047 4569 1094 4625 sad
1113 4569 1202 4626 reluta
1220 4571 1345 4628 kereszt.

218 4653 323 4710 tetlan.
974 4668 984 4696 ⁸
1003 4657 1111 4715 Sidfok.
