3182 5208
26 339 28 440 t
349 323 351 335 ¹
1253 353 1344 416 ,11

70 560 98 614 et
132 571 221 615 more
257 571 376 614 eorum
415 551 527 632 capita
566 566 705 614 suorum
751 547 1162 632 pseudo-christianorum
1208 545 1345 632 penitus

70 657 292 739 detonderunt,
308 664 352 720 ,et
374 678 477 740 super
499 663 633 721 nostros
657 657 861 722 christianos
884 657 1122 739 immiserunt,
1143 663 1246 741 utque
1278 659 1346 740 ipsi

71 771 335 847 supervenerunt,
359 771 394 828 et
417 763 503 828 alios
525 765 681 846 captivos
704 763 886 846 duxerunt,
910 763 995 827 alios
1019 764 1226 846 occiderunt,
1259 763 1345 828 alios

26 889 29 968 q
72 872 199 950 pessima
222 891 396 936 carcerum
419 871 510 935 fame
534 893 573 935 ac
597 873 657 936 siti
674 871 907 954 perdiderunt,
930 873 1127 936 innumeros
1143 871 1225 936 vero
1241 871 1345 936 exilio

26 971 28 1028 1
71 977 315 1060 deputaverunt,
331 978 642 1044 111111111111111141
652 984 722 1042 1141
734 977 894 1042 honestas
904 977 1064 1042 mulieres
1079 981 1117 1042 iu
1132 981 1346 1043 servicium⁴³

26 1033 30 1164 1
70 1083 268 1168 redegenmt.
284 1085 488 1150 Ecclesias⁴⁴
498 1086 553 1150 dei
563 1085 799 1167 incenderunt,
815 1093 849 1148 et
860 1088 973 1149 omnia
989 1084 1123 1150 edificio
1135 1085 1345 1166 deleverunt,

26 1177 30 1300 1
69 1194 110 1254 ita
129 1193 226 1256 utin
249 1199 324 1257 tota
349 1195 528 1276 pannonia,
560 1200 677 1258 nostra
704 1194 854 1256 maxima
878 1194 1085 1276 provincia⁴⁵
1108 1199 1246 1257 tantum
1277 1215 1345 1259 una

26 1301 29 1402 ᾗ
69 1319 127 1362 111
146 1307 307 1382 appareat
330 1301 482 1384 ecclesia,
506 1308 608 1383 prout
631 1303 781 1384 episcopi
804 1323 823 1364 a
846 1299 945 1365 vobis
975 1300 1149 1384 destinati,
1182 1304 1211 1364 si
1243 1301 1347 1366 fateri

26 1437 31 1538 q
69 1405 174 1470 velint.
197 1429 356 1472 enarrare
380 1415 531 1493 possunt,
555 1416 701 1494 quantos
725 1409 798 1472 dies
813 1411 1026 1473 transierunt
1042 1417 1077 1473 11
1092 1417 1203 1474 totam
1219 1417 1347 1474 terram

27 1551 28 1556 κ
68 1510 240 1579 desolatam
274 1517 448 1580 viderunt.
481 1517 624 1594 Quando
656 1537 739 1580 vero
770 1515 960 1602 Ungeros⁴⁰
991 1516 1126 1582 italiam
1157 1519 1346 1582 introisse⁴l

67 1624 287 1704 comperimus,
321 1623 493 1705 pacificari
525 1645 604 1688 cum
635 1623 764 1710 eisdem
796 1623 921 1688 sclavis
953 1631 1041 1688 teste
1080 1623 1174 1688 deo⁴⁸
1197 1624 1347 1688 multum

68 1727 334 1812 desideravimus,
376 1733 649 1814 111ο111111111113ιο
681 1739 819 1814 propter
851 1731 954 1795 deum
991 1733 1262 1813 omnipotentem
1302 1730 1350 1794 ad·

68 1833 245 1914 perfectum
268 1836 448 1922 indulgere
476 1839 590 1902 omnia
623 1837 712 1902 mala
745 1846 864 1902 contra
895 1859 966 1919 nos,
998 1843 1199 1922 nostrosque
1232 1841 1347 1922 actall,

68 1955 96 2004 et
117 1945 225 2006 omnia
250 1943 402 2026 reddere,
425 1967 511 2029 quae
536 1945 577 2010 de
602 1947 672 2009 suis
688 1951 822 2008 nostros
838 1951 1010 2010 constaret
1025 1943 1161 2028 habere,
1178 1953 1348 2029 quatenus

68 2071 102 2112 ex
134 2050 201 2113 illis
242 2073 377 2116 securos
414 2074 475 2117 nos
515 2053 735 2136 redderent⁶¹‚
774 2059 809 2116 et
855 2052 990 2116 tamdiu
1027 2056 1177 2135 spatium
1216 2051 1347 2134 darent,

38 2211 42 2216 .
68 2159 218 2240 quamdiu
241 2158 503 2244 longobardiam
525 2160 623 2225 nobis
646 2162 776 2224 intrare
800 2166 834 2223 11
850 2181 904 2223 111
920 2161 1031 2224 sancti
1048 2162 1138 2242 petri
1153 2159 1347 2242 defendere,

70 2265 286 2351 populumque
325 2267 552 2332 christianum
585 2267 704 2331 divino
737 2267 909 2332 adiutorio
942 2267 1109 2332 redimere
1141 2267 1278 2350 liceret;
1313 2275 1348 2330 et

69 2394 120 2435 nec
148 2376 262 2456 ipsum
294 2373 339 2438 ab
371 2377 420 2440 eis
459 2372 613 2458 optinere
653 2377 835 2457 potuimus,
874 2381 1009 2456 etpost
1043 2381 1141 2438 tanta
1180 2373 1348 2439 maleficia

69 2477 181 2545 habent
216 2481 381 2548 beneficia
415 2491 449 2548 et
482 2491 563 2548 sunt
596 2487 707 2548 sancti
740 2491 962 2566 accusatores,
995 2485 1055 2568 qui
1087 2505 1220 2566 semper
1253 2481 1348 2548 fuere

70 2587 323 2656 christianorum
347 2601 588 2674 persecutores.
621 2591 658 2656 Si
681 2593 759 2676 quis
781 2593 819 2655 in
841 2598 916 2654 toto
939 2590 1068 2656 mundo
1091 2591 1254 2655 aliorsum
1286 2611 1348 2654 nos

70 2694 228 2762 oberrasse
252 2706 288 2762 et
311 2701 447 2764 iusticie
479 2701 647 2764 restitisse
681 2697 823 2780 probare
856 2705 1007 2779 conetur,
1039 2699 1157 2762 veniat
1192 2719 1349 2780 praesens

70 2814 189 2869 etcum
213 2803 419 2889 ludificasse,
441 2827 570 2890 nosque
594 2805 636 2868 de
660 2804 725 2868 hec
749 2826 785 2867 11
814 2805 1004 2868 sencietis⁵²
1037 2805 1235 2886 purissimos
1268 2827 1348 2869 esse.

69 2909 184 2976 idcirco
218 2911 349 2998 singuli
387 2935 569 2997 omnesque
601 2910 826 2976 ammonendo
861 2933 1045 2994 precamur,
1078 2933 1120 2975 ne
1153 2910 1348 2978 ullomodo

70 3017 158 3083 elicui
181 3020 270 3084 falso
295 3021 338 3084 de
361 3019 461 3084 nobis
484 3020 635 3105 aliquam
658 3021 883 3101 suspitionem
907 3019 1071 3104 referenti
1100 3019 1232 3085 creduli
1264 3022 1349 3103 sitis,

71 3133 239 3211 antequam
263 3129 480 3210 oportunitas
503 3129 630 3212 exigat,
653 3133 693 3190 ut
716 3125 819 3190 huius
838 3127 1002 3211 reigratia
1018 3129 1150 3210 missus,
1174 3127 1216 3190 de
1232 3135 1347 3191 vestra

71 3231 259 3299 celsitudine
284 3233 383 3298 nobis
405 3241 466 3299 aut
490 3241 649 3298 anostra
673 3228 845 3318 parvitate
870 3234 1021 3298 directus
1054 3242 1217 3317 appareat
1241 3234 1349 3298 vobis.

71 3337 520 3428 (11111111118111111111ω
536 3320 571 3406 11
586 3341 756 3426 generalis
773 3341 870 3405 dolor
879 3349 1052 3426 angustat,
1069 3363 1153 3426 quos
1164 3341 1349 3408 Germania

27 3495 28 3518 2
73 3463 98 3509 et
115 3457 185 3515 tota
208 3458 307 3515 tenet
331 3451 455 3530 norica,
484 3449 575 3534 quod
599 3451 714 3514 unitas
738 3449 878 3512 ecclesie
902 3449 1074 3512 dividitur
1097 3452 1251 3513 scissura.
1285 3450 1349 3514 Est

73 3557 153 3626 enim,
176 3569 217 3622 ut
245 3559 490 3640 praemisimus,
514 3555 759 3638 111111111111354
782 3555 819 3616 in
848 3555 998 3638 quinque
1031 3555 1172 3620 divisus.
1205 3555 1288 3620 Ideo
1321 3559 1350 3620 si

74 3665 175 3746 quod⁶⁸
200 3666 297 3730 fraus
321 3663 465 3749 maligni
492 3663 693 3728 Sclavorum
725 3661 916 3726 calliditate
948 3663 1149 3744 adduxerat,
1181 3665 1351 3728 11311111ὅθ

73 3781 198 3838 avertat.
230 3773 367 3858 Vosque
400 3794 442 3836 ex
474 3770 546 3835 alto
579 3772 711 3834 virtute
744 3769 860 3834 induti
892 3778 926 3833 et
960 3769 1146 3852 apostolico
1181 3777 1350 3852 potestate

114 4027 132 4054 ⁴¹
151 4025 279 4076 nostros.
809 4026 832 4056 ⁴·
850 4019 901 4071 111.

114 4115 133 4143 ⁴¹
149 4108 180 4162 B.
200 4111 251 4166 lu:
271 4116 311 4165 et.
433 4108 441 4122 ³
616 4143 620 4153 ·
810 4116 832 4145 ⁵⁰
851 4106 939 4162 facta.

126 4205 134 4233 ¹
149 4200 339 4254 servitutem
809 4204 831 4233 ⁸¹
850 4195 992 4252 facerent.

126 4289 332 4344 ‘Aecclesiss
809 4291 832 4320 ⁸¹
851 4287 998 4340 sentietis.

126 4377 315 4446 *Pannonia
335 4377 493 4448 provintia.
810 4383 833 4412 ⁸⁸
851 4373 1004 4445 hitnyzik.

126 4466 311 4540 *ungarios
809 4474 831 4502 ¹⁴
851 4480 930 4518 unus
949 4480 993 4535 ep.

134 4564 137 4590 ³
152 4557 291 4613 intrasse.
809 4563 831 4592 ⁸⁸
850 4553 930 4622 quid.

134 4645 367 4701 ι111111111111111.
808 4651 830 4680 ⁸·
850 4641 895 4696 Itt
917 4639 1062 4712 ve'gzttdik
1080 4659 1097 4695 a
1117 4639 1199 4693 ke'lni
1227 4635 1351 4691 kezirat.
