3192 5214
184 335 247 431 142

205 535 256 598 30.
283 531 374 596 item
406 539 520 616 preter
557 529 618 596 hos
656 535 804 615 quatuor

159 641 371 726 Iobagiones,
419 639 550 704 scilicet
596 637 803 718 Palatinum,

107 760 109 767 '
159 749 295 814 Bonum
318 756 353 812 et
376 746 530 813 Ouriales
562 746 714 811 Comites
737 745 804 810 Re-

159 859 212 942 gis
244 865 279 920 et
310 857 453 941 Regine,
492 853 577 918 duas
615 853 804 939 dignitates

159 963 275 1028 nullus
298 969 422 1028 teneat.

205 1073 256 1136 31.
280 1071 328 1135 Et
351 1077 390 1134 ut
414 1070 477 1135 hec
499 1076 616 1134 nostra
639 1076 711 1135 tam
728 1093 805 1136 oon-

160 1181 274 1260 eessi0,
290 1200 393 1264 quam
417 1177 591 1243 ordinacio
608 1181 653 1243 sit
670 1181 804 1263 nostris,

160 1293 420 1371 nostrorumque
453 1303 684 1350 successorum
720 1293 805 1352 tem-

161 1393 299 1478 poribus
332 1395 368 1458 in
408 1398 609 1476 perpetuum
646 1393 805 1477 valitura,

160 1523 235 1566 eam
258 1501 427 1566 conscribi
447 1499 590 1566 fecimus
614 1504 651 1566 in
675 1509 807 1584 septem

160 1611 255 1694 paria
278 1609 474 1674 litterarum
506 1617 541 1672 et
565 1629 667 1672 aureo
691 1607 806 1694 sigillo

160 1724 276 1782 nostro
300 1715 462 1780 roborari.
494 1715 549 1780 Ita
582 1715 674 1801 quod
698 1737 806 1780 vnum

162 1847 222 1908 par
246 1827 407 1888 mittatur
423 1822 561 1888 domino
578 1845 663 1908 pape
683 1827 806 1907 etipse

160 1934 197 1995 in
215 1932 378 2016 Registro
403 1952 463 1995 suo
488 1930 591 1996 scribi
615 1931 730 1998 faciat.
749 1931 806 1996 Se

161 2039 310 2103 cundum
327 2061 429 2124 penes
444 2039 633 2124 Hospitale.
649 2039 806 2106 Tertium

162 2169 262 2230 penes
295 2145 471 2230 templum.
510 2147 679 2224 Quartum
714 2148 806 2232 apud

55 2290 57 2299 ·
160 2255 301 2340 Regem.
349 2254 518 2332 Quintum
566 2258 604 2320 in
644 2243 806 2338 capitulo

161 2361 397 2447 Strigoniepsi.
414 2361 557 2428 Sextum
573 2365 611 2426 in
620 2362 805 2428 Golooensi.

161 2469 353 2552 Septimum
385 2469 477 2552 apud
510 2469 717 2553 Palatinum,
746 2474 807 2556 qui

161 2597 221 2660 pro
254 2585 406 2660 tempore
440 2575 555 2660 fuerit,
579 2585 806 2644 reseruentur.

162 2683 226 2766 Ita,
250 2685 341 2770 quod
373 2688 483 2768 ipsam
516 2688 722 2768 scripturam
748 2708 807 2770 pre

161 2791 267 2856 oculis
299 2813 432 2875 sempor
463 2790 601 2875 habens,
639 2815 701 2857 nec
735 2797 807 2878 ipse

161 2898 276 2963 deuiet
300 2901 337 2962 in
360 2899 475 2984 aliquo
492 2902 530 2965 iu
553 2900 725 2984 predictis,
744 2925 807 2967 nec

160 3007 302 3091 Regem,
325 3005 381 3071 uel
405 3006 537 3072 nobiles
553 3029 613 3072 seu
628 3008 713 3073 alios
730 3031 806 3074 con-

161 3117 291 3179 senciat
330 3113 468 3178 deviare
507 3122 547 3179 vt
580 3121 615 3180 et
647 3117 714 3199 ipsi
746 3139 806 3181 sua

160 3221 334 3306 gaudeant
380 3219 550 3305 libertate,
588 3245 627 3286 ac
668 3232 807 3308 propter

160 3328 224 3392 hoc
247 3327 346 3393 nobis
369 3335 404 3392 et
436 3329 698 3396 successioribus
721 3353 807 3398 sem-

162 3457 221 3518 per
259 3439 410 3500 existant
448 3435 575 3518 fideles,
607 3445 642 3502 et
674 3439 805 3505 Corone

160 3545 271 3629 Regie
303 3541 466 3628 obsequia
499 3543 615 3610 debita
648 3567 717 3610 non
750 3571 806 3612 ne-

160 3659 295 3736 gentur.
329 3651 521 3716 Statuimus
559 3655 675 3736 eciam,
714 3655 805 3740 quod

161 3761 191 3822 si
222 3779 292 3841 nos,
325 3757 380 3822 uel
413 3758 537 3844 aliquis
575 3782 806 3827 successorum

161 3873 356 3930 nostrorum
389 3865 504 3951 aliquo
539 3889 689 3953 unquam
721 3877 806 3934 tem-

162 3995 242 4072 pore
274 3973 356 4039 huic
384 3973 604 4059 disposicioni
637 3980 806 4042 contraire

129 4070 134 4080 '
162 4081 319 4166 uoluerit,
342 4081 488 4147 liberam
511 4081 661 4148 habeant
684 4085 807 4150 harum

161 4192 377 4274 auctoritate,
423 4193 496 4254 sine
542 4198 622 4255 nota
662 4189 806 4256 alicuius

162 4293 388 4378 infidelitatis,
412 4304 484 4362 tam
508 4297 679 4382 Episcopi,
704 4321 808 4383 quam

162 4401 219 4486 alij
245 4403 449 4490 Iobagiones
472 4428 511 4470 ac
535 4403 676 4470 Nobiles
692 4406 808 4492 Regni

162 4515 279 4596 nostri,
312 4516 465 4578 vniuersi
498 4521 532 4578 et
565 4514 702 4600 singuli,
735 4537 808 4598 pre-

161 4626 274 4685 sentes
307 4627 342 4686 et
376 4624 512 4706 posteri,
551 4621 733 4686 resistendi
773 4627 807 4685 et

904 1070 953 1136 Ut
977 1075 1093 1134 autem
1116 1067 1200 1134 haec
1224 1071 1358 1152 nostris,
1382 1077 1417 1133 et
1433 1091 1509 1134 suo-

860 1199 1030 1244 cessorum
1068 1183 1264 1242 nostrorum
1294 1175 1508 1259 temporibus

859 1284 958 1350 firma
982 1292 1016 1350 et
1040 1289 1241 1352 inconcussa
1275 1291 1509 1369 permaneant,

859 1401 933 1458 tam
956 1415 1025 1478 nos,
1049 1415 1153 1479 quam
1185 1391 1250 1458 filii
1279 1394 1390 1458 nostri
1413 1413 1510 1475 prae-

860 1504 943 1566 stito
967 1500 1189 1584 corporaliter
1207 1500 1406 1566 iuramento
1429 1519 1510 1564 oon-

859 1609 1083 1691 firmavimus,
1099 1613 1134 1672 et
1157 1613 1231 1672 tam
1254 1613 1380 1689 nostr0,
1403 1628 1511 1692 quam

859 1717 1011 1782 filiorum
1043 1721 1241 1780 nostrorum
1272 1713 1397 1801 sigillis
1426 1713 1510 1779 feci-

860 1846 936 1890 mus
959 1823 1120 1888 roborari.

906 1933 1100 2016 Spontanee
1151 1933 1412 2012 consentientes,
1459 1937 1511 2010 ut,

861 2043 934 2105 sive
957 2059 1028 2121 nos,
1051 2040 1124 2103 sive
1148 2035 1224 2102 filii·
1242 2041 1353 2102 nostri
1376 2045 1411 2102 et
1435 2059 1511 2102 suc-

861 2167 1007 2212 cessores
1031 2147 1141 2210 nostri
1157 2143 1245 2210 hanc
1268 2167 1287 2210 a
1311 2143 1410 2210 nobis
1431 2165 1512 2210 oon-

861 2275 990 2320 cessam
1043 2251 1242 2318 libertatem
1291 2250 1511 2340 confringere

860 2361 1043 2444 voluerint,
1066 2359 1353 2445 Archiepiscopus
1377 2360 1512 2446 strigo-

861 2470 988 2534 niensis
1027 2470 1212 2552 praemissa
1253 2467 1411 2553 legitima
1450 2467 1512 2532 ad-

862 2579 1051 2642 monitione
1067 2597 1128 2640 nos
1144 2574 1283 2640 vinculo
1303 2575 1512 2640 Excommu-

861 2685 1053 2765 nicationis,
1064 2689 1099 2746 et
1112 2703 1168 2746 eos
1178 2681 1368 2747 innodandi
1383 2679 1512 2748 habeat

862 2797 1076 2874 potestatem.

906 2898 1036 2962 Datum
1066 2895 1168 2961 Anno
1192 2895 1236 2960 ab
1268 2895 1512 2963 Inoamatione

861 3004 1002 3070 Domini
1035 3004 1131 3068 1231.
1155 3001 1257 3068 Anno
1288 3025 1370 3069 vero
1393 3003 1513 3092 Regni

862 3117 972 3178 nostri
996 3113 1048 3178 29.
