3138 5212
1289 343 1354 408 453

64 559 102 630 A
124 557 532 630 bekeszerzodesnek
554 557 793 630 Fordinand
817 559 923 632 11161
944 561 1109 634 lriadott
1131 563 1354 653 peldsnya.

169 750 240 816 Nos
286 751 525 816 Ferdinandus
563 757 626 816 eto.
656 752 945 838 Recognoscimus
982 762 1018 822 et
1050 761 1171 820 notum
1209 753 1354 819 facimus

62 865 180 923 tenore
191 861 421 940 praesentium
436 857 670 944 significantes
680 859 805 945 quibus
815 863 959 945 'expedit
974 865 1153 944 universis,
1169 861 1260 947 quod
1276 883 1354 926 cum

61 972 141 1030 ante
176 964 352 1030 biennium
389 967 548 1050 incoepta
580 975 693 1033 essent
725 970 873 1054 quedam
913 972 1056 1035 tractari
1097 970 1138 1034 dc
1172 991 1253 1053 pace
1294 990 1354 1032 seu

61 1073 211 1138 induciis
234 1085 374 1158 propter
405 1073 533 1140 bonum
557 1074 733 1158 publicum
755 1079 864 1142 totius
891 1076 984 1142 orbis
1007 1085 1043 1142 et
1075 1079 1222 1142 maxime
1255 1077 1354 1162 regni

60 1181 262 1264 Hungariae
280 1183 432 1266 quietem
455 1189 490 1246 et
517 1183 793 1268 tranquilitatem
817 1207 895 1249 oum
919 1184 1141 1250 serenissimo
1164 1205 1205 1248 ac
1237 1189 1354 1268 poten-

60 1290 196 1352 tissimo
229 1290 381 1372 principe
414 1289 552 1354 domino
585 1289 793 1374 solymanno
813 1290 1036 1375 ‘Imperatore
1069 1291 1258 1356 'furcarum
1289 1299 1353 1354 616.

58 1405 93 1462 61
132 1397 274 1462 relictae
306 1405 389 1464 tunc
421 1405 534 1464 6666111
565 1399 712 1483 quedam
750 1401 1002 1464 controversiae
1033 1399 1076 1463 de
1108 1397 1235 1462 finibus
1268 1397 1353 1461 dicti

58 1508 160 1590 regni
192 1505 391 1591 Hungariae
424 1507 515 1570 inter
547 1527 608 1572 1166
640 1513 676 1570 61
715 1507 990 1591 magnitudinem
1021 1526 1127 1589 suam,
1159 1527 1243 1590 quas
1275 1527 1353 1569 oum

59 1611 182 1676 tollere
212 1619 248 1676 et
266 1611 402 1677 abolere
426 1612 703 1694 decrevissemus,
718 1612 839 1676 eodem
861 1612 921 1676 illo
954 1610 1043 1677 bono
1068 1611 1213 1696 publice,
1237 1613 1352 1697 quiete

58 1727 92 1783 et
133 1718 373 1804 tranquilitate
411 1722 509 1805 regni
542 1720 742 1804 Hungeriae
775 1741 853 1784 cum
885 1720 1004 1802 primis
1042 1720 1193 1802 adducti,
1226 1723 1351 1784 iterum

56 1835 229 1892 oratorem
260 1833 416 1891 nostrum
453 1826 675 1913 magnificum
713 1826 906 1892 Gerardum
938 1826 1110 1892 Velduiok
1141 1847 1219 1890 cum
1250 1826 1351 1910 plena

57 1935 226 2000 facultate
250 1935 431 2019 tractandi,
450 1936 576 2021 agendi
599 1943 635 1999 61
658 1935 893 2018 concludendi,
916 1957 978 2000 neo
994 1955 1063 1998 non
1087 1933 1128 1998 de
1152 1935 1195 1997 iis
1219 1942 1351 1998 contro-

57 2045 181 2107 versiis
205 2041 310 2108 semel
333 2041 437 2108 finem
460 2042 619 2108 faciendi.
644 2042 755 2108 Erant
777 2049 894 2107 autem
916 2043 981 2108 hae
1005 2041 1229 2106 differentiae.

167 2151 324 2216 Primum
340 2150 430 2236 quod
447 2151 599 2216 Barones
614 2157 650 2215 et
673 2149 815 2216 Nobiles
830 2152 916 2215 certi
935 2149 1136 2234 Hungariae
1155 2147 1224 2212 sub
1247 2146 1351 2213 fidem

9 2325 10 2328 ,
55 2265 90 2322 61
115 2261 365 2342 protectionem
387 2257 641 2342 Magnitudinis
671 2258 744 2321 eius
768 2278 840 2320 sese
873 2255 1092 2321 contulerunt
1115 2262 1218 2341 atque
1241 2255 1351 2320 tribu-

9 2343 10 2434 s
56 2373 132 2430 tum
156 2368 294 2430 nomine
310 2366 532 2448 protectionis
548 2364 708 2429 undecim
730 2362 879 2428 millium
895 2363 1097 2428 ducatorum
1113 2364 1351 2446 promiserunt,

9 2533 10 2560 Ι
56 2475 163 2538 iidem
198 2479 313 2537 autem
345 2493 424 2536 mox
452 2472 495 2536 ad
535 2479 686 2536 nostram
718 2470 821 2535 fidem
853 2471 1035 2535 redeuntes
1067 2469 1239 2540 tributum
1263 2470 1349 2534 illud

55 2581 148 2666 quod
182 2579 418 2664 Magnitudini
455 2600 536 2643 suae
569 2579 807 2661 promiserunt,
839 2577 971 2641 solvere
995 2585 1204 2659 recusarunt,
1232 2585 1349 2642 nostro

9 2685 201 2804 {imperio
225 2695 260 2752 et
283 2688 513 2752 iurisdictioni
536 2709 608 2751 6666
636 2685 794 2751 omnibus
819 2686 929 2750 modis
952 2684 1136 2751 subiicient
1122 2693 1182 2750 t.es

9 2855 11 2904 ,
164 2795 285 2862 Altera
324 2799 398 2858 erat
436 2795 668 2858 controversia
707 2793 748 2857 de
787 2791 894 2875 bonis,
933 2792 1093 2856 dominiis
1124 2799 1227 2878 atque
1266 2792 1349 2857 locis

9 2891 12 3048 Ι
55 2906 154 2970 Ρ6111
182 2904 314 2982 Ρ616111,
352 2903 412 2987 qui
451 2923 529 2966 cum
568 2899 777 2964 adhaesisset
816 2900 988 2984 quondam
1026 2899 1117 2984 Regi
1155 2899 1291 2983 Joanni,
1331 2923 1349 2964 6

55 3012 254 3076 Solimanno
282 3009 471 3074 Turcarum
494 3008 713 3090 Imperatore,
745 3009 837 3071 111161
866 3028 982 3071 servos
1006 3029 1108 3090 supra
1141 3008 1227 3072 dicti
1259 3010 1349 3091 regis

9 3051 11 3180 l
55 3117 327 3203 computabatur.
352 3116 533 3194 Praeterea
564 3136 652 3178 uxor
675 3115 760 3178 dicti
784 3113 880 3177 Petri
913 3114 1036 3177 Pereni
1059 3136 1093 3177 66
1118 3123 1153 3179 61
1177 3136 1237 3177 sua
1261 3112 1349 3178 bona

9 3183 11 3342 Ι
56 3231 89 3292 in
105 3227 213 3292 fidem
229 3234 264 3290 61
280 3225 423 3310 protect
414 3245 526 3288 10nem
542 3223 836 3308 magnitudinis'
808 3243 880 3286 e1us
904 3221 1104 3286 contulerat.
1129 3221 1217 3286 Cum
1232 3231 1349 3286 autem

9 3343 11 3406 l
56 3341 302 3418 postmortem
325 3333 432 3417 Regis
456 3331 600 3398 Joannis
633 3351 701 3396 non
725 3331 835 3396 solum
858 3330 946 3395 bona
980 3331 1076 3396 Petri
1100 3331 1256 3414 Perenni,
1288 3333 1347 3396 sed

55 3446 161 3507 etiam
193 3441 303 3527 Agria
326 3447 430 3526 atque
454 3443 576 3522 omnia,
609 3463 674 3524 que
702 3441 745 3504 ad
770 3439 866 3504 illam
890 3441 1072 3523 pertinent,
1096 3438 1160 3502 sub
1193 3448 1348 3504 nostrum

55 3551 238 3634 imperium
261 3549 399 3613 redacta
433 3546 588 3630 fuissent,
620 3547 844 3612 redeuntibus
871 3547 924 3611 his
948 3548 992 3611 ad
1015 3549 1164 3632 gratiam
1196 3555 1348 3612 nostram

55 3660 112 3740 qui
147 3655 207 3720 illa
240 3657 277 3719 in
309 3656 440 3720 ditione
479 3678 539 3720 sua
563 3653 731 3738 habeant,
755 3655 874 3720 relicta
908 3653 977 3718 fuit
1010 3655 1092 3719 haec
1116 3658 1347 3720 controversia

54 3785 143 3828 anno
176 3763 343 3845 superiori
367 3761 547 3826 irresoluto
571 3769 607 3826 et
630 3761 840 3846 imperfecta.

162 3869 280 3934 Tertia
313 3868 382 3933 fuit
406 3869 447 3933 de
471 3869 603 3955 aliquot
635 3869 790 3933 articulis
823 3867 925 3949 (1161
957 3867 1092 3932 arcibus
1125 3890 1211 3952 quae
1250 3877 1347 3933 616111

55 3973 144 4064 ragis
168 3977 342 4063 quondam
374 3976 399 4041 J
400 3979 528 4059 oannis,
551 3983 586 4041 et
618 3997 709 4040 nunc
732 3975 795 4040 sub
829 3981 999 4060 potestate
1022 3981 1138 4038 nostra
1171 3974 1287 4056 (sunt),
1312 3981 1346 4040 et

55 4085 94 4150 de
117 4084 270 4151 castellis
293 4083 472 4148 Valentini
503 4083 689 4166 Theoreok,
721 4086 781 4169 qui
804 4106 895 4147 nunc
927 4089 979 4146 est
1003 4083 1161 4165 captivus
1193 4079 1347 4165 ejusdem

56 4192 122 4258 Ser.
163 4193 327 4276 principis
366 4191 564 4274 Turcarum,
597 4193 693 4255 cuius
732 4198 842 4255 castra
884 4192 990 4254 etiam
1028 4197 1126 4252 erant
1165 4188 1228 4252 sub
1267 4211 1345 4273 rege

55 4299 188 4364 «Ioanne
211 4306 248 4364 et
271 4321 361 4364 nunc
384 4306 569 4364 teneantur
592 4322 611 4362 a
635 4297 798 4384 gentibus
821 4299 948 4362 nostris
971 4299 1121 4360 armatis.

160 4409 291 4485 Quarta
316 4405 384 4472 fuit
409 4407 450 4472 de
475 4405 621 4471 Timaris
645 4426 729 4490 quos
754 4407 904 4468 ministri
936 4412 971 4468 61
995 4404 1085 4468 milit
1072 4413 1122 4468 tes
1152 4404 1346 4486 861111111-

56 4515 138 4598 cipis
162 4515 351 4578 Turcarum
374 4517 636 4598 assignaverunt
660 4512 833 4598 equitibus
857 4512 986 4594 Turcis,
1017 4533 1162 4597 quorum
1195 4511 1346 4575 Timarc-

9 4597 11 4750 Ι
56 4641 129 4686 rum
152 4643 277 4706 magna
302 4643 378 4705 pars
402 4623 553 4706 assignat
555 4643 574 4684 a
598 4629 672 4684 6161
704 4643 806 4702 super
828 4622 920 4704 agris
944 4621 1004 4704 qui
1037 4622 1072 4683 in
1096 4617 1222 4682 finibus
1255 4619 1346 4682 inter
