3192 5214
166 353 230 418 126

209 551 284 637 Ego
300 549 530 616 colomannus
546 569 606 612 rex
622 546 811 632 Hungarie,

164 655 330 723 Ghroacie
353 661 456 739 atque
479 652 655 718 Dalmacie

211 763 239 828 1.
262 766 338 828 iuro
361 783 464 846 anper
494 767 649 835 sanctam
676 781 811 826 crucem

164 875 264 940 vobis
296 873 499 960 Tragurinia
530 874 615 937 meis
651 869 811 935 fidelibus

164 982 299 1051 civibus
322 981 458 1046 firmem
482 1001 608 1065 pacem.

209 1091 239 1154 2.
262 1089 352 1155 Mihi
375 1092 411 1154 et
426 1087 498 1154 filio
514 1109 589 1154 meo
605 1091 667 1152 aut
682 1106 812 1151 succes-
874 1131 877 1136 ,

164 1195 298 1262 acribus
320 1196 500 1262 tributarii
522 1217 565 1260 ne
589 1197 674 1260 aitis.

210 1306 238 1370 3.
255 1305 463 1388 Episcopum
472 1325 555 1370 vero
565 1307 626 1368 aut
642 1305 811 1382 comitem,

164 1433 266 1498 quem
290 1413 400 1478 clerus
423 1417 459 1477 et
483 1411 627 1496 populus
660 1411 812 1496 elegerit,

164 1519 351 1586 ordinab0.·

145 1650 148 1662 ·
209 1629 238 1692 4.
272 1627 321 1692 Et
351 1627 427 1714 lege
459 1613 653 1714 antiquitus
687 1627 812 1690 consti·
880 1685 881 1689 ,

164 1741 242 1800 tuta
264 1755 327 1800 vos
350 1737 404 1800 uti
427 1737 634 1818 permittam.

210 1843 239 1906 5.
272 1840 498 1928 Preterquam
530 1843 694 1906 introitus
728 1842 812 1904 civi-

164 1951 248 2014 tatis
264 1949 307 2014 de
322 1951 496 2014 extraneis
519 1947 606 2012 duas
622 1951 737 2032 partes
752 1968 812 2012 rex

164 2055 299 2141 habeat,
331 2061 475 2124 terciam
501 2074 584 2122 vero
607 2073 720 2120 comes
743 2056 813 2138 epi-

164 2186 294 2249 acopua

197 2271 240 2346 ,6.Ι
271 2271 315 2337 In
347 2273 491 2336 civitate
523 2289 658 2357 quoquc
696 2277 812 2334 vestra

164 2383 337 2446 neminem
355 2378 603 2465 Hungarorum
618 2377 675 2443 vel
694 2375 813 2441 alieni-

164 2509 331 2574 genarum
345 2485 504 2552 habitare
521 2484 728 2570 permittam,
745 2485 813 2549 nisi

164 2616 267 2681 quem
289 2594 452 2660 voluntas
475 2601 591 2659 vestra
619 2595 812 2677 expetierit.

211 2703 239 2767 7.
253 2703 367 2780 Quum
378 2701 423 2766 ad
432 2723 494 2766 vos
503 2701 741 2783 coronandua,¹
751 2705 812 2764 aut

163 2807 352 2880 vobiscum,
378 2812 477 2895 regni
512 2811 648 2895 regocia
686 2813 812 2872 tracta·

164 2922 264 2982 turus
280 2917 459 2998 advenere,
470 2919 600 2981 nemini
616 2917 670 2980 vis
687 2913 812 2980 infera-

164 3029 223 3087 tur
246 3023 425 3089 domorum
447 3043 594 3104 auorum,
619 3025 686 3088 nisi
709 3016 812 3106 quem

165 3129 304 3195 dilectio
327 3135 443 3196 vestra
474 3132 649 3214 receperit.

209 3237 239 3301 8.
262 3235 313 3312 At
328 3240 359 3302 si
374 3237 464 3302 forta
488 3237 679 3302 dominium
698 3257 812 3302 meum

164 3345 314 3430 aliquem
337 3365 527 3430 aggravare
559 3343 745 3426 videbitur,
776 3351 811 3408 et

164 3453 249 3518 alias
259 3455 309 3518 ire
319 3451 478 3534 voluerit,
489 3473 606 3516 secure
617 3473 695 3516 cum
705 3473 810 3518 uxore
906 3479 908 3488 ·

165 3567 201 3625 et
210 3559 291 3626 filiis
308 3565 344 3625 et
354 3559 487 3624 familia
502 3565 539 3624 et
558 3559 718 3626 omnibus
729 3563 810 3642 suis,

164 3687 367 3752 quecunque
390 3667 457 3732 sibi
481 3667 657 3752 placuerit,
681 3673 747 3732 eat.

210 3773 339 3839 9.an
369 3781 485 3838 autem
517 3781 768 3840 sacramentum
790 3796 811 3838 a

911 3777 1005 3843 soa:
1028 3775 1104 3840 Hoc
1127 3781 1244 3839 autem
1262 3781 1522 3841 sacramentum

165 3903 244 3968 rege
254 3889 289 3946 et
299 3880 343 3946 ab
356 3881 609 3966 archiepiscopo
622 3883 810 3948 Laurentio
864 3904 884 3947 a
916 3906 996 3971 rege
1029 3881 1212 3967 Stephano,
1236 3881 1378 3946 secundi
1400 3880 1522 3966 Geyse

221 4105 290 4162 ¹Ez
309 4107 386 4162 alatt
403 4123 473 4162 nem
492 4107 610 4163 erthett
628 4107 813 4182 unnepelyes
866 4109 1028 4166 ezertartts
1042 4105 1290 4165 ertendttenem
1311 4107 1384 4179 mts,
1402 4105 1530 4180 vilign-

164 4197 372 4252 korontztatte
401 4197 621 4270 Horvttorsztg
644 4215 724 4270 vagy
743 4199 813 4252 Dal·
867 4217 921 4256 san
939 4199 1063 4256 kitunik
1090 4198 1185 4268 abbel,
1209 4197 1291 4271 hegy
1309 4215 1327 4252 a
1345 4197 1466 4270 spalato
1486 4197 1525 4256 es

164 4287 278 4342 mtczia
314 4287 482 4360 kirtlytvt,
519 4287 598 4342 mint
634 4293 683 4344 azt
719 4287 812 4342 sokun
867 4289 1009 4344 Sebenico
1027 4287 1142 4344 resuere
1160 4287 1277 4342 kiadott
1301 4285 1525 4344 oklevelekben

164 4377 271 4432 hiszik.
290 4379 318 4432 A
336 4376 474 4450 kirtlyok
488 4395 521 4432 az
534 4377 669 4449 orsztgot
681 4377 812 4448 bejarva,
866 4377 1055 4435 sztrdleatra
1073 4375 1272 4450 megtaltljuk
1294 4381 1342 4431 ezt
1359 4393 1378 4429 a
1395 4375 1528 4431 monda-

163 4466 204 4521 ha
223 4466 362 4539 nagyobb
383 4467 555 4539 unnepekre
583 4466 734 4538 valamely
761 4484 812 4520 nu·
867 4471 921 4522 tet.
946 4467 1040 4538 Pedig
1068 4465 1172 4520 htrom
1191 4465 1339 4520 vtroeban
1357 4463 1428 4520 ceak
1446 4481 1526 4523 nem

163 4554 262 4628 gyobb
302 4555 427 4630 utrosba
475 4555 605 4624 mentek,
646 4554 812 4610 korontsan
867 4555 993 4610 avatttk
1011 4553 1054 4609 fel
1072 4572 1090 4609 a
1108 4571 1233 4627 magyar
1251 4554 1367 4627 kirtlyt
1386 4553 1527 4609 Horvtt-

164 4643 307 4717 fogadttk
326 4661 344 4698 a
362 4643 523 4700 hddolatot.
545 4643 635 4716 Hogy
654 4643 724 4700 csak
743 4658 776 4698 ez
795 4659 813 4698 a
867 4643 972 4716 oraztg
991 4661 1072 4716 vagy
1093 4643 1264 4699 Dalmtczia
1282 4641 1449 4715 kirtlytvt.
