3192 5214
666 591 823 685 Incipit
846 593 1057 685 prologus.

318 812 502 899 Regnante
526 819 677 878 creatore
702 820 738 878 et
762 813 933 878 salvatore
957 819 1074 878 nostro
1097 813 1235 880 domino
1259 811 1346 878 Jesu
1369 811 1511 878 Christo

211 943 300 987 anno
323 923 573 987 incarnacionis
599 923 672 986 cius
695 919 847 988 MXOII.
872 921 954 987 XII.
983 921 1130 987 Kalend.
1153 919 1178 987 J
1179 922 1261 1004 unii,
1295 921 1332 985 in
1364 921 1510 984 civitate

211 1027 358 1094 Zabolaz
391 1034 510 1094 sancta
542 1028 694 1113 synodus
732 1027 852 1093 habita
876 1035 951 1110 est,
991 1028 1184 1111 presidente
1223 1027 1511 1092 christianissimo

211 1135 432 1222 Ungarorum
464 1157 545 1220 rege
578 1135 747 1219 Ladisla0,
780 1155 858 1200 cum
890 1135 1061 1199 universis
1087 1135 1187 1220 regni
1210 1135 1264 1198 sui
1288 1132 1511 1218 pontificibus

211 1248 247 1306 et
270 1239 463 1324 abbatibus,
487 1264 550 1306 nec
573 1263 643 1306 non
664 1263 742 1306 curn
766 1242 899 1306 cunctis
932 1238 1166 1324 optimatibus,
1199 1261 1278 1304 cum
1309 1241 1511 1305 testimonio

212 1351 321 1414 totius
344 1348 427 1413 cleri
450 1355 485 1413 et
509 1348 636 1434 populi,
660 1349 698 1412 in
720 1369 787 1434 qua
817 1353 935 1414 sancta
967 1347 1098 1434 synodo
1130 1349 1290 1412 canonice
1323 1354 1359 1412 et
1391 1347 1510 1413 lauda-

211 1456 330 1524 biliter
352 1459 490 1523 decreta
512 1457 575 1522 hec
598 1459 741 1522 inventa
764 1463 854 1522 sunt.

320 1566 348 1629 1.
373 1560 426 1630 De
450 1560 605 1651 bipamis
624 1560 834 1651 presbiteris
858 1565 890 1628 et
913 1559 1136 1630 diaconibus.
1161 1564 1324 1650 Bigamos
1343 1563 1511 1648 presbite-

210 1693 265 1736 ros
289 1679 325 1738 et
348 1673 508 1738 diaconos
539 1679 574 1738 et
606 1671 791 1736 viduarum
823 1679 858 1736 et
888 1672 1145 1756 repudiatarum
1177 1673 1319 1736 maritos
1351 1671 1511 1736 iubemus

211 1783 371 1863 separari,
404 1786 439 1844 et
473 1786 610 1863 peracta
644 1781 835 1862 penitentia
858 1781 903 1845 ad
926 1781 1082 1846 ordinem
1104 1801 1205 1846 suum
1228 1781 1365 1864 reverti,
1389 1787 1424 1844 et
1447 1783 1511 1865 qui

210 1887 385 1952 noluerint
401 1885 524 1952 illicita
548 1888 709 1972 coniugia
732 1888 919 1970 dimittere,
941 1887 1130 1952 secundum
1153 1889 1316 1952 instituta
1338 1907 1511 1952 canonum

210 1993 338 2060 debent
371 1995 562 2080 degradari,
590 2002 763 2078 separatas
786 2002 903 2060 autem
926 1993 1072 2060 feminas
1096 1993 1296 2078 parentibus
1319 1995 1389 2060 suis
1413 1993 1511 2060 iube-

210 2125 286 2166 mus
318 2103 425 2186 reddi,
457 2109 492 2167 et
525 2104 605 2188 quia
638 2109 827 2167 uenerant
859 2103 1023 2188 legitime,
1055 2104 1085 2168 si
1116 2103 1291 2167 voluerint
1323 2101 1426 2167 liceat
1458 2105 1511 2168 eis

210 2213 375 2276 maritari.

316 2319 346 2382 4.
371 2314 423 2382 De
442 2333 615 2383 consensu
647 2314 895 2404 episcoporum
928 2311 1129 2382 nolentibus
1161 2313 1328 2402 separari
1359 2313 1406 2383 ab
1439 2313 1511 2380 illi-

211 2423 279 2490 ciio
296 2422 472 2512 coniuyr'o.
490 2424 528 2490 Si
543 2427 620 2510 quis
635 2431 753 2490 autem
775 2426 953 2508 episcopus
975 2431 1036 2490 aut
1059 2424 1333 2508 archiepiscopus
1348 2423 1392 2489 ab
1408 2425 1510 2490 illici-

210 2535 258 2598 tis
289 2535 460 2620 coniugiis
492 2535 643 2616 separari
675 2531 881 2616 nolentibus,
908 2540 969 2596 aut
993 2553 1194 2598 consensum
1218 2531 1423 2616 praebuerit,
1446 2543 1510 2597 aut

211 2640 392 2706 ecclesiam
415 2641 559 2723 dederit,
582 2647 643 2704 aut
665 2639 807 2732 aliquid,
834 2641 926 2725 quod
958 2641 1001 2705 sd
1034 2641 1191 2706 ordinem
1224 2641 1374 2722 pertinet
1406 2663 1509 2727 agere

212 2749 415 2834 permiserit,
438 2769 457 2812 a
482 2769 561 2834 rege
581 2755 617 2814 et
642 2749 817 2832 episcopis,
834 2747 1021 2814 secundum
1036 2749 1127 2834 quod
1145 2747 1351 2814 racionabile
1367 2749 1511 2816 videtur

212 2859 270 2939 eis,
294 2857 512 2938 diiudicetur,
536 2858 670 2920 sivero
694 2853 960 2938 archipresbiter
984 2857 1164 2940 ignorante
1197 2858 1364 2940 episcop0,
1388 2863 1423 2920 et
1447 2879 1511 2939 per

214 2964 394 3030 consilium
425 2963 519 3028 illius
543 2965 580 3027 in
602 2963 667 3028 tali
689 2963 780 3027 vicio
804 2965 1037 3046 permanserit,
1061 2963 1189 3028 iudicio
1212 2964 1363 3046 episcopi
1386 2962 1509 3027 volun-

211 3074 301 3137 tario
324 3069 524 3136 subiacebit.

321 3179 350 3242 5.
374 3173 427 3242 De
451 3175 532 3243 dole
556 3174 786 3243 ecclesiaram
811 3197 883 3244 noa
908 3173 1060 3263 expleta.
1094 3179 1295 3262 Quicunque
1328 3177 1511 3242 ecclesiam

212 3286 277 3351 deo
301 3284 525 3368 edificaverit,
556 3292 592 3350 et
623 3286 740 3351 dotem
770 3287 1010 3368 nominaverit,
1041 3288 1254 3350 nominatam
1278 3306 1347 3350 noa
1363 3286 1509 3371 dederit,

209 3395 253 3459 ad
277 3393 365 3458 illud
397 3393 607 3476 explendum
640 3396 840 3458 transmisso
873 3395 997 3457 nuncio
1031 3393 1205 3475 prevaleat
1233 3391 1423 3475 episcopale
1455 3395 1510 3459 iu-

210 3503 347 3586 dicium,
376 3503 432 3566 cui
465 3503 495 3565 si
527 3503 604 3586 qais
629 3502 885 3584 contradixerit,
909 3507 943 3564 et
973 3500 1238 3566 contradicendo
1261 3497 1509 3582 verberaverit,

209 3610 281 3691 ipse
305 3608 415 3694 regali
437 3609 565 3672 iudicio
589 3606 788 3672 subiacebit.
928 3610 934 3622 '

318 3717 346 3780 7.
371 3711 424 3780 De
448 3713 711 3780 restauratione
735 3710 981 3778 desolatarum
1015 3710 1246 3778 ecclesiaram
1278 3715 1427 3800 propter
1455 3732 1509 3780 se-

209 3810 397 3888 dicionem.
422 3823 593 3888 Ecclesiae
617 3829 757 3907 propter
780 3822 988 3888 sedicionem
1011 3822 1181 3887 desolatas
1208 3830 1270 3888 aut
1302 3822 1509 3906 combustas,

209 3935 304 3996 iussu
318 3933 411 4017 regis
429 3931 627 4014 parochiani
642 3933 838 4002 restituant.
854 3930 987 3996 Calices
1009 3931 1067 3995 vel
1082 3932 1291 3999 vestimenta
1306 3953 1349 3996 ex
1365 3939 1510 4015 sumptu

209 4041 300 4125 regis
323 4040 459 4122 dentur,
483 4038 588 4104 libros
612 4040 790 4125 episcopus
815 4039 1002 4121 provideat.
1380 4123 1382 4131 Ι

317 4147 346 4210 9.
369 4143 422 4211 De
445 4141 732 4231 nepociatoribus
756 4161 844 4229 quos
870 4141 1071 4210 ismaelitas
1089 4141 1283 4232 appellant.
1303 4145 1354 4209 De
1371 4148 1510 4231 negoci-

209 4254 364 4320 atoribus
396 4275 481 4340 quos
513 4254 675 4337 appelant
703 4252 905 4336 IsmaelitaS,
939 4255 969 4317 si
993 4260 1068 4336 post
1092 4252 1304 4336 baptismum
1326 4253 1370 4316 ad
1393 4252 1509 4338 legem

209 4382 307 4425 suam
330 4363 510 4446 antiquam
534 4362 670 4425 inventi
693 4359 825 4424 fuerint
849 4359 1067 4444 redivisses
1091 4360 1229 4425 sedibus
1254 4361 1324 4424 suis
1356 4362 1510 4443 separati

208 4471 252 4533 ad
276 4467 361 4533 alias
383 4467 486 4533 villas
510 4467 773 4550 transferantur,
796 4467 850 4531 illi
873 4488 955 4531 vero
979 4469 1040 4552 qui
1068 4465 1293 4551 inculpabiles
1327 4489 1387 4552 per
1417 4467 1508 4532 iudi·

209 4578 301 4642 cium
323 4583 565 4660 apparuerant,
589 4577 625 4638 in
650 4577 795 4658 propriis
818 4574 957 4639 sedibus
980 4583 1188 4639 remaneant.
