3182 5210
1252 320 1254 334 '
1289 339 1354 404 119

59 539 102 600 tis
125 536 302 620 largitore.
325 535 383 602 Ad
415 539 653 602 universorum
686 537 858 616 noticiam,
891 543 965 600 tam
997 539 1218 620 presencium,
1250 561 1353 624 quam

58 641 254 708 futurorum
264 643 425 708 volumus
434 645 621 727 pervenire,
631 643 723 729 quod
733 665 811 708 cum
826 641 1034 708 venerabilis
1051 651 1147 727 pater
1163 644 1353 728 Philippus,

56 750 112 814 dei
133 752 254 836 macie
278 751 463 816 Firmanus
486 753 671 836 episcopua,
695 749 880 833 apostolice
904 749 994 814 sedis
1017 749 1161 836 legatus,
1180 753 1224 817 ad
1240 773 1301 818 nos
1317 761 1354 818 et

56 879 203 941 regnum
225 865 383 922 nostrum
407 857 601 942 specialiter
624 856 668 922 ab
690 858 810 922 eadem
833 858 911 922 sede
936 867 1062 940 sancta,
1078 881 1098 922 a
1114 858 1247 924 Christi
1263 861 1353 924 scili-

55 973 109 1028 oet
132 965 266 1028 vicario
292 963 414 1028 fuisset
438 964 640 1048 destinatus,
674 966 789 1047 ipsius¹
813 962 944 1028 salubri
976 966 1133 1029 suasione
1166 973 1201 1030 et
1234 976 1351 1033 sancta

55 1072 258 1136 inductione
282 1069 573 1150 concurrentibus,
607 1069 738 1155 placuit
769 1069 917 1152 dominis
949 1069 1187 1154 Comanorum,
1220 1075 1352 1140 sufficet

54 1177 165 1260 Alpar
183 1187 220 1242 et
237 1178 341 1260 Uaur,
358 1185 393 1241 et
416 1180 540 1242 ceteris
563 1179 711 1244 dominis
735 1178 777 1241 de
800 1176 969 1260 Comanis,
993 1200 1033 1242 ao
1056 1179 1259 1262 simpliciter
1282 1205 1352 1248 om-

54 1284 157 1350 nibus
189 1284 367 1350 nobilibus
399 1286 441 1350 de
473 1285 635 1351 Comanis
667 1292 703 1350 et
735 1287 957 1349 universitati
988 1286 1181 1366 eorundem,
1214 1298 1253 1354 ut
1285 1293 1352 1374 ipsi

53 1395 169 1458 relicti
194 1395 366 1460 idolorum
389 1395 533 1476 cultura,
557 1403 593 1459 et
617 1393 839 1460 omnibusne
863 1392 1008 1477 singulis
1032 1417 1244 1480 paganorum
1276 1401 1354 1464 riti-

55 1501 116 1565 bus
141 1523 282 1585 prorsus
305 1503 463 1585 dimissis,
486 1503 531 1567 ad
563 1501 731 1568 catholice
763 1522 823 1565 seu
855 1500 1043 1564 orthodoxe
1076 1499 1158 1567 fidei
1190 1507 1351 1572 unionem

53 1617 320 1694 convertantur,
336 1631 377 1674 ao
399 1613 486 1674 sacri
512 1608 728 1693 baptismatis
752 1610 905 1673 universi
921 1617 956 1671 et
973 1609 1102 1694 singuli
1117 1613 1350 1699 cuiuscunque

53 1720 158 1780 etatis
181 1727 218 1780 et
243 1739 352 1794 sexus,
375 1719 437 1802 qui
451 1717 604 1781 nondum
620 1723 701 1780 sunt
718 1713 891 1799 baptisati,
908 1717 1076 1798 recipiant
1090 1728 1350 1803 sacramentum,

52 1835 86 1888 et
110 1833 255 1890 servent
278 1827 392 1888 omnia
415 1823 555 1890 ecclesie
588 1831 807 1904 sacramenta,
840 1830 875 1886 et
908 1845 1109 1908 quecunque
1141 1826 1208 1890 aha
1241 1828 1350 1911 docet,

53 1940 158 2009 tenet,
183 1939 220 1995 et
244 1932 397 2014 predicat
421 1931 563 1996 ecclesia
585 1931 742 1996 Romana
766 1935 990 2012 sacrosancta,
1013 1939 1049 1995 et
1071 1935 1152 2017 quia
1176 1932 1261 1999 fides
1276 1937 1349 1999 sine

51 2061 153 2122 opere
187 2047 333 2121 mortua,
365 2042 455 2104 sicut
487 2039 624 2125 legitur,
656 2045 845 2123 reputatur,
877 2059 947 2118 nos,
980 2045 1019 2102 ut
1057 2047 1230 2124 assumpte
1269 2041 1351 2107 fidei

52 2157 171 2211 sancte
196 2145 363 2230 perfectio
385 2149 476 2230 apud
499 2149 590 2231 ipsos
613 2155 649 2212 et
672 2149 709 2212 in
731 2149 814 2230 ipsis
837 2153 950 2211 sumat
973 2147 1125 2228 inicium,
1158 2161 1192 2213 et
1226 2152 1350 2233 princi·
1445 2214 1448 2219 .

53 2254 128 2334 pale
151 2257 259 2318 iaciat
283 2254 555 2338 fundamentum,
579 2276 657 2319 cum
681 2254 724 2318 ad
747 2255 850 2319 hocce
873 2254 1009 2318 eosdem
1033 2255 1191 2322 dominus
1214 2256 1350 2342 legatus

51 2363 308 2445 quodammodo
331 2370 529 2443 coarctaret,
552 2363 736 2445 recipimus
759 2369 794 2424 et
819 2363 912 2444 prius
936 2361 978 2424 de
1002 2369 1133 2444 septem
1155 2367 1349 2448 generacio-

53 2467 155 2532 nibus
194 2470 392 2534 eorumdem
424 2469 662 2550 comanorum,
696 2475 797 2551 prout
829 2476 918 2549 aunt,
952 2477 1083 2550 septem
1115 2467 1259 2552 obsides,
1282 2495 1348 2558 que

52 2597 113 2640 nos
135 2577 181 2640 ad
205 2585 342 2660 tempus
366 2575 530 2642 faciemus
553 2575 711 2657 obtineri,
735 2597 820 2661 quos
843 2575 983 2660 quidem
1015 2576 1171 2642 dominos
1203 2579 1246 2643 de
1279 2579 1348 2646 Cu-

1 2721 2 2740 1
54 2687 163 2748 manis
195 2693 232 2748 et
263 2683 396 2749 nobiles
427 2685 657 2750 Comanorurn
689 2692 724 2747 et
757 2689 866 2746 totam
898 2690 1038 2767 gentem
1070 2685 1276 2768 eorumdem,
1309 2689 1347 2752 in

54 2813 157 2876 regno
181 2801 300 2856 nostro
324 2793 538 2872 existentem,
571 2811 632 2854 noa
665 2789 809 2854 solemni
840 2797 875 2854 et
908 2787 1045 2872 publica
1078 2796 1346 2878 congregacione

1 2939 2 2962 1
54 2903 88 2963 in
111 2923 218 2985 regno
242 2907 359 2964 nostro
382 2898 484 2982 faeta,
507 2907 543 2963 et
576 2899 738 2984 diligenti
770 2896 1018 2962 deliberacione
1051 2920 1129 2962 cum
1162 2898 1347 2966 baronibus

52 3023 88 3071 et
110 3006 286 3074 nobilibus
309 3011 408 3092 regni
431 3011 540 3072 nostri
563 3006 682 3072 habita
702 3007 905 3070 descendere
922 3005 1074 3088 fecimus,
1091 3007 1192 3071 modo
1208 3031 1247 3072 ac
1264 3009 1347 3073 locis

54 3116 293 3198 infrascriptis.

1 3219 3 3311 ὲ
158 3223 187 3286 l.
212 3221 386 3286 Videlicet
409 3243 428 3284 a
453 3223 553 3286 modo
577 3221 785 3285 descendent
809 3228 844 3284 et
867 3219 1028 3282 recedent
1060 3243 1079 3282 a
1114 3219 1346 3286 tabernaculis

1 3418 2 3422 Ἰ
51 3333 119 3394 suis
142 3340 180 3394 et
203 3328 364 3394 domibus
387 3327 536 3413 filtrinis,
559 3337 595 3394 et
618 3327 827 3393 habitabunt
850 3350 889 3390 ao
922 3326 1148 3392 morabuntur
1180 3331 1218 3392 in
1250 3327 1350 3394 villis

52 3459 140 3502 more
165 3437 454 3518 Christianorum,
473 3439 515 3502 in
538 3435 659 3502 edibus
682 3443 718 3499 et
741 3433 898 3499 domibus
923 3434 993 3498 solo
1017 3433 1103 3498 fixis,

1 3625 2 3630 ἵ
157 3547 187 3610 2.
212 3545 335 3610 Preter
356 3543 570 3609 abrasionem
593 3539 777 3610 barbarum
792 3553 827 3606 et
845 3541 1118 3605 abreviecionem
1135 3542 1344 3626 capillorum,

50 3667 86 3714 et
106 3651 269 3717 habitum
292 3653 446 3716 vestium,
466 3652 672 3732 eorumdem,
697 3673 797 3734 super
820 3649 945 3733 quibus
968 3650 1105 3713 eosdem
1129 3658 1243 3733 preter
1258 3653 1345 3734 ipso

50 3781 125 3824 rum
146 3758 368 3824 voluntatem
391 3757 597 3822 venerabilis
621 3765 718 3840 pater
751 3759 908 3822 dominus
941 3756 1084 3841 legatus,
1116 3757 1159 3821 ad
1192 3765 1345 3822 nostram

1 3907 2 3912 κ
49 3866 212 3931 devotam
236 3867 452 3946 instanciam,
475 3865 619 3930 lenitate
643 3873 783 3948 paterne
809 3867 947 3948 pietatis
981 3863 1262 3946 condescendens,
1294 3867 1350 3928 111-1

48 3976 139 4038 11101
163 3996 236 4038 11011
260 3975 383 4058 coegit,
407 3973 465 4036 sed
489 3975 524 4036 in
549 3973 626 4040 eliis
650 3995 684 4036 se
718 3971 871 4036 moribus
904 3972 1179 4036 Christianorum
1212 3970 1344 4035 confor-

47 4081 201 4145 mabunt.

155 4188 185 4252 3.
209 4187 259 4251 Et
283 4186 374 4272 quod
398 4187 435 4249 in
459 4208 564 4270 regno
588 4194 622 4250 et
648 4187 748 4248 terris
771 4187 898 4248 nostris
930 4183 973 4247 ab
1007 4182 1165 4247 ornuibus
1197 4185 1343 4248 insolen-

44 4298 112 4360 ciis
132 4305 167 4359 et
190 4294 330 4359 insidiis
354 4291 529 4375 faciendis
552 4315 591 4356 ac
614 4291 854 4356 interfectione
871 4292 1155 4370 Christianorum,
1170 4313 1209 4354 ac
1226 4313 1344 4356 eorum

44 4405 214 4486 sanguine
239 4401 457 4483 effundendo,
481 4400 659 4466 retrahent
684 4401 819 4481 penitus
844 4420 963 4462 manus
988 4420 1072 4460 suas.

154 4512 184 4574 4.
217 4509 266 4580 Et
300 4515 339 4572 ut
371 4517 471 4572 antea
504 4507 600 4572 nullo
633 4529 784 4591 unquam
818 4515 969 4588 tempore
1003 4504 1140 4586 facient,
1173 4527 1234 4568 nec
1267 4504 1344 4569 fieri

43 4619 251 4702 permittent
276 4615 474 4686 huiusmodi
490 4636 549 4696 per
566 4635 644 4678 suos
662 4611 807 4676 famulos
824 4621 858 4674 et
875 4609 1054 4692 subiectos,
1071 4620 1106 4674 et
1123 4614 1341 4692 utpremissa

1182 4732 1234 4786 12*
