3124 5216
492 602 545 670 De
570 601 837 686 insurrectione,
864 606 896 668 ct
921 599 1202 668 Contribuiionc.

306 747 481 813 Articulus
504 750 535 816 8.
559 747 845 832 Quandoquidem
868 745 1019 828 Nobiles,
1043 754 1078 810 et
1101 767 1218 811 omnes
1241 746 1302 829 illi,
1326 767 1414 831 quos
1431 744 1496 810 aub

197 855 472 918 nomenclatione
488 854 552 919 hac
570 851 815 940 (cujuscunque
832 855 902 918 sint
918 853 1077 937 Honoris,
1093 853 1295 938 Dignitacis,
1311 861 1347 920 et
1364 852 1496 936 Statue,

196 961 380 1041 Personae)
412 963 450 1025 in
480 961 635 1046 Ungaria
668 961 741 1024 Lex
773 959 1022 1043 complectitur,
1056 981 1115 1044 pro
1146 959 1261 1044 Regni
1294 957 1497 1024 defensione

197 1069 364 1151 militare;
388 1070 539 1154 adeoque
564 1068 788 1153 personaliter
806 1069 991 1152 insurgere,
1008 1089 1136 1152 suaque
1152 1071 1342 1152 respective
1358 1067 1497 1134 Bande-

196 1181 247 1242 ria
272 1178 465 1262 producere,
489 1182 524 1241 et
547 1183 719 1260 praestare
742 1181 933 1246 teneantur.

306 1282 334 1368 ξ.
360 1287 387 1349 1.
410 1285 452 1350 Id
477 1283 579 1350 Sacra
595 1285 768 1366 Caesarea,
784 1283 963 1368 Regiaque
979 1279 1152 1366 Majestas,
1167 1285 1301 1368 quoties
1317 1304 1499 1347 necessum

199 1415 270 1456 esse
291 1389 510 1475 judicaverit,
534 1391 578 1456 ad
602 1390 880 1456 conformitatem
903 1390 1069 1456 hactenus
1085 1393 1295 1456 sancitorum
1310 1390 1499 1474 superinde

198 1501 323 1584 legum,
347 1499 468 1564 amodo
492 1502 715 1582 imposterum
739 1519 873 1583 quoque
897 1497 1098 1580 desiderare,
1121 1503 1156 1562 et
1188 1499 1324 1582 exigere
1358 1499 1500 1580 poterit.

306 1603 333 1690 ξ.
357 1607 387 1670 2.
410 1606 498 1684 Quia
521 1613 639 1684 tamen
663 1627 819 1689 peream
843 1604 958 1689 solam,
982 1603 1264 1690 Regnumhocce
1281 1603 1500 1670 sufficienter

198 1713 337 1778 defendi
362 1715 526 1799 nequiret,
550 1713 703 1797 adeoque
725 1711 882 1794 validior,
915 1720 950 1775 et
982 1712 1155 1797 Regulata
1187 1711 1327 1796 Militia,
1350 1719 1433 1776 tum
1458 1736 1500 1776 ex

198 1821 345 1902 Nativis,
378 1829 454 1885 tum
486 1819 649 1884 Externis
682 1825 849 1902 constans,
883 1841 943 1902 pro
976 1821 1068 1884 omni
1102 1826 1229 1884 eventu
1253 1820 1500 1884 intertenenda

198 1930 342 2010 veniret,
360 1949 462 2012 quam
479 1929 552 1990 sine
576 1926 757 2010 stipendiis
780 1923 981 2006 subsistere;
1004 1927 1088 1990 haec
1113 1948 1195 1990 vero
1220 1928 1294 1990 sine
1319 1925 1502 1990 contribu-

199 2037 292 2099 tione
315 2036 503 2118 comparari
527 2055 595 2098 non
619 2053 724 2117 posse,
747 2032 984 2097 indubitatum
1008 2042 1113 2115 esset;
1137 2033 1229 2098 Hinc
1254 2031 1502 2114 subsidiorum,

199 2149 234 2206 et
257 2139 562 2206 Contributionum
586 2147 727 2204 eatenus
742 2142 1008 2204 necessariorum
1024 2143 1177 2224 materia,
1192 2139 1399 2206 Diaetaliter
1417 2123 1504 2226 (quo

199 2248 338 2312 aliunde
361 2257 513 2331 spectare
537 2246 764 2332 dignoscitur)
789 2269 865 2310 cum
890 2246 1046 2312 Statibus
1070 2247 1291 2314 deliberanda
1314 2251 1390 2313 erit.

308 2352 336 2439 §.
361 2356 389 2418 3.
412 2353 483 2420 Ubi
506 2375 588 2419 vero
612 2353 904 2418 extraordinarius
932 2356 1090 2438 inopinae
1123 2357 1327 2439 irruptionis
1357 2355 1505 2420 hostilis

200 2461 307 2526 (lasus
339 2464 533 2544 emerserit,
565 2469 626 2526 aut
658 2463 756 2544 varii,
789 2469 823 2526 et
856 2463 1035 2546 improvisi
1067 2461 1246 2546 flagrantis
1278 2463 1369 2527 Belli
1397 2467 1505 2547 ratio,

200 2570 410 2634 ordinariam
432 2571 482 2633 rei
506 2575 578 2632 tarn
601 2569 727 2632 arduae
751 2569 950 2633 tractandae
974 2569 1186 2654 Methodum,
1210 2579 1245 2635 et
1265 2568 1410 2635 formam
1431 2595 1505 2636 non

201 2677 419 2758 admitteret;
444 2698 505 2760 pro
529 2673 698 2760 ejusmodi
721 2673 864 2756 casibus,
888 2675 993 2739 iidem
1017 2676 1146 2760 Status,
1170 2685 1205 2742 et
1238 2677 1394 2760 Ordines,
1429 2700 1506 2743 non

201 2783 310 2849 solum
326 2782 528 2865 consultum,
544 2789 598 2847 ast
614 2788 650 2845 et
666 2782 892 2845 necessarium
909 2803 980 2844 esse
997 2789 1210 2866 statuerunt;
1234 2783 1284 2850 Ut
1307 2783 1507 2866 Palatinus

201 2899 236 2956 et
260 2892 393 2956 Primae
416 2891 540 2974 Regni,
563 2892 647 2954 item
664 2888 824 2971 Praelati,
840 2889 1000 2972 Berones,
1017 2888 1149 2954 Tabula
1166 2889 1191 2956 J
1192 2890 1359 2960 udiciaria
1374 2891 1506 2976 Regia,

201 3000 470 3083 Comitatusque,
502 3005 538 3062 et
569 2998 709 3082 Regiae,
741 3017 780 3060 ac
812 2995 956 3060 Liberae
989 2995 1168 3080 Civitates,
1199 2999 1441 3084 inquantum,
1468 3009 1505 3064 et

200 3129 268 3192 quo
292 3105 516 3190 frequentiori
540 3126 682 3170 numero
704 3104 779 3167 fieri
804 3106 939 3187 poterit,
962 3105 1063 3186 intra,
1087 3111 1122 3168 et
1137 3125 1207 3168 non
1221 3112 1319 3169 extra
1335 3107 1504 3191 Regnum

201 3219 440 3279 convocentur.

310 3319 338 3406 ξ.
370 3324 401 3386 4.
433 3321 508 3404 Qui,
541 3321 679 3405 cognita
712 3317 910 3404 hujusmodi
948 3321 1107 3402 inopinae
1140 3322 1354 3386 necessitatis
1387 3343 1504 3404 eausa,

202 3453 308 3516 eaque
333 3431 375 3494 ad
400 3429 598 3512 utilitatem,
623 3437 658 3492 et
682 3429 919 3492 necessitatem
938 3427 1061 3510 Regni,
1078 3449 1139 3512 pro
1156 3427 1353 3510 sufficienti,
1369 3431 1504 3512 agnita,

202 3517 237 3602 et
261 3529 465 3618 adinventa;
490 3539 526 3598 in
550 3542 678 3619 puncto
696 3531 894 3617 hujusmodi
911 3533 1187 3600 Contributionis
1204 3535 1252 3616 (et
1267 3557 1337 3600 non
1351 3535 1503 3600 aliorum

201 3645 317 3730 Regni
339 3641 570 3728 negotiorum)
595 3639 784 3706 deliberare
808 3649 843 3704 et
867 3641 1046 3705 decernere
1071 3643 1211 3726 possint.

204 3833 345 3906 Caroli
366 3835 441 3905 VI.
464 3833 569 3925 Imp.
593 3833 646 3903 Et
669 3834 769 3924 Reg.
797 3832 880 3902 ΠΙ.
913 3833 1137 3904 Decretum
1170 3833 1228 3904 11.
1253 3834 1369 3904 Anni
1393 3834 1503 3906 1723.

202 3978 274 4046 Pro
309 3978 558 4047 Rcoisionibus
599 3977 903 4068 Appellatiouum‚
938 3999 1046 4068 penes
1086 3979 1283 4064 Dominum
1325 3977 1503 4047 Comitem

203 4087 414 4155 Palatinum
438 4107 509 4176 quo
538 4085 648 4153 simul
681 4086 788 4153 etium
824 4085 1118 4154 locumtenentcm
1149 4085 1324 4176 Repium;
1356 4087 1504 4156 ludices

707 4193 995 4262 denominantur.

312 4332 487 4397 Articulus
510 4334 563 4398 24.
587 4331 743 4417 Benigne
767 4332 924 4396 admittit
947 4353 1007 4395 sua
1023 4332 1070 4396 M.
1087 4331 1119 4396 S.
1135 4339 1175 4397 ut
1198 4334 1236 4397 in
1259 4331 1505 4398 conformitate

203 4441 342 4505 articuli
368 4443 420 4506 24.
446 4441 541 4508 1715.
567 4448 702 4525 praeter
734 4440 974 4524 Septemviros,
1007 4441 1050 4505 ad
1084 4439 1299 4524 suprafatum
1327 4437 1506 4524 judicium

204 4549 354 4632 Regium
393 4548 651 4632 Septemvirale,
690 4546 753 4612 sub
787 4547 955 4630 praesidio
988 4549 1103 4632 Regni
1137 4547 1297 4630 Palatini,
1329 4553 1365 4611 et
1397 4547 1507 4611 simul

204 4656 486 4720 Locumtenentis
509 4657 622 4740 Regii,
646 4655 707 4718 alii
730 4653 843 4719 adhue
867 4661 952 4737 octo,
977 4656 1044 4719 duo
1077 4655 1216 4738 quidem
1249 4676 1291 4718 ex
1322 4655 1506 4735 PraelatiS,
