3142 5214
1304 379 1370 445 665

71 582 180 643 sarios
204 601 294 662 nsua,
317 583 496 663 utriusque
521 582 628 662 partis
652 579 801 643 subditis
826 581 1014 643 communis
1031 582 1094 643 sit:
1118 578 1369 643 Germanorum

71 687 328 771 eorundemque
360 686 579 751 subditorum
611 685 758 750 navibus
791 688 956 750 onerariis
989 709 1007 749 e
1041 685 1298 750 Transsilvania
1333 689 1370 750 in

71 793 274 858 Danubium
298 795 390 860 ultro
414 797 567 878 citroque
587 814 776 858 commeare
796 793 917 874 liceat;
941 793 1091 858 subditis
1108 814 1189 857 vero
1206 792 1368 857 Valachis

71 900 314 964 navicularum
338 904 598 984 piscatoriarum
630 901 844 986 aliarumque
869 900 1079 986 cymbarum,
1112 901 1240 986 absque
1264 904 1370 984 impe-

70 1008 230 1071 dimento
254 1029 335 1071 usus
364 1011 594 1091 permittitur:
630 1030 734 1072 naves
768 1016 885 1074 tamen
916 1009 1185 1073 molendinariae
1217 1011 1255 1072 in
1286 1007 1369 1071 locis

71 1115 360 1180 convenientibus
393 1115 454 1180 ubi
487 1117 703 1200 navigationi
734 1123 962 1180 mercatorum
986 1115 1103 1180 obesse
1126 1137 1195 1180 non
1220 1123 1369 1199 possunt,

70 1223 249 1286 communi
258 1221 537 1307 gubernatorum,
554 1225 590 1286 in
607 1221 762 1287 confiniis
775 1224 1008 1305 existentium,
1025 1243 1191 1287 consensu
1206 1222 1370 1286 collocen-

70 1337 157 1392 tur.
175 1379 181 1392 .
198 1379 205 1392 .
228 1327 304 1394 Art.
320 1329 365 1394 H.
382 1329 414 1392 A
431 1330 512 1413 lonc,
529 1330 589 1395 ubi
606 1329 750 1394 Timock
766 1332 802 1394 in
817 1330 1016 1395 Danubium
1033 1329 1157 1412 influit,
1174 1333 1311 1394 circiter
1328 1330 1371 1392 10

71 1433 176 1498 horas
200 1456 335 1498 sursum
357 1438 537 1521 utriusque
561 1438 697 1519 imperii
721 1435 908 1500 confinium
931 1439 1179 1501 constituatur:
1202 1435 1370 1520 Isperlek-

71 1541 186 1605 Bania
211 1564 288 1606 cum
311 1545 382 1606 suis
406 1546 557 1628 antiquis
576 1542 842 1608 territoriis'sub
860 1541 1096 1626 Ottomanico;
1119 1545 1272 1608 Ressova
1288 1565 1370 1606 vero

69 1649 141 1714 sub
173 1651 564 1733 Romano-imperatorio
600 1652 752 1716 dominio
786 1650 1065 1735 permanentibus
1098 1657 1133 1715 et
1166 1651 1246 1715 inde
1280 1653 1371 1714 inter

71 1764 209 1821 montes
242 1779 361 1822 versus
401 1757 571 1821 Parachin
604 1767 785 1843 pergatur;
824 1761 874 1824 ita
908 1764 957 1840 ut,
996 1758 1169 1823 Parachin
1200 1759 1371 1822 Romano-

71 1867 271 1948 Caesareae,
295 1872 329 1930 et
353 1867 468 1931 Rosna
494 1864 732 1929 Ottomanicae
756 1865 882 1928 ditioni
905 1865 1044 1947 relictis,
1077 1868 1169 1929 inter
1191 1868 1370 1948 utriusque

72 1975 230 2039 medium
257 1997 316 2057 per
339 1993 529 2058 congruum
552 1974 658 2035 situm
692 1975 882 2058 progressio
916 1971 977 2036 fiat
1009 1975 1047 2036 in
1078 1973 1223 2037 Istolaz:
1255 1981 1291 2037 et
1321 1971 1371 2036 ibi

71 2082 286 2146 transeundo
320 2103 380 2164 per
418 2102 559 2163 parvam
590 2080 777 2164 Moravam,
816 2083 913 2144 iuxta
946 2083 1140 2146 citeriorem
1179 2085 1289 2165 ripam
1327 2081 1369 2144 ad

72 2188 265 2271 Schachak,
298 2195 334 2253 et
366 2191 459 2253 inter
491 2186 670 2251 Schachak
701 2195 736 2251 et
760 2187 919 2252 Bilanam
951 2211 1011 2271 per
1033 2195 1161 2254 terram
1183 2190 1227 2253 ad
1251 2189 1370 2254 Bedka

74 2296 300 2380 procedatur:
339 2294 419 2360 inde
452 2293 621 2358 flectendo
660 2296 749 2358 circa
782 2297 996 2360 territorium
1033 2296 1240 2361 Zookolense
1274 2304 1372 2362 eatur

72 2403 236 2467 Belinam
260 2402 303 2466 ad
329 2404 440 2486 ripam
456 2401 585 2465 Drinae
601 2399 701 2466 fluvii
716 2404 829 2466 sitam.
853 2402 1033 2488 Belgrad0,
1050 2424 1109 2466 seu
1125 2399 1215 2467 Alba
1232 2401 1371 2484 Graeca,

75 2509 258 2590 Parachin,
282 2509 418 2593 Istolaz,
443 2508 630 2593 Schachak,
663 2510 783 2575 Bedka
816 2517 851 2575 et
876 2511 997 2576 Belina
1022 2531 1100 2574 cum
1123 2512 1276 2595 antiquis
1301 2512 1370 2573 suis

74 2621 263 2682 territoriis
287 2627 421 2704 august.
445 2619 543 2682 Rom.
568 2620 775 2702 imperatori,
801 2641 879 2683 cum
901 2641 920 2684 a
944 2641 1005 2682 sua
1022 2615 1202 2700 majestate
1221 2638 1371 2700 possessa

72 2728 167 2807 sint;
198 2725 324 2790 Zoclrol
347 2747 428 2790 vero
453 2733 487 2790 et
511 2727 636 2809 Rasna,
660 2749 738 2791 cum
770 2729 840 2791 suis
873 2730 978 2792 etiam
1011 2727 1163 2809 antiquis
1187 2727 1371 2789 territoriis

74 2836 221 2916 imperio
261 2832 504 2898 Ottomannico
538 2834 836 2918 permanentibus:
869 2834 1014 2899 Timock
1045 2832 1152 2898 fluvio
1191 2857 1269 2898 cum
1301 2836 1371 2897 suis

76 2940 327 3024 emolumentis,
361 2943 539 3026 utriusque
568 2941 699 3005 subditi
733 2944 961 3005 communiter
983 2942 1165 3027 gaudeant.
1198 2940 1274 3005 Art.
1307 2941 1371 3006 III.

76 3045 167 3110 Cum
199 3067 218 3109 a
251 3046 359 3110 Drina
388 3046 494 3111 fluvio
527 3069 634 3132 usque
667 3049 711 3112 ad
745 3047 883 3113 Urinam
917 3050 953 3111 in
987 3054 1132 3133 utraque
1165 3051 1239 3132 ripa
1273 3046 1371 3112 fluvii

76 3153 161 3218 Savi
185 3157 281 3238 sitae,
314 3157 387 3218 sive
415 3163 562 3238 apertae,
595 3157 667 3220 sive
700 3155 854 3219 occlusae
887 3177 980 3219 arces
1014 3162 1048 3219 et
1083 3155 1248 3239 palankae
1272 3157 1370 3221 Rom.

77 3263 296 3344 imperatoris
328 3262 439 3326 milite
473 3263 626 3325 munitae
659 3265 747 3343 sint,
787 3284 864 3325 curn
898 3264 1050 3346 antiquis
1083 3265 1153 3326 suis
1178 3265 1371 3345 territoriis,

77 3371 177 3432 iuxta
201 3367 466 3434 fundamentum
491 3373 591 3453 pacis,
616 3371 652 3432 in
675 3369 804 3433 eisdem
828 3369 860 3433 S.
886 3369 922 3433 Ο.
948 3370 1146 3454 Regiaeque
1181 3366 1371 3451 majestatis

78 3481 250 3558 potestate
284 3483 522 3558 permanent0;
554 3498 658 3560 quare
688 3478 793 3540 stiam
826 3479 961 3561 integer
992 3475 1118 3538 fluvius
1151 3475 1260 3539 Savus
1294 3497 1371 3540 cum

76 3587 149 3648 suis
173 3587 266 3668 ripis,
289 3584 333 3648 ad
357 3585 499 3649 eandem
524 3586 681 3668 pertinet.
705 3582 781 3648 Art.
805 3584 865 3648 IV.
888 3581 921 3646 A
938 3584 1020 3667 loco,
1044 3582 1105 3647 ubi
1120 3582 1245 3647 fluvius
1270 3583 1371 3649 Unna

78 3694 115 3754 in
139 3690 268 3756 Savum
292 3691 414 3775 influit,
438 3691 611 3776 usquead
636 3693 850 3754 territorium
873 3693 1009 3775 antiqui
1033 3690 1134 3773 Novi,
1157 3691 1248 3774 quod
1274 3698 1371 3773 porta

77 3799 321 3864 Ottomannica
335 3800 494 3882 possidet,
510 3801 548 3862 in
564 3801 637 3880 ripa
654 3798 814 3862 orientali
830 3797 916 3861 dicti
932 3796 1032 3861 fluvii
1048 3801 1154 3861 situm
1171 3798 1195 3862 J
1196 3798 1371 3861 essenoviz

1 3937 2 3976 3
77 3913 113 3968 et
146 3905 286 3988 chiza,
319 3929 381 3970 nec
413 3927 481 3970 non
515 3906 647 3990 aliquot
688 3913 799 3969 turres
842 3913 876 3970 et
919 3907 1049 3970 insulae
1084 3929 1162 3970 cum
1202 3906 1371 3989 praesidio

1 3997 2 4018 ¹
78 4014 334 4078 Romano-caes.
359 4014 452 4098 regio
477 4015 623 4076 insessae
647 4014 726 4094 sint,
751 4015 848 4076 iuxta
874 4011 1138 4077 fundamentum
1162 4015 1262 4095 pecie,
1294 4033 1372 4075 cum

77 4123 231 4205 antiquis
242 4124 311 4184 suis
331 4123 523 4201 territoriis
540 4143 563 4184 a.
581 4143 604 4183 s.
623 4121 664 4184 R.
683 4119 718 4184 O.
735 4121 933 4206 Regiaeque
950 4117 1124 4202 majestati
1142 4127 1371 4202 permanente.

1 4259 2 4262 ¹
77 4229 155 4292 Art.
172 4229 212 4294 V.
228 4228 537 4308 Quemadmodum
553 4228 752 4292 Novi-Novi
769 4229 952 4310 territoria,
976 4230 1013 4290 in
1029 4227 1234 4291 occidentali
1250 4227 1371 4292 Unnae

1 4417 2 4426 ἵ
78 4340 154 4420 ripa
187 4360 228 4401 ex
263 4345 357 4421 parte
391 4336 549 4400 Oroatiae
583 4337 659 4418 sita,
683 4357 769 4418 quae
794 4343 869 4398 tum
893 4335 935 4398 ad
960 4357 1036 4419 aug.
1060 4336 1101 4398 R.
1126 4335 1371 4416 Imperatorem

79 4443 308 4527 pertinebant,
332 4450 407 4527 post
430 4449 619 4507 tractatum
644 4442 933 4506 Carlovioiensem
966 4449 1105 4526 propter
1128 4442 1252 4524 aliqua,
1285 4463 1371 4525 quae

78 4559 233 4634 tempore
265 4553 491 4634 separationis
524 4550 677 4614 limitum
711 4560 830 4614 exorta
862 4557 952 4633 sunt,
992 4549 1135 4613 dissidia
1171 4555 1205 4612 et
1239 4555 1372 4611 contro-

78 4663 218 4743 versiae,
242 4660 425 4738 destructa,
449 4659 512 4722 hoc
536 4660 673 4721 nornine
699 4667 893 4741 nuncupata
920 4657 1081 4738 Palanka,
1107 4657 1250 4738 imperio
1275 4653 1372 4718 Otto-
