3124 5216
1258 399 1323 464 775

36 605 221 678 externum,
254 605 461 660 nontamen
485 599 521 660 in
556 599 699 680 privat0,
723 593 782 660 ubi
812 604 946 679 praeter
978 600 1177 681 strepitosos
1209 599 1323 681 quivis

34 705 93 768 alii
125 702 274 768 Labores
298 705 415 787 peragi
449 710 618 786 poterunt,
642 703 685 766 ad
719 703 900 767 evitandas
934 703 1088 786 publicas
1120 702 1323 767 offensiones

35 812 256 896 Augustanae
279 820 314 875 et
338 810 540 876 Helveticae
565 809 781 875 Confessioni
804 810 936 875 addicti
969 810 1199 876 observandas
1221 809 1324 874 habe-

37 919 129 996 bunt,
162 940 201 982 eo
232 919 360 1001 addit0,
392 926 433 983 ut
465 919 622 983 Dominis
655 917 897 1002 TerrestribuS,
930 922 1129 1004 cunctisque
1161 916 1324 982 Patribus

35 1027 207 1106 Familias,
231 1023 294 1089 sub
317 1027 451 1089 actione
475 1023 583 1088 fiscali
607 1025 831 1089 interdictum
854 1027 909 1105 sit,
932 1023 1088 1089 subditos
1111 1047 1150 1088 ac
1183 1026 1325 1088 servito-

33 1157 87 1198 res
111 1154 197 1212 suoS,
221 1154 279 1196 seu
303 1131 506 1214 Catholicae,
531 1153 590 1195 seu
614 1131 849 1216 EvangelicoS,
873 1130 916 1195 ab
946 1129 1184 1196 observatione
1207 1131 1325 1198 Festo-

33 1264 118 1324 rum,
143 1243 261 1324 suique
285 1243 373 1304 ritus
396 1261 435 1303 ac
459 1240 652 1304 devotionis
676 1239 850 1322 impedire.

257 1449 440 1518 Articulus
463 1449 517 1520 27.
542 1449 594 1518 De
619 1449 745 1518 Graeci
767 1451 859 1518 ritus
883 1471 953 1518 non
980 1450 1100 1518 unius.

142 1612 208 1678 Sua
224 1614 335 1697 Regia
345 1611 544 1696 Apostolioa
554 1610 717 1696 Majestas
727 1612 963 1680 Sacratissima
983 1615 1167 1679 clementer
1176 1635 1324 1677 annuere

31 1722 206 1806 dignatur,
238 1731 277 1786 ut
310 1722 433 1786 Graeci
465 1721 570 1785 Ritus
602 1743 671 1785 non
710 1725 801 1786 uniti
833 1723 947 1806 Regni
975 1723 1111 1787 Incolae
1143 1725 1180 1786 in
1203 1721 1324 1805 Regno

31 1829 96 1892 hoc
117 1825 194 1911 jure
228 1827 391 1893 Civitatis
410 1829 536 1911 donati,
557 1827 701 1893 sublatis
718 1832 754 1893 iu
770 1832 980 1894 contrarium
1004 1832 1144 1894 sancitis
1166 1827 1325 1912 Legibus

32 1940 69 2000 in
101 1943 269 2020 quantum
300 1934 364 1998 hae
396 1935 439 1998 ad
473 1935 596 1999 Graeci
628 1935 732 2000 Ritus
764 1957 833 1999 non
865 1939 980 2000 unitos
1013 1959 1047 2000 se
1081 1935 1243 2019 referunt,
1281 1935 1325 1998 ad

31 2044 144 2106 instar
176 2041 322 2106 aliorum
349 2042 617 2126 Regnicolarum
650 2043 944 2128 acquirendorum,
977 2050 1012 2106 et
1045 2042 1326 2126 possidendorum

31 2148 208 2232 bonorum,
232 2171 271 2212 ac
303 2149 531 2232 gerendorum
563 2151 717 2214 omnium
739 2147 939 2234 officiorum,
973 2172 1112 2234 capaces
1135 2152 1173 2213 in
1204 2149 1325 2232 Regno

31 2257 233 2340 Hungariae
257 2255 487 2341 Partibusque
509 2257 651 2320 adnexis
674 2259 753 2322 sint.

142 2362 286 2428 Juribus
318 2367 537 2448 caeteroquin
569 2364 698 2448 Regiae
722 2361 916 2447 Majestatis
940 2367 1029 2429 circa
1053 2368 1192 2449 negotia
1225 2362 1326 2445 Cleri,

30 2471 214 2555 Ecclesiae,
238 2471 441 2556 Religionis
475 2470 572 2555 cujus
605 2475 809 2537 exercitium
833 2473 931 2556 plene
955 2475 1038 2557 ipsis
1071 2473 1218 2538 liberum
1251 2475 1326 2554 erit,

28 2579 300 2662 Fundationum,
325 2579 534 2661 Studiorum,
557 2602 596 2644 ac
620 2579 825 2645 Juventutis
858 2581 1078 2664 educationis,
1113 2603 1182 2645 non
1214 2583 1327 2644 minus

29 2685 299 2769 Privilegiorum
331 2689 490 2770 ipsorum,
523 2709 610 2771 quae
641 2687 908 2752 Fundamentali
940 2688 1055 2771 Regni
1088 2688 1327 2752 constitutioni

27 2815 102 2858 non
124 2793 359 2878 adversantur,
383 2803 484 2877 prout
507 2791 669 2876 Majestas
701 2784 936 2859 sacratissima
959 2817 979 2858 a
1011 2795 1177 2878 gloriosae
1201 2794 1328 2858 Memo-

28 2904 103 2965 riae
128 2898 317 2983 Majoribus
341 2903 411 2964 suis
434 2905 574 2984 accepit,
599 2905 648 2966 ita
672 2903 783 2966 eidem
807 2901 970 2966 altefatae
999 2903 1128 2987 Regiae
1152 2898 1327 2984 Majestati

30 3029 134 3091 porro
158 3030 290 3093 quoque
314 3011 350 3072 in
374 3009 468 3073 salvo
492 3009 629 3072 relictis.
