<?xml version="1.0" encoding="UTF-8"?>
<!DOCTYPE html PUBLIC "-//W3C//DTD XHTML 1.0 Transitional//EN"
    "http://www.w3.org/TR/xhtml1/DTD/xhtml1-transitional.dtd">
<html xmlns="http://www.w3.org/1999/xhtml" xml:lang="en" lang="en">
 <head>
  <title>
</title>
<meta http-equiv="Content-Type" content="text/html;charset=utf-8" />
  <meta name='ocr-system' content='tesseract 3.04.00' />
  <meta name='ocr-capabilities' content='ocr_page ocr_carea ocr_par ocr_line ocrx_word'/>
</head>
<body>
  <div class='ocr_page' id='page_1' title='image "./enchiridionfont00marcgoog_0422.png"; bbox 0 0 3138 5212; ppageno 0'>
   <div class='ocr_carea' id='block_1_1' title="bbox 205 325 274 388">
    <p class='ocr_par' dir='ltr' id='par_1_1' title="bbox 205 325 274 388">
     <span class='ocr_line' id='line_1_1' title="bbox 205 325 274 388; baseline 0 0"><span class='ocrx_word' id='word_1_1' title='bbox 205 325 274 388; x_wconf 88' lang='lat'><strong>400</strong></span> 
     </span>
    </p>
   </div>
   <div class='ocr_carea' id='block_1_2' title="bbox 205 519 1567 4681">
    <p class='ocr_par' dir='ltr' id='par_1_2' title="bbox 207 519 1497 693">
     <span class='ocr_line' id='line_1_2' title="bbox 207 519 1497 606; baseline -0.003 -19"><span class='ocrx_word' id='word_1_2' title='bbox 207 525 410 606; x_wconf 81' lang='lat' dir='ltr'><strong>positionem</strong></span> <span class='ocrx_word' id='word_1_3' title='bbox 442 522 529 586; x_wconf 89' lang='lat' dir='ltr'><strong>dicti</strong></span> <span class='ocrx_word' id='word_1_4' title='bbox 561 521 623 586; x_wconf 91' lang='lat' dir='ltr'><strong>dni</strong></span> <span class='ocrx_word' id='word_1_5' title='bbox 645 521 762 606; x_wconf 87' lang='lat' dir='ltr'><strong>Regis,</strong></span> <span class='ocrx_word' id='word_1_6' title='bbox 785 524 858 586; x_wconf 89' lang='lat' dir='ltr'><strong>sive</strong></span> <span class='ocrx_word' id='word_1_7' title='bbox 882 523 920 585; x_wconf 93' lang='lat' dir='ltr'><strong>in</strong></span> <span class='ocrx_word' id='word_1_8' title='bbox 942 523 1017 584; x_wconf 87' lang='lat' dir='ltr'><strong>vite</strong></span> <span class='ocrx_word' id='word_1_9' title='bbox 1041 522 1114 585; x_wconf 85' lang='lat' dir='ltr'><strong>sive</strong></span> <span class='ocrx_word' id='word_1_10' title='bbox 1138 523 1176 584; x_wconf 91' lang='lat' dir='ltr'><strong>in</strong></span> <span class='ocrx_word' id='word_1_11' title='bbox 1198 523 1319 586; x_wconf 89' lang='lat' dir='ltr'><strong>mortis</strong></span> <span class='ocrx_word' id='word_1_12' title='bbox 1341 519 1497 602; x_wconf 87' lang='lat' dir='ltr'><strong>articulo,</strong></span> 
     </span>
     <span class='ocr_line' id='line_1_3' title="bbox 207 629 599 693; baseline -0.003 -1"><span class='ocrx_word' id='word_1_13' title='bbox 207 629 314 693; x_wconf 90' lang='lat' dir='ltr'><strong>libera</strong></span> <span class='ocrx_word' id='word_1_14' title='bbox 337 631 370 693; x_wconf 90' lang='lat' dir='ltr'><strong>ei</strong></span> <span class='ocrx_word' id='word_1_15' title='bbox 393 637 599 693; x_wconf 71' lang='lat' dir='ltr'><strong>remanente.</strong></span> 
     </span>
    </p>

    <p class='ocr_par' dir='ltr' id='par_1_3' title="bbox 205 734 1567 2000">
     <span class='ocr_line' id='line_1_4' title="bbox 315 734 1499 822; baseline -0.002 -22"><span class='ocrx_word' id='word_1_16' title='bbox 315 737 366 801; x_wconf 83' lang='lat'><strong>15.</strong></span> <span class='ocrx_word' id='word_1_17' title='bbox 389 735 479 800; x_wconf 89' lang='lat' dir='ltr'><strong>Item</strong></span> <span class='ocrx_word' id='word_1_18' title='bbox 502 736 594 822; x_wconf 93' lang='lat' dir='ltr'><strong>quod</strong></span> <span class='ocrx_word' id='word_1_19' title='bbox 617 743 815 800; x_wconf 76' lang='lat' dir='ltr'><strong>remanente</strong></span> <span class='ocrx_word' id='word_1_20' title='bbox 839 741 916 818; x_wconf 93' lang='lat' dir='ltr'><strong>post</strong></span> <span class='ocrx_word' id='word_1_21' title='bbox 948 742 1094 798; x_wconf 88' lang='lat' dir='ltr'><strong>mortem</strong></span> <span class='ocrx_word' id='word_1_22' title='bbox 1126 734 1279 798; x_wconf 89' lang='lat' dir='ltr'><strong>eiusdem</strong></span> <span class='ocrx_word' id='word_1_23' title='bbox 1301 734 1409 818; x_wconf 80' lang='lat' dir='ltr'><strong>Regis</strong></span> <span class='ocrx_word' id='word_1_24' title='bbox 1439 734 1499 799; x_wconf 90' lang='lat' dir='ltr'><strong>Jo-</strong></span> 
     </span>
     <span class='ocr_line' id='line_1_5' title="bbox 206 840 1498 928; baseline -0.002 -20"><span class='ocrx_word' id='word_1_25' title='bbox 206 845 330 908; x_wconf 90' lang='lat' dir='ltr'><strong>hannis</strong></span> <span class='ocrx_word' id='word_1_26' title='bbox 352 843 490 928; x_wconf 88' lang='lat' dir='ltr'><strong>Regina</strong></span> <span class='ocrx_word' id='word_1_27' title='bbox 524 849 679 908; x_wconf 74' lang='lat' dir='ltr'><strong>consorte</strong></span> <span class='ocrx_word' id='word_1_28' title='bbox 712 864 773 906; x_wconf 90' lang='lat' dir='ltr'><strong>sua</strong></span> <span class='ocrx_word' id='word_1_29' title='bbox 805 844 992 926; x_wconf 74' lang='lat' dir='ltr'><strong>superstite</strong></span> <span class='ocrx_word' id='word_1_30' title='bbox 1024 840 1152 925; x_wconf 90' lang='lat' dir='ltr'><strong>absque</strong></span> <span class='ocrx_word' id='word_1_31' title='bbox 1186 841 1311 924; x_wconf 91' lang='lat' dir='ltr'><strong>liberis,</strong></span> <span class='ocrx_word' id='word_1_32' title='bbox 1343 863 1382 906; x_wconf 88' lang='lat' dir='ltr'><strong>eo</strong></span> <span class='ocrx_word' id='word_1_33' title='bbox 1414 848 1498 906; x_wconf 90' lang='lat' dir='ltr'><strong>tunc</strong></span> 
     </span>
     <span class='ocr_line' id='line_1_6' title="bbox 207 949 1498 1033; baseline -0.003 -17"><span class='ocrx_word' id='word_1_34' title='bbox 207 953 338 1017; x_wconf 88' lang='lat' dir='ltr'><strong>directa</strong></span> <span class='ocrx_word' id='word_1_35' title='bbox 361 951 528 1015; x_wconf 80' lang='lat' dir='ltr'><strong>medietas</strong></span> <span class='ocrx_word' id='word_1_36' title='bbox 551 951 750 1033; x_wconf 75' lang='lat' dir='ltr'><strong>patrimonii</strong></span> <span class='ocrx_word' id='word_1_37' title='bbox 766 952 829 1032; x_wconf 85' lang='lat' dir='ltr'><strong>sui,</strong></span> <span class='ocrx_word' id='word_1_38' title='bbox 845 972 884 1014; x_wconf 90' lang='lat' dir='ltr'><strong>ea</strong></span> <span class='ocrx_word' id='word_1_39' title='bbox 907 949 1080 1029; x_wconf 91' lang='lat' dir='ltr'><strong>videlicet,</strong></span> <span class='ocrx_word' id='word_1_40' title='bbox 1095 970 1182 1032; x_wconf 88' lang='lat' dir='ltr'><strong>qnae</strong></span> <span class='ocrx_word' id='word_1_41' title='bbox 1200 951 1238 1014; x_wconf 92' lang='lat' dir='ltr'><strong>in</strong></span> <span class='ocrx_word' id='word_1_42' title='bbox 1261 961 1388 1014; x_wconf 87' lang='lat' dir='ltr'><strong>sortem</strong></span> <span class='ocrx_word' id='word_1_43' title='bbox 1403 949 1498 1014; x_wconf 84' lang='lat' dir='ltr'><strong>Caes.</strong></span> 
     </span>
     <span class='ocr_line' id='line_1_7' title="bbox 205 1055 1499 1142; baseline -0.006 -16"><span class='ocrx_word' id='word_1_44' title='bbox 205 1055 301 1126; x_wconf 59' lang='lat' dir='ltr'><strong>Mam</strong></span> <span class='ocrx_word' id='word_1_45' title='bbox 324 1059 443 1123; x_wconf 89' lang='lat' dir='ltr'><strong>cedere</strong></span> <span class='ocrx_word' id='word_1_46' title='bbox 466 1057 616 1140; x_wconf 86' lang='lat' dir='ltr'><strong>debebit,</strong></span> <span class='ocrx_word' id='word_1_47' title='bbox 641 1065 821 1122; x_wconf 86' lang='lat' dir='ltr'><strong>censeatur</strong></span> <span class='ocrx_word' id='word_1_48' title='bbox 847 1058 959 1122; x_wconf 92' lang='lat' dir='ltr'><strong>eidem</strong></span> <span class='ocrx_word' id='word_1_49' title='bbox 982 1057 1069 1122; x_wconf 86' lang='lat' dir='ltr'><strong>dnae</strong></span> <span class='ocrx_word' id='word_1_50' title='bbox 1092 1057 1248 1142; x_wconf 83' lang='lat' dir='ltr'><strong>Reginae</strong></span> <span class='ocrx_word' id='word_1_51' title='bbox 1273 1059 1321 1120; x_wconf 89' lang='lat' dir='ltr'><strong>ita</strong></span> <span class='ocrx_word' id='word_1_52' title='bbox 1344 1056 1499 1140; x_wconf 77' lang='lat' dir='ltr'><strong>obligata</strong></span> 
     </span>
     <span class='ocr_line' id='line_1_8' title="bbox 207 1163 1500 1250; baseline -0.002 -21"><span class='ocrx_word' id='word_1_53' title='bbox 207 1174 240 1230; x_wconf 91' lang='lat' dir='ltr'><strong>et</strong></span> <span class='ocrx_word' id='word_1_54' title='bbox 266 1167 431 1248; x_wconf 82' lang='lat' dir='ltr'><strong>inscripta</strong></span> <span class='ocrx_word' id='word_1_55' title='bbox 455 1186 535 1246; x_wconf 89' lang='lat' dir='ltr'><strong>esse,</strong></span> <span class='ocrx_word' id='word_1_56' title='bbox 558 1173 599 1228; x_wconf 92' lang='lat' dir='ltr'><strong>ut</strong></span> <span class='ocrx_word' id='word_1_57' title='bbox 622 1185 797 1250; x_wconf 89' lang='lat' dir='ltr'><strong>quousque</strong></span> <span class='ocrx_word' id='word_1_58' title='bbox 816 1166 891 1248; x_wconf 88' lang='lat' dir='ltr'><strong>ipsa</strong></span> <span class='ocrx_word' id='word_1_59' title='bbox 909 1165 951 1228; x_wconf 87' lang='lat' dir='ltr'><strong>ed</strong></span> <span class='ocrx_word' id='word_1_60' title='bbox 972 1163 1121 1228; x_wconf 89' lang='lat' dir='ltr'><strong>secunda</strong></span> <span class='ocrx_word' id='word_1_61' title='bbox 1134 1172 1215 1227; x_wconf 89' lang='lat' dir='ltr'><strong>vota</strong></span> <span class='ocrx_word' id='word_1_62' title='bbox 1239 1185 1273 1226; x_wconf 80' lang='lat' dir='ltr'><strong>se</strong></span> <span class='ocrx_word' id='word_1_63' title='bbox 1297 1184 1364 1227; x_wconf 91' lang='lat' dir='ltr'><strong>non</strong></span> <span class='ocrx_word' id='word_1_64' title='bbox 1388 1171 1500 1226; x_wconf 88' lang='lat' dir='ltr'><strong>trans-</strong></span> 
     </span>
     <span class='ocr_line' id='line_1_9' title="bbox 209 1267 1567 1360; baseline -0.002 -24"><span class='ocrx_word' id='word_1_65' title='bbox 209 1273 340 1354; x_wconf 89' lang='lat' dir='ltr'><strong>tulerit,</strong></span> <span class='ocrx_word' id='word_1_66' title='bbox 373 1271 544 1355; x_wconf 89' lang='lat' dir='ltr'><strong>possideat</strong></span> <span class='ocrx_word' id='word_1_67' title='bbox 576 1272 719 1336; x_wconf 88' lang='lat' dir='ltr'><strong>eandem</strong></span> <span class='ocrx_word' id='word_1_68' title='bbox 743 1272 973 1350; x_wconf 88' lang='lat' dir='ltr'><strong>medietatem,</strong></span> <span class='ocrx_word' id='word_1_69' title='bbox 993 1293 1071 1335; x_wconf 92' lang='lat' dir='ltr'><strong>oum</strong></span> <span class='ocrx_word' id='word_1_70' title='bbox 1094 1273 1248 1336; x_wconf 91' lang='lat' dir='ltr'><strong>omnium</strong></span> <span class='ocrx_word' id='word_1_71' title='bbox 1271 1267 1449 1334; x_wconf 86' lang='lat' dir='ltr'><strong>fructuum</strong></span> <span class='ocrx_word' id='word_1_72' title='bbox 1464 1278 1500 1334; x_wconf 92' lang='lat' dir='ltr'><strong>et</strong></span> <span class='ocrx_word' id='word_1_73' title='bbox 1565 1307 1567 1360; x_wconf 65' lang='lat'>3</span> 
     </span>
     <span class='ocr_line' id='line_1_10' title="bbox 207 1377 1567 1465; baseline -0.004 -20"><span class='ocrx_word' id='word_1_74' title='bbox 207 1382 403 1446; x_wconf 88' lang='lat' dir='ltr'><strong>utilitatum</strong></span> <span class='ocrx_word' id='word_1_75' title='bbox 442 1382 666 1463; x_wconf 79' lang='lat' dir='ltr'><strong>perceptione,</strong></span> <span class='ocrx_word' id='word_1_76' title='bbox 699 1387 925 1465; x_wconf 83' lang='lat' dir='ltr'><strong>teneaturque</strong></span> <span class='ocrx_word' id='word_1_77' title='bbox 957 1377 1057 1444; x_wconf 74' lang='lat' dir='ltr'><strong>lllat⁸s</strong></span> <span class='ocrx_word' id='word_1_78' title='bbox 1089 1379 1254 1444; x_wconf 82' lang='lat' dir='ltr'><strong>Caesarea</strong></span> <span class='ocrx_word' id='word_1_79' title='bbox 1288 1381 1325 1442; x_wconf 92' lang='lat' dir='ltr'><strong>in</strong></span> <span class='ocrx_word' id='word_1_80' title='bbox 1355 1399 1394 1441; x_wconf 94' lang='lat' dir='ltr'><strong>eo</strong></span> <span class='ocrx_word' id='word_1_81' title='bbox 1418 1399 1502 1441; x_wconf 88' lang='lat' dir='ltr'><strong>casu</strong></span> <span class='ocrx_word' id='word_1_82' title='bbox 1566 1397 1567 1400; x_wconf 69' lang='grc'>’</span> 
     </span>
     <span class='ocr_line' id='line_1_11' title="bbox 210 1485 1502 1571; baseline -0.003 -20"><span class='ocrx_word' id='word_1_83' title='bbox 210 1487 369 1552; x_wconf 89' lang='lat' dir='ltr'><strong>manibus</strong></span> <span class='ocrx_word' id='word_1_84' title='bbox 392 1489 462 1550; x_wconf 88' lang='lat' dir='ltr'><strong>suis</strong></span> <span class='ocrx_word' id='word_1_85' title='bbox 486 1486 582 1550; x_wconf 87' lang='lat' dir='ltr'><strong>illam</strong></span> <span class='ocrx_word' id='word_1_86' title='bbox 605 1487 827 1551; x_wconf 89' lang='lat' dir='ltr'><strong>medietatem</strong></span> <span class='ocrx_word' id='word_1_87' title='bbox 858 1489 1042 1571; x_wconf 89' lang='lat' dir='ltr'><strong>assignare.</strong></span> <span class='ocrx_word' id='word_1_88' title='bbox 1074 1487 1169 1564; x_wconf 78' lang='lat' dir='ltr'><strong>Quae</strong></span> <span class='ocrx_word' id='word_1_89' title='bbox 1191 1485 1331 1571; x_wconf 90' lang='lat' dir='ltr'><strong>quidem</strong></span> <span class='ocrx_word' id='word_1_90' title='bbox 1353 1485 1502 1569; x_wconf 88' lang='lat' dir='ltr'><strong>Regina,</strong></span> 
     </span>
     <span class='ocr_line' id='line_1_12' title="bbox 208 1592 1501 1677; baseline -0.004 -17"><span class='ocrx_word' id='word_1_91' title='bbox 208 1595 268 1660; x_wconf 93' lang='lat' dir='ltr'><strong>ubi</strong></span> <span class='ocrx_word' id='word_1_92' title='bbox 290 1595 334 1660; x_wconf 90' lang='lat' dir='ltr'><strong>ad</strong></span> <span class='ocrx_word' id='word_1_93' title='bbox 359 1595 523 1658; x_wconf 88' lang='lat' dir='ltr'><strong>secundas</strong></span> <span class='ocrx_word' id='word_1_94' title='bbox 547 1597 685 1676; x_wconf 91' lang='lat' dir='ltr'><strong>nuptias</strong></span> <span class='ocrx_word' id='word_1_95' title='bbox 709 1617 744 1658; x_wconf 93' lang='lat' dir='ltr'><strong>se</strong></span> <span class='ocrx_word' id='word_1_96' title='bbox 768 1594 962 1676; x_wconf 89' lang='lat' dir='ltr'><strong>contulerit,</strong></span> <span class='ocrx_word' id='word_1_97' title='bbox 995 1594 1160 1677; x_wconf 88' lang='lat' dir='ltr'><strong>deposito,</strong></span> <span class='ocrx_word' id='word_1_98' title='bbox 1183 1592 1360 1676; x_wconf 91' lang='lat' dir='ltr'><strong>solutoque</strong></span> <span class='ocrx_word' id='word_1_99' title='bbox 1384 1595 1417 1656; x_wconf 89' lang='lat' dir='ltr'><strong>ei</strong></span> <span class='ocrx_word' id='word_1_100' title='bbox 1441 1592 1501 1655; x_wconf 94' lang='lat' dir='ltr'><strong>do-</strong></span> 
     </span>
     <span class='ocr_line' id='line_1_13' title="bbox 208 1699 1500 1794; baseline -0.004 -28"><span class='ocrx_word' id='word_1_101' title='bbox 208 1703 321 1766; x_wconf 79' lang='lat' dir='ltr'><strong>talitio</strong></span> <span class='ocrx_word' id='word_1_102' title='bbox 345 1723 415 1783; x_wconf 88' lang='lat' dir='ltr'><strong>sue,</strong></span> <span class='ocrx_word' id='word_1_103' title='bbox 438 1709 576 1794; x_wconf 87' lang='lat' dir='ltr'><strong>centum</strong></span> <span class='ocrx_word' id='word_1_104' title='bbox 599 1723 658 1764; x_wconf 83' lang='lat' dir='ltr'><strong>sex</strong></span> <span class='ocrx_word' id='word_1_105' title='bbox 682 1701 835 1766; x_wconf 90' lang='lat' dir='ltr'><strong>millibus</strong></span> <span class='ocrx_word' id='word_1_106' title='bbox 867 1700 1004 1766; x_wconf 88' lang='lat' dir='ltr'><strong>florenis</strong></span> <span class='ocrx_word' id='word_1_107' title='bbox 1036 1699 1316 1787; x_wconf 82' lang='lat' dir='ltr'><strong>hungaricalibus</strong></span> <span class='ocrx_word' id='word_1_108' title='bbox 1348 1701 1384 1762; x_wconf 92' lang='lat' dir='ltr'><strong>in</strong></span> <span class='ocrx_word' id='word_1_109' title='bbox 1407 1720 1500 1781; x_wconf 88' lang='lat' dir='ltr'><strong>auro,</strong></span> 
     </span>
     <span class='ocr_line' id='line_1_14' title="bbox 208 1802 1499 1892; baseline 0.001 -22"><span class='ocrx_word' id='word_1_110' title='bbox 208 1817 369 1872; x_wconf 89' lang='lat' dir='ltr'><strong>teneatur</strong></span> <span class='ocrx_word' id='word_1_111' title='bbox 390 1807 574 1871; x_wconf 83' lang='lat' dir='ltr'><strong>Caesareae</strong></span> <span class='ocrx_word' id='word_1_112' title='bbox 607 1802 688 1871; x_wconf 76' lang='lat' dir='ltr'><strong>Illati</strong></span> <span class='ocrx_word' id='word_1_113' title='bbox 712 1807 770 1870; x_wconf 87' lang='lat' dir='ltr'><strong>vel</strong></span> <span class='ocrx_word' id='word_1_114' title='bbox 793 1806 875 1872; x_wconf 90' lang='lat' dir='ltr'><strong>filiis</strong></span> <span class='ocrx_word' id='word_1_115' title='bbox 898 1815 933 1871; x_wconf 90' lang='lat' dir='ltr'><strong>et</strong></span> <span class='ocrx_word' id='word_1_116' title='bbox 956 1807 1140 1872; x_wconf 88' lang='lat' dir='ltr'><strong>heredibus</strong></span> <span class='ocrx_word' id='word_1_117' title='bbox 1163 1812 1236 1874; x_wconf 87' lang='lat' dir='ltr'><strong>eius</strong></span> <span class='ocrx_word' id='word_1_118' title='bbox 1259 1809 1393 1892; x_wconf 87' lang='lat' dir='ltr'><strong>Regina</strong></span> <span class='ocrx_word' id='word_1_119' title='bbox 1426 1811 1499 1892; x_wconf 90' lang='lat' dir='ltr'><strong>ipsa</strong></span> 
     </span>
     <span class='ocr_line' id='line_1_15' title="bbox 208 1913 1262 2000; baseline -0.001 -21"><span class='ocrx_word' id='word_1_120' title='bbox 208 1915 430 1979; x_wconf 86' lang='lat' dir='ltr'><strong>medietatem</strong></span> <span class='ocrx_word' id='word_1_121' title='bbox 453 1917 562 1996; x_wconf 86' lang='lat' dir='ltr'><strong>ipsam</strong></span> <span class='ocrx_word' id='word_1_122' title='bbox 586 1913 725 1996; x_wconf 89' lang='lat' dir='ltr'><strong>pacifice</strong></span> <span class='ocrx_word' id='word_1_123' title='bbox 750 1916 925 1978; x_wconf 83' lang='lat' dir='ltr'><strong>remittere</strong></span> <span class='ocrx_word' id='word_1_124' title='bbox 953 1926 1056 2000; x_wconf 91' lang='lat' dir='ltr'><strong>atque</strong></span> <span class='ocrx_word' id='word_1_125' title='bbox 1081 1919 1262 2000; x_wconf 83' lang='lat' dir='ltr'><strong>resignare.</strong></span> 
     </span>
    </p>

    <p class='ocr_par' dir='ltr' id='par_1_4' title="bbox 208 2021 1500 2410">
     <span class='ocr_line' id='line_1_16' title="bbox 317 2021 1499 2106; baseline 0.002 -21"><span class='ocrx_word' id='word_1_126' title='bbox 317 2022 368 2086; x_wconf 84' lang='lat'><strong>16.</strong></span> <span class='ocrx_word' id='word_1_127' title='bbox 391 2021 482 2085; x_wconf 90' lang='lat' dir='ltr'><strong>Item</strong></span> <span class='ocrx_word' id='word_1_128' title='bbox 505 2021 567 2085; x_wconf 93' lang='lat' dir='ltr'><strong>ubi</strong></span> <span class='ocrx_word' id='word_1_129' title='bbox 590 2045 692 2104; x_wconf 89' lang='lat' dir='ltr'><strong>super</strong></span> <span class='ocrx_word' id='word_1_130' title='bbox 723 2022 920 2086; x_wconf 89' lang='lat' dir='ltr'><strong>huiusmodi</strong></span> <span class='ocrx_word' id='word_1_131' title='bbox 953 2023 1033 2086; x_wconf 89' lang='lat' dir='ltr'><strong>dote</strong></span> <span class='ocrx_word' id='word_1_132' title='bbox 1066 2045 1126 2086; x_wconf 90' lang='lat' dir='ltr'><strong>seu</strong></span> <span class='ocrx_word' id='word_1_133' title='bbox 1158 2023 1317 2088; x_wconf 89' lang='lat' dir='ltr'><strong>dotalitio</strong></span> <span class='ocrx_word' id='word_1_134' title='bbox 1341 2045 1401 2087; x_wconf 90' lang='lat' dir='ltr'><strong>sua</strong></span> <span class='ocrx_word' id='word_1_135' title='bbox 1425 2027 1499 2106; x_wconf 90' lang='lat' dir='ltr'><strong>ipsa</strong></span> 
     </span>
     <span class='ocr_line' id='line_1_17' title="bbox 208 2127 1500 2213; baseline -0.002 -17"><span class='ocrx_word' id='word_1_136' title='bbox 208 2134 358 2212; x_wconf 86' lang='lat' dir='ltr'><strong>vivente,</strong></span> <span class='ocrx_word' id='word_1_137' title='bbox 382 2127 573 2194; x_wconf 84' lang='lat' dir='ltr'><strong>satisfactio</strong></span> <span class='ocrx_word' id='word_1_138' title='bbox 611 2132 764 2213; x_wconf 87' lang='lat' dir='ltr'><strong>impensa</strong></span> <span class='ocrx_word' id='word_1_139' title='bbox 804 2151 873 2194; x_wconf 93' lang='lat' dir='ltr'><strong>non</strong></span> <span class='ocrx_word' id='word_1_140' title='bbox 905 2129 1020 2212; x_wconf 85' lang='lat' dir='ltr'><strong>fuerit,</strong></span> <span class='ocrx_word' id='word_1_141' title='bbox 1053 2153 1094 2193; x_wconf 83' lang='lat' dir='ltr'><strong>ex</strong></span> <span class='ocrx_word' id='word_1_142' title='bbox 1127 2139 1210 2194; x_wconf 92' lang='lat' dir='ltr'><strong>tunc</strong></span> <span class='ocrx_word' id='word_1_143' title='bbox 1233 2134 1270 2196; x_wconf 91' lang='lat' dir='ltr'><strong>in</strong></span> <span class='ocrx_word' id='word_1_144' title='bbox 1293 2138 1500 2196; x_wconf 86' lang='lat' dir='ltr'><strong>testamento</strong></span> 
     </span>
     <span class='ocr_line' id='line_1_18' title="bbox 208 2235 1500 2322; baseline 0 -21"><span class='ocrx_word' id='word_1_145' title='bbox 208 2259 342 2322; x_wconf 91' lang='lat' dir='ltr'><strong>quoque</strong></span> <span class='ocrx_word' id='word_1_146' title='bbox 375 2257 435 2300; x_wconf 92' lang='lat' dir='ltr'><strong>suo</strong></span> <span class='ocrx_word' id='word_1_147' title='bbox 467 2235 611 2300; x_wconf 89' lang='lat' dir='ltr'><strong>liberem</strong></span> <span class='ocrx_word' id='word_1_148' title='bbox 644 2237 686 2300; x_wconf 91' lang='lat' dir='ltr'><strong>de</strong></span> <span class='ocrx_word' id='word_1_149' title='bbox 719 2259 758 2300; x_wconf 93' lang='lat' dir='ltr'><strong>eo</strong></span> <span class='ocrx_word' id='word_1_150' title='bbox 791 2237 926 2318; x_wconf 87' lang='lat' dir='ltr'><strong>hebeat,</strong></span> <span class='ocrx_word' id='word_1_151' title='bbox 966 2245 1067 2320; x_wconf 91' lang='lat' dir='ltr'><strong>prout</strong></span> <span class='ocrx_word' id='word_1_152' title='bbox 1106 2237 1264 2320; x_wconf 78' lang='lat' dir='ltr'><strong>&#39;voluerit</strong></span> <span class='ocrx_word' id='word_1_153' title='bbox 1296 2238 1500 2322; x_wconf 88' lang='lat' dir='ltr'><strong>disponendi</strong></span> 
     </span>
     <span class='ocr_line' id='line_1_19' title="bbox 208 2349 458 2410; baseline -0.008 0"><span class='ocrx_word' id='word_1_154' title='bbox 208 2349 458 2410; x_wconf 86' lang='lat' dir='ltr'><strong>auctoritatem.</strong></span> 
     </span>
    </p>

    <p class='ocr_par' dir='ltr' id='par_1_5' title="bbox 209 2452 1502 2966">
     <span class='ocr_line' id='line_1_20' title="bbox 318 2452 1499 2536; baseline 0 -20"><span class='ocrx_word' id='word_1_155' title='bbox 318 2453 368 2516; x_wconf 78' lang='lat'><strong>17.</strong></span> <span class='ocrx_word' id='word_1_156' title='bbox 392 2452 481 2516; x_wconf 89' lang='lat' dir='ltr'><strong>Item</strong></span> <span class='ocrx_word' id='word_1_157' title='bbox 514 2457 543 2517; x_wconf 93' lang='lat' dir='ltr'><strong>si</strong></span> <span class='ocrx_word' id='word_1_158' title='bbox 576 2453 691 2517; x_wconf 59' lang='lat' dir='ltr'><strong>sermm</strong></span> <span class='ocrx_word' id='word_1_159' title='bbox 724 2454 801 2517; x_wconf 85' lang='lat' dir='ltr'><strong>Rex</strong></span> <span class='ocrx_word' id='word_1_160' title='bbox 832 2454 1009 2520; x_wconf 84' lang='lat' dir='ltr'><strong>Johannes</strong></span> <span class='ocrx_word' id='word_1_161' title='bbox 1041 2454 1129 2518; x_wconf 87' lang='lat' dir='ltr'><strong>filias</strong></span> <span class='ocrx_word' id='word_1_162' title='bbox 1157 2453 1326 2536; x_wconf 88' lang='lat' dir='ltr'><strong>hebuerit,</strong></span> <span class='ocrx_word' id='word_1_163' title='bbox 1349 2453 1420 2516; x_wconf 88' lang='lat' dir='ltr'><strong>Nos</strong></span> <span class='ocrx_word' id='word_1_164' title='bbox 1443 2452 1499 2516; x_wconf 86' lang='lat' dir='ltr'><strong>vel</strong></span> 
     </span>
     <span class='ocr_line' id='line_1_21' title="bbox 209 2559 1501 2642; baseline -0.001 -18"><span class='ocrx_word' id='word_1_165' title='bbox 209 2559 301 2624; x_wconf 87' lang='lat' dir='ltr'><strong>filius</strong></span> <span class='ocrx_word' id='word_1_166' title='bbox 324 2569 448 2642; x_wconf 87' lang='lat' dir='ltr'><strong>noster,</strong></span> <span class='ocrx_word' id='word_1_167' title='bbox 482 2583 653 2624; x_wconf 84' lang='lat' dir='ltr'><strong>successor</strong></span> <span class='ocrx_word' id='word_1_168' title='bbox 691 2561 854 2624; x_wconf 88' lang='lat' dir='ltr'><strong>videlicet</strong></span> <span class='ocrx_word' id='word_1_169' title='bbox 892 2568 1010 2624; x_wconf 88' lang='lat' dir='ltr'><strong>noster</strong></span> <span class='ocrx_word' id='word_1_170' title='bbox 1042 2571 1076 2625; x_wconf 91' lang='lat' dir='ltr'><strong>et</strong></span> <span class='ocrx_word' id='word_1_171' title='bbox 1109 2561 1251 2626; x_wconf 89' lang='lat' dir='ltr'><strong>heredes</strong></span> <span class='ocrx_word' id='word_1_172' title='bbox 1275 2563 1384 2624; x_wconf 87' lang='lat' dir='ltr'><strong>nostri</strong></span> <span class='ocrx_word' id='word_1_173' title='bbox 1406 2568 1501 2623; x_wconf 89' lang='lat' dir='ltr'><strong>tene-</strong></span> 
     </span>
     <span class='ocr_line' id='line_1_22' title="bbox 209 2668 1502 2753; baseline 0.002 -23"><span class='ocrx_word' id='word_1_174' title='bbox 209 2675 313 2730; x_wconf 89' lang='lat' dir='ltr'><strong>antur</strong></span> <span class='ocrx_word' id='word_1_175' title='bbox 336 2676 411 2750; x_wconf 91' lang='lat' dir='ltr'><strong>post</strong></span> <span class='ocrx_word' id='word_1_176' title='bbox 444 2675 589 2732; x_wconf 90' lang='lat' dir='ltr'><strong>mortem</strong></span> <span class='ocrx_word' id='word_1_177' title='bbox 627 2671 734 2751; x_wconf 91' lang='lat' dir='ltr'><strong>ipsius</strong></span> <span class='ocrx_word' id='word_1_178' title='bbox 774 2669 835 2732; x_wconf 92' lang='lat' dir='ltr'><strong>dni</strong></span> <span class='ocrx_word' id='word_1_179' title='bbox 868 2668 975 2753; x_wconf 89' lang='lat' dir='ltr'><strong>Regis</strong></span> <span class='ocrx_word' id='word_1_180' title='bbox 1007 2668 1187 2752; x_wconf 81' lang='lat' dir='ltr'><strong>Johannis,</strong></span> <span class='ocrx_word' id='word_1_181' title='bbox 1220 2671 1249 2732; x_wconf 94' lang='lat' dir='ltr'><strong>si</strong></span> <span class='ocrx_word' id='word_1_182' title='bbox 1281 2671 1420 2731; x_wconf 89' lang='lat' dir='ltr'><strong>interim</strong></span> <span class='ocrx_word' id='word_1_183' title='bbox 1444 2689 1502 2732; x_wconf 91' lang='lat' dir='ltr'><strong>eas</strong></span> 
     </span>
     <span class='ocr_line' id='line_1_23' title="bbox 210 2773 1501 2859; baseline 0 -21"><span class='ocrx_word' id='word_1_184' title='bbox 210 2777 427 2838; x_wconf 87' lang='lat' dir='ltr'><strong>matrimonio</strong></span> <span class='ocrx_word' id='word_1_185' title='bbox 460 2797 528 2838; x_wconf 92' lang='lat' dir='ltr'><strong>non</strong></span> <span class='ocrx_word' id='word_1_186' title='bbox 561 2775 736 2856; x_wconf 84' lang='lat' dir='ltr'><strong>locaverit,</strong></span> <span class='ocrx_word' id='word_1_187' title='bbox 768 2776 929 2839; x_wconf 87' lang='lat' dir='ltr'><strong>decenter</strong></span> <span class='ocrx_word' id='word_1_188' title='bbox 961 2783 996 2838; x_wconf 91' lang='lat' dir='ltr'><strong>et</strong></span> <span class='ocrx_word' id='word_1_189' title='bbox 1028 2777 1179 2851; x_wconf 87' lang='lat' dir='ltr'><strong>honeste,</strong></span> <span class='ocrx_word' id='word_1_190' title='bbox 1211 2785 1387 2859; x_wconf 87' lang='lat' dir='ltr'><strong>tamquam</strong></span> <span class='ocrx_word' id='word_1_191' title='bbox 1409 2773 1501 2838; x_wconf 89' lang='lat' dir='ltr'><strong>filies</strong></span> 
     </span>
     <span class='ocr_line' id='line_1_24' title="bbox 209 2881 801 2966; baseline 0.003 -21"><span class='ocrx_word' id='word_1_192' title='bbox 209 2881 316 2965; x_wconf 88' lang='lat' dir='ltr'><strong>Regis</strong></span> <span class='ocrx_word' id='word_1_193' title='bbox 340 2881 539 2966; x_wconf 88' lang='lat' dir='ltr'><strong>Hungariae</strong></span> <span class='ocrx_word' id='word_1_194' title='bbox 563 2885 687 2965; x_wconf 91' lang='lat' dir='ltr'><strong>nuptui</strong></span> <span class='ocrx_word' id='word_1_195' title='bbox 711 2883 801 2947; x_wconf 88' lang='lat' dir='ltr'><strong>dare.</strong></span> 
     </span>
    </p>

    <p class='ocr_par' dir='ltr' id='par_1_6' title="bbox 209 2987 1503 3608">
     <span class='ocr_line' id='line_1_25' title="bbox 319 2987 1503 3072; baseline 0.002 -22"><span class='ocrx_word' id='word_1_196' title='bbox 319 2988 369 3050; x_wconf 84' lang='lat'><strong>18.</strong></span> <span class='ocrx_word' id='word_1_197' title='bbox 393 2987 482 3052; x_wconf 91' lang='lat' dir='ltr'><strong>Item</strong></span> <span class='ocrx_word' id='word_1_198' title='bbox 516 2989 577 3053; x_wconf 90' lang='lat' dir='ltr'><strong>ubi</strong></span> <span class='ocrx_word' id='word_1_199' title='bbox 607 2991 650 3053; x_wconf 88' lang='lat' dir='ltr'><strong>ad</strong></span> <span class='ocrx_word' id='word_1_200' title='bbox 690 2993 917 3054; x_wconf 88' lang='lat' dir='ltr'><strong>sucessionem</strong></span> <span class='ocrx_word' id='word_1_201' title='bbox 956 2992 1176 3072; x_wconf 84' lang='lat' dir='ltr'><strong>praemissam</strong></span> <span class='ocrx_word' id='word_1_202' title='bbox 1209 2999 1353 3054; x_wconf 89' lang='lat' dir='ltr'><strong>ventum</strong></span> <span class='ocrx_word' id='word_1_203' title='bbox 1385 2987 1503 3068; x_wconf 87' lang='lat' dir='ltr'><strong>fuerit,</strong></span> 
     </span>
     <span class='ocr_line' id='line_1_26' title="bbox 209 3097 1503 3182; baseline 0.001 -23"><span class='ocrx_word' id='word_1_204' title='bbox 209 3104 393 3180; x_wconf 88' lang='lat' dir='ltr'><strong>antequam</strong></span> <span class='ocrx_word' id='word_1_205' title='bbox 416 3097 487 3160; x_wconf 86' lang='lat' dir='ltr'><strong>Nos</strong></span> <span class='ocrx_word' id='word_1_206' title='bbox 511 3098 567 3160; x_wconf 87' lang='lat' dir='ltr'><strong>vel</strong></span> <span class='ocrx_word' id='word_1_207' title='bbox 590 3097 681 3162; x_wconf 91' lang='lat' dir='ltr'><strong>filius</strong></span> <span class='ocrx_word' id='word_1_208' title='bbox 704 3107 765 3163; x_wconf 90' lang='lat' dir='ltr'><strong>aut</strong></span> <span class='ocrx_word' id='word_1_209' title='bbox 795 3099 935 3162; x_wconf 89' lang='lat' dir='ltr'><strong>heredes</strong></span> <span class='ocrx_word' id='word_1_210' title='bbox 959 3099 1094 3178; x_wconf 85' lang='lat' dir='ltr'><strong>(nostri)</strong></span> <span class='ocrx_word' id='word_1_211' title='bbox 1120 3099 1267 3182; x_wconf 88' lang='lat' dir='ltr'><strong>predicti</strong></span> <span class='ocrx_word' id='word_1_212' title='bbox 1289 3101 1442 3182; x_wconf 86' lang='lat' dir='ltr'><strong>regimen</strong></span> <span class='ocrx_word' id='word_1_213' title='bbox 1466 3105 1503 3160; x_wconf 94' lang='lat' dir='ltr'><strong>et</strong></span> 
     </span>
     <span class='ocr_line' id='line_1_27' title="bbox 212 3204 1500 3291; baseline 0 -25"><span class='ocrx_word' id='word_1_214' title='bbox 212 3207 455 3287; x_wconf 89' lang='lat' dir='ltr'><strong>possessionem</strong></span> <span class='ocrx_word' id='word_1_215' title='bbox 477 3205 592 3288; x_wconf 83' lang='lat' dir='ltr'><strong>Regni</strong></span> <span class='ocrx_word' id='word_1_216' title='bbox 617 3208 938 3291; x_wconf 89' lang='lat' dir='ltr'><strong>provinciarumque</strong></span> <span class='ocrx_word' id='word_1_217' title='bbox 971 3215 1005 3269; x_wconf 91' lang='lat' dir='ltr'><strong>et</strong></span> <span class='ocrx_word' id='word_1_218' title='bbox 1039 3209 1189 3288; x_wconf 87' lang='lat' dir='ltr'><strong>partium</strong></span> <span class='ocrx_word' id='word_1_219' title='bbox 1213 3207 1245 3269; x_wconf 87' lang='lat' dir='ltr'><strong>ei</strong></span> <span class='ocrx_word' id='word_1_220' title='bbox 1268 3204 1500 3269; x_wconf 85' lang='lat' dir='ltr'><strong>subiectarum</strong></span> 
     </span>
     <span class='ocr_line' id='line_1_28' title="bbox 210 3309 1502 3398; baseline -0.001 -24"><span class='ocrx_word' id='word_1_221' title='bbox 210 3313 406 3394; x_wconf 90' lang='lat' dir='ltr'><strong>suscipiant,</strong></span> <span class='ocrx_word' id='word_1_222' title='bbox 430 3334 532 3394; x_wconf 90' lang='lat' dir='ltr'><strong>super</strong></span> <span class='ocrx_word' id='word_1_223' title='bbox 554 3312 776 3378; x_wconf 85' lang='lat' dir='ltr'><strong>observandis</strong></span> <span class='ocrx_word' id='word_1_224' title='bbox 800 3312 1028 3396; x_wconf 87' lang='lat' dir='ltr'><strong>libertatibus,</strong></span> <span class='ocrx_word' id='word_1_225' title='bbox 1061 3313 1216 3393; x_wconf 90' lang='lat' dir='ltr'><strong>decretis,</strong></span> <span class='ocrx_word' id='word_1_226' title='bbox 1240 3309 1441 3398; x_wconf 87' lang='lat' dir='ltr'><strong>legibusque</strong></span> <span class='ocrx_word' id='word_1_227' title='bbox 1465 3317 1502 3374; x_wconf 93' lang='lat' dir='ltr'><strong>et</strong></span> 
     </span>
     <span class='ocr_line' id='line_1_29' title="bbox 211 3417 1502 3504; baseline -0.001 -23"><span class='ocrx_word' id='word_1_228' title='bbox 211 3417 515 3482; x_wconf 87' lang='lat' dir='ltr'><strong>consuetudinibus</strong></span> <span class='ocrx_word' id='word_1_229' title='bbox 538 3419 661 3502; x_wconf 86' lang='lat' dir='ltr'><strong>Regni,</strong></span> <span class='ocrx_word' id='word_1_230' title='bbox 686 3441 778 3483; x_wconf 92' lang='lat' dir='ltr'><strong>more</strong></span> <span class='ocrx_word' id='word_1_231' title='bbox 802 3419 963 3484; x_wconf 81' lang='lat' dir='ltr'><strong>divorum</strong></span> <span class='ocrx_word' id='word_1_232' title='bbox 978 3420 1179 3504; x_wconf 84' lang='lat' dir='ltr'><strong>Hungariae</strong></span> <span class='ocrx_word' id='word_1_233' title='bbox 1202 3419 1340 3502; x_wconf 86' lang='lat' dir='ltr'><strong>Regum</strong></span> <span class='ocrx_word' id='word_1_234' title='bbox 1362 3424 1502 3481; x_wconf 86' lang='lat' dir='ltr'><strong>tenean-</strong></span> 
     </span>
     <span class='ocr_line' id='line_1_30' title="bbox 211 3522 1041 3608; baseline 0.002 -20"><span class='ocrx_word' id='word_1_235' title='bbox 211 3532 268 3588; x_wconf 89' lang='lat' dir='ltr'><strong>tur</strong></span> <span class='ocrx_word' id='word_1_236' title='bbox 287 3522 523 3608; x_wconf 82' lang='lat' dir='ltr'><strong>jummentum</strong></span> <span class='ocrx_word' id='word_1_237' title='bbox 546 3526 636 3589; x_wconf 87' lang='lat' dir='ltr'><strong>reale</strong></span> <span class='ocrx_word' id='word_1_238' title='bbox 660 3526 858 3590; x_wconf 86' lang='lat' dir='ltr'><strong>solemniter</strong></span> <span class='ocrx_word' id='word_1_239' title='bbox 882 3535 1041 3608; x_wconf 88' lang='lat' dir='ltr'><strong>prestere.</strong></span> 
     </span>
    </p>

    <p class='ocr_par' dir='ltr' id='par_1_7' title="bbox 210 3631 1503 4577">
     <span class='ocr_line' id='line_1_31' title="bbox 318 3631 1502 3718; baseline -0.001 -22"><span class='ocrx_word' id='word_1_240' title='bbox 318 3633 365 3696; x_wconf 85' lang='lat' dir='ltr'><strong>Es</strong></span> <span class='ocrx_word' id='word_1_241' title='bbox 389 3636 469 3718; x_wconf 89' lang='lat' dir='ltr'><strong>quie</strong></span> <span class='ocrx_word' id='word_1_242' title='bbox 493 3654 554 3696; x_wconf 90' lang='lat' dir='ltr'><strong>nos</strong></span> <span class='ocrx_word' id='word_1_243' title='bbox 593 3633 677 3696; x_wconf 87' lang='lat' dir='ltr'><strong>alias</strong></span> <span class='ocrx_word' id='word_1_244' title='bbox 715 3641 869 3716; x_wconf 88' lang='lat' dir='ltr'><strong>ternpore</strong></span> <span class='ocrx_word' id='word_1_245' title='bbox 908 3641 1044 3697; x_wconf 89' lang='lat' dir='ltr'><strong>nostrae</strong></span> <span class='ocrx_word' id='word_1_246' title='bbox 1076 3635 1113 3696; x_wconf 89' lang='lat' dir='ltr'><strong>in</strong></span> <span class='ocrx_word' id='word_1_247' title='bbox 1145 3633 1279 3716; x_wconf 89' lang='lat' dir='ltr'><strong>Regem</strong></span> <span class='ocrx_word' id='word_1_248' title='bbox 1301 3631 1502 3716; x_wconf 85' lang='lat' dir='ltr'><strong>Hungariae</strong></span> 
     </span>
     <span class='ocr_line' id='line_1_32' title="bbox 211 3737 1503 3824; baseline -0.002 -21"><span class='ocrx_word' id='word_1_249' title='bbox 211 3739 386 3803; x_wconf 89' lang='lat' dir='ltr'><strong>electionis</strong></span> <span class='ocrx_word' id='word_1_250' title='bbox 410 3741 627 3822; x_wconf 89' lang='lat' dir='ltr'><strong>promisimus</strong></span> <span class='ocrx_word' id='word_1_251' title='bbox 647 3737 726 3821; x_wconf 90' lang='lat' dir='ltr'><strong>jure</strong></span> <span class='ocrx_word' id='word_1_252' title='bbox 758 3749 793 3804; x_wconf 91' lang='lat' dir='ltr'><strong>et</strong></span> <span class='ocrx_word' id='word_1_253' title='bbox 825 3738 1005 3804; x_wconf 87' lang='lat' dir='ltr'><strong>libertates</strong></span> <span class='ocrx_word' id='word_1_254' title='bbox 1037 3741 1135 3824; x_wconf 85' lang='lat' dir='ltr'><strong>regni</strong></span> <span class='ocrx_word' id='word_1_255' title='bbox 1167 3739 1366 3823; x_wconf 87' lang='lat' dir='ltr'><strong>Hungariae</strong></span> <span class='ocrx_word' id='word_1_256' title='bbox 1389 3738 1503 3802; x_wconf 90' lang='lat' dir='ltr'><strong>obser-</strong></span> 
     </span>
     <span class='ocr_line' id='line_1_33' title="bbox 211 3845 1503 3932; baseline 0 -22"><span class='ocrx_word' id='word_1_257' title='bbox 211 3870 291 3911; x_wconf 89' lang='lat' dir='ltr'><strong>vare</strong></span> <span class='ocrx_word' id='word_1_258' title='bbox 316 3855 350 3910; x_wconf 91' lang='lat' dir='ltr'><strong>et</strong></span> <span class='ocrx_word' id='word_1_259' title='bbox 375 3868 476 3929; x_wconf 92' lang='lat' dir='ltr'><strong>super</strong></span> <span class='ocrx_word' id='word_1_260' title='bbox 498 3846 562 3910; x_wconf 89' lang='lat' dir='ltr'><strong>hoc</strong></span> <span class='ocrx_word' id='word_1_261' title='bbox 594 3846 713 3911; x_wconf 85' lang='lat' dir='ltr'><strong>literas</strong></span> <span class='ocrx_word' id='word_1_262' title='bbox 746 3851 851 3912; x_wconf 91' lang='lat' dir='ltr'><strong>etiam</strong></span> <span class='ocrx_word' id='word_1_263' title='bbox 889 3869 994 3932; x_wconf 88' lang='lat' dir='ltr'><strong>regno</strong></span> <span class='ocrx_word' id='word_1_264' title='bbox 1027 3855 1063 3911; x_wconf 93' lang='lat' dir='ltr'><strong>et</strong></span> <span class='ocrx_word' id='word_1_265' title='bbox 1095 3847 1173 3929; x_wconf 89' lang='lat' dir='ltr'><strong>illis,</strong></span> <span class='ocrx_word' id='word_1_266' title='bbox 1205 3849 1266 3932; x_wconf 92' lang='lat' dir='ltr'><strong>qui</strong></span> <span class='ocrx_word' id='word_1_267' title='bbox 1297 3853 1379 3910; x_wconf 91' lang='lat' dir='ltr'><strong>tunc</strong></span> <span class='ocrx_word' id='word_1_268' title='bbox 1403 3845 1503 3912; x_wconf 87' lang='lat' dir='ltr'><strong>nobis</strong></span> 
     </span>
     <span class='ocr_line' id='line_1_34' title="bbox 210 3952 1502 4038; baseline -0.002 -20"><span class='ocrx_word' id='word_1_269' title='bbox 210 3953 430 4036; x_wconf 87' lang='lat' dir='ltr'><strong>adherebant,</strong></span> <span class='ocrx_word' id='word_1_270' title='bbox 454 3954 628 4036; x_wconf 73' lang='lat' dir='ltr'><strong>dedimus,</strong></span> <span class='ocrx_word' id='word_1_271' title='bbox 652 3954 729 4018; x_wconf 88' lang='lat' dir='ltr'><strong>ideo</strong></span> <span class='ocrx_word' id='word_1_272' title='bbox 746 3954 874 4018; x_wconf 92' lang='lat' dir='ltr'><strong>similes</strong></span> <span class='ocrx_word' id='word_1_273' title='bbox 890 3954 1008 4018; x_wconf 87' lang='lat' dir='ltr'><strong>literas</strong></span> <span class='ocrx_word' id='word_1_274' title='bbox 1025 3956 1130 4018; x_wconf 88' lang='lat' dir='ltr'><strong>etiam</strong></span> <span class='ocrx_word' id='word_1_275' title='bbox 1150 3954 1228 4036; x_wconf 90' lang='lat' dir='ltr'><strong>illis,</strong></span> <span class='ocrx_word' id='word_1_276' title='bbox 1251 3955 1311 4038; x_wconf 89' lang='lat' dir='ltr'><strong>qui</strong></span> <span class='ocrx_word' id='word_1_277' title='bbox 1336 3961 1411 4035; x_wconf 91' lang='lat' dir='ltr'><strong>post</strong></span> <span class='ocrx_word' id='word_1_278' title='bbox 1430 3952 1502 4017; x_wconf 92' lang='lat' dir='ltr'><strong>obi·</strong></span> 
     </span>
     <span class='ocr_line' id='line_1_35' title="bbox 210 4061 1500 4146; baseline -0.002 -19"><span class='ocrx_word' id='word_1_279' title='bbox 210 4071 286 4127; x_wconf 92' lang='lat' dir='ltr'><strong>tum</strong></span> <span class='ocrx_word' id='word_1_280' title='bbox 310 4065 416 4144; x_wconf 88' lang='lat' dir='ltr'><strong>ipsius</strong></span> <span class='ocrx_word' id='word_1_281' title='bbox 440 4063 500 4126; x_wconf 90' lang='lat' dir='ltr'><strong>dni</strong></span> <span class='ocrx_word' id='word_1_282' title='bbox 523 4063 631 4146; x_wconf 88' lang='lat' dir='ltr'><strong>Regis</strong></span> <span class='ocrx_word' id='word_1_283' title='bbox 655 4063 680 4128; x_wconf 90' lang='lat' dir='ltr'><strong>J</strong></span> <span class='ocrx_word' id='word_1_284' title='bbox 681 4063 833 4146; x_wconf 87' lang='lat' dir='ltr'><strong>ohannis,</strong></span> <span class='ocrx_word' id='word_1_285' title='bbox 858 4071 892 4127; x_wconf 91' lang='lat' dir='ltr'><strong>et</strong></span> <span class='ocrx_word' id='word_1_286' title='bbox 916 4071 1033 4126; x_wconf 92' lang='lat' dir='ltr'><strong>secuta</strong></span> <span class='ocrx_word' id='word_1_287' title='bbox 1057 4063 1267 4126; x_wconf 90' lang='lat' dir='ltr'><strong>successione</strong></span> <span class='ocrx_word' id='word_1_288' title='bbox 1290 4061 1327 4123; x_wconf 93' lang='lat' dir='ltr'><strong>in</strong></span> <span class='ocrx_word' id='word_1_289' title='bbox 1349 4069 1500 4124; x_wconf 87' lang='lat' dir='ltr'><strong>nostram</strong></span> 
     </span>
     <span class='ocr_line' id='line_1_36' title="bbox 210 4163 1501 4253; baseline -0.004 -19"><span class='ocrx_word' id='word_1_290' title='bbox 210 4168 442 4234; x_wconf 88' lang='lat' dir='ltr'><strong>obedientiam</strong></span> <span class='ocrx_word' id='word_1_291' title='bbox 458 4177 538 4232; x_wconf 90' lang='lat' dir='ltr'><strong>sunt</strong></span> <span class='ocrx_word' id='word_1_292' title='bbox 555 4173 703 4251; x_wconf 89' lang='lat' dir='ltr'><strong>venturi,</strong></span> <span class='ocrx_word' id='word_1_293' title='bbox 723 4179 875 4253; x_wconf 87' lang='lat' dir='ltr'><strong>tempore</strong></span> <span class='ocrx_word' id='word_1_294' title='bbox 892 4169 1136 4252; x_wconf 87' lang='lat' dir='ltr'><strong>publicationis</strong></span> <span class='ocrx_word' id='word_1_295' title='bbox 1151 4168 1253 4232; x_wconf 91' lang='lat' dir='ltr'><strong>huius</strong></span> <span class='ocrx_word' id='word_1_296' title='bbox 1277 4169 1368 4250; x_wconf 88' lang='lat' dir='ltr'><strong>pacis</strong></span> <span class='ocrx_word' id='word_1_297' title='bbox 1392 4175 1427 4230; x_wconf 88' lang='lat' dir='ltr'><strong>et</strong></span> <span class='ocrx_word' id='word_1_298' title='bbox 1447 4163 1501 4249; x_wconf 91' lang='lat' dir='ltr'><strong>ju-</strong></span> 
     </span>
     <span class='ocr_line' id='line_1_37' title="bbox 211 4275 1500 4361; baseline -0.001 -22"><span class='ocrx_word' id='word_1_299' title='bbox 211 4278 358 4339; x_wconf 88' lang='lat' dir='ltr'><strong>ramenti</strong></span> <span class='ocrx_word' id='word_1_300' title='bbox 390 4278 541 4359; x_wconf 89' lang='lat' dir='ltr'><strong>ipsorum</strong></span> <span class='ocrx_word' id='word_1_301' title='bbox 574 4276 843 4361; x_wconf 85' lang='lat' dir='ltr'><strong>Regnicolarum</strong></span> <span class='ocrx_word' id='word_1_302' title='bbox 882 4278 963 4342; x_wconf 91' lang='lat' dir='ltr'><strong>dare</strong></span> <span class='ocrx_word' id='word_1_303' title='bbox 995 4285 1190 4340; x_wconf 90' lang='lat' dir='ltr'><strong>teneamur:</strong></span> <span class='ocrx_word' id='word_1_304' title='bbox 1222 4275 1270 4338; x_wconf 87' lang='lat' dir='ltr'><strong>Et</strong></span> <span class='ocrx_word' id='word_1_305' title='bbox 1301 4275 1331 4336; x_wconf 90' lang='lat' dir='ltr'><strong>si</strong></span> <span class='ocrx_word' id='word_1_306' title='bbox 1363 4278 1500 4359; x_wconf 88' lang='lat' dir='ltr'><strong>utrique</strong></span> 
     </span>
     <span class='ocr_line' id='line_1_38' title="bbox 211 4380 1501 4468; baseline -0.003 -21"><span class='ocrx_word' id='word_1_307' title='bbox 211 4392 366 4448; x_wconf 90' lang='lat' dir='ltr'><strong>nostrum</strong></span> <span class='ocrx_word' id='word_1_308' title='bbox 390 4387 503 4448; x_wconf 83' lang='lat' dir='ltr'><strong>visum</strong></span> <span class='ocrx_word' id='word_1_309' title='bbox 527 4382 644 4466; x_wconf 85' lang='lat' dir='ltr'><strong>fuerit,</strong></span> <span class='ocrx_word' id='word_1_310' title='bbox 667 4384 782 4468; x_wconf 87' lang='lat' dir='ltr'><strong>aliqua</strong></span> <span class='ocrx_word' id='word_1_311' title='bbox 806 4383 874 4448; x_wconf 83' lang='lat' dir='ltr'><strong>alia</strong></span> <span class='ocrx_word' id='word_1_312' title='bbox 897 4388 934 4449; x_wconf 92' lang='lat' dir='ltr'><strong>in</strong></span> <span class='ocrx_word' id='word_1_313' title='bbox 958 4385 1051 4448; x_wconf 89' lang='lat' dir='ltr'><strong>dieta</strong></span> <span class='ocrx_word' id='word_1_314' title='bbox 1080 4380 1305 4465; x_wconf 83' lang='lat' dir='ltr'><strong>publicandae</strong></span> <span class='ocrx_word' id='word_1_315' title='bbox 1329 4383 1422 4462; x_wconf 88' lang='lat' dir='ltr'><strong>pacis</strong></span> <span class='ocrx_word' id='word_1_316' title='bbox 1444 4382 1501 4444; x_wconf 92' lang='lat' dir='ltr'><strong>ad-</strong></span> 
     </span>
     <span class='ocr_line' id='line_1_39' title="bbox 212 4491 1103 4577; baseline -0.003 -21"><span class='ocrx_word' id='word_1_317' title='bbox 212 4492 300 4575; x_wconf 81' lang='lat' dir='ltr'><strong>dere,</strong></span> <span class='ocrx_word' id='word_1_318' title='bbox 323 4491 387 4555; x_wconf 95' lang='lat' dir='ltr'><strong>hoc</strong></span> <span class='ocrx_word' id='word_1_319' title='bbox 412 4494 448 4554; x_wconf 91' lang='lat' dir='ltr'><strong>in</strong></span> <span class='ocrx_word' id='word_1_320' title='bbox 471 4491 616 4556; x_wconf 88' lang='lat' dir='ltr'><strong>arbitrio</strong></span> <span class='ocrx_word' id='word_1_321' title='bbox 640 4495 819 4577; x_wconf 88' lang='lat' dir='ltr'><strong>utriusque</strong></span> <span class='ocrx_word' id='word_1_322' title='bbox 844 4501 1001 4556; x_wconf 81' lang='lat' dir='ltr'><strong>nostmm</strong></span> <span class='ocrx_word' id='word_1_323' title='bbox 1028 4493 1103 4554; x_wconf 91' lang='lat' dir='ltr'><strong>erit.</strong></span> 
     </span>
    </p>

    <p class='ocr_par' dir='ltr' id='par_1_8' title="bbox 321 4596 1499 4681">
     <span class='ocr_line' id='line_1_40' title="bbox 321 4596 1499 4681; baseline -0.003 -20"><span class='ocrx_word' id='word_1_324' title='bbox 321 4599 371 4662; x_wconf 85' lang='lat'><strong>19.</strong></span> <span class='ocrx_word' id='word_1_325' title='bbox 394 4598 483 4663; x_wconf 91' lang='lat' dir='ltr'><strong>Item</strong></span> <span class='ocrx_word' id='word_1_326' title='bbox 508 4602 543 4662; x_wconf 91' lang='lat' dir='ltr'><strong>in</strong></span> <span class='ocrx_word' id='word_1_327' title='bbox 564 4599 681 4663; x_wconf 89' lang='lat' dir='ltr'><strong>eadem</strong></span> <span class='ocrx_word' id='word_1_328' title='bbox 699 4599 793 4663; x_wconf 85' lang='lat' dir='ltr'><strong>dieta</strong></span> <span class='ocrx_word' id='word_1_329' title='bbox 809 4602 951 4664; x_wconf 87' lang='lat' dir='ltr'><strong>tractari</strong></span> <span class='ocrx_word' id='word_1_330' title='bbox 968 4596 1108 4662; x_wconf 88' lang='lat' dir='ltr'><strong>debebit</strong></span> <span class='ocrx_word' id='word_1_331' title='bbox 1133 4597 1175 4661; x_wconf 93' lang='lat' dir='ltr'><strong>de</strong></span> <span class='ocrx_word' id='word_1_332' title='bbox 1199 4598 1348 4681; x_wconf 89' lang='lat' dir='ltr'><strong>quinque</strong></span> <span class='ocrx_word' id='word_1_333' title='bbox 1372 4597 1499 4676; x_wconf 87' lang='lat' dir='ltr'><strong>cestris,</strong></span> 
     </span>
    </p>
   </div>
   <div class='ocr_carea' id='block_1_3' title="bbox 0 0 1581 5212">
    <p class='ocr_par' dir='ltr' id='par_1_9' title="bbox 0 0 1581 5212">
     <span class='ocr_line' id='line_1_41' title="bbox 0 0 1581 5212; baseline 0 0"><span class='ocrx_word' id='word_1_334' title='bbox 0 0 1581 5212; x_wconf 95' lang='lat' dir='ltr'><strong> </strong></span> 
     </span>
    </p>
   </div>
   <div class='ocr_carea' id='block_1_4' title="bbox 1566 0 1570 1302">
    <p class='ocr_par' dir='ltr' id='par_1_10' title="bbox 1566 0 1570 1302">
     <span class='ocr_line' id='line_1_42' title="bbox 1566 0 1570 1302; baseline 0 0"><span class='ocrx_word' id='word_1_335' title='bbox 1566 0 1570 1302; x_wconf 95' lang='lat' dir='ltr'><strong> </strong></span> 
     </span>
    </p>
   </div>
  </div>
 </body>
</html>
