<?xml version="1.0" encoding="UTF-8"?>
<!DOCTYPE html PUBLIC "-//W3C//DTD XHTML 1.0 Transitional//EN"
    "http://www.w3.org/TR/xhtml1/DTD/xhtml1-transitional.dtd">
<html xmlns="http://www.w3.org/1999/xhtml" xml:lang="en" lang="en">
 <head>
  <title>
</title>
<meta http-equiv="Content-Type" content="text/html;charset=utf-8" />
  <meta name='ocr-system' content='tesseract 3.04.00' />
  <meta name='ocr-capabilities' content='ocr_page ocr_carea ocr_par ocr_line ocrx_word'/>
</head>
<body>
  <div class='ocr_page' id='page_1' title='image "./enchiridionfont00marcgoog_0587.png"; bbox 0 0 3144 5218; ppageno 0'>
   <div class='ocr_carea' id='block_1_1' title="bbox 1283 355 1351 420">
    <p class='ocr_par' dir='ltr' id='par_1_1' title="bbox 1283 355 1351 420">
     <span class='ocr_line' id='line_1_1' title="bbox 1283 355 1351 420; baseline -0.029 0"><span class='ocrx_word' id='word_1_1' title='bbox 1283 355 1351 420; x_wconf 83' lang='lat'><strong>565</strong></span> 
     </span>
    </p>
   </div>
   <div class='ocr_carea' id='block_1_2' title="bbox 44 551 1354 3534">
    <p class='ocr_par' dir='ltr' id='par_1_2' title="bbox 44 551 1352 2247">
     <span class='ocr_line' id='line_1_2' title="bbox 44 551 1348 639; baseline 0.001 -23"><span class='ocrx_word' id='word_1_2' title='bbox 44 555 143 616; x_wconf 90' lang='lat' dir='ltr'><strong>intra</strong></span> <span class='ocrx_word' id='word_1_3' title='bbox 168 552 297 616; x_wconf 91' lang='lat' dir='ltr'><strong>limites</strong></span> <span class='ocrx_word' id='word_1_4' title='bbox 320 551 520 638; x_wconf 87' lang='lat' dir='ltr'><strong>Hnngariae</strong></span> <span class='ocrx_word' id='word_1_5' title='bbox 553 555 719 618; x_wconf 75' lang='lat' dir='ltr'><strong>incertam</strong></span> <span class='ocrx_word' id='word_1_6' title='bbox 746 551 876 618; x_wconf 89' lang='lat' dir='ltr'><strong>habent</strong></span> <span class='ocrx_word' id='word_1_7' title='bbox 909 554 1124 636; x_wconf 90' lang='lat' dir='ltr'><strong>solutionem,</strong></span> <span class='ocrx_word' id='word_1_8' title='bbox 1159 561 1232 619; x_wconf 89' lang='lat' dir='ltr'><strong>tam</strong></span> <span class='ocrx_word' id='word_1_9' title='bbox 1257 555 1348 639; x_wconf 90' lang='lat' dir='ltr'><strong>quod</strong></span> 
     </span>
     <span class='ocr_line' id='line_1_3' title="bbox 44 658 1351 746; baseline 0.003 -24"><span class='ocrx_word' id='word_1_10' title='bbox 44 658 182 724; x_wconf 81' lang='lat' dir='ltr'><strong>milites</strong></span> <span class='ocrx_word' id='word_1_11' title='bbox 199 659 435 743; x_wconf 84' lang='lat' dir='ltr'><strong>Confiniarios‚</strong></span> <span class='ocrx_word' id='word_1_12' title='bbox 454 681 532 724; x_wconf 89' lang='lat' dir='ltr'><strong>cum</strong></span> <span class='ocrx_word' id='word_1_13' title='bbox 551 664 657 726; x_wconf 89' lang='lat' dir='ltr'><strong>etiam</strong></span> <span class='ocrx_word' id='word_1_14' title='bbox 671 659 837 744; x_wconf 89' lang='lat' dir='ltr'><strong>aedificia,</strong></span> <span class='ocrx_word' id='word_1_15' title='bbox 856 664 1208 745; x_wconf 85' lang='lat' dir='ltr'><strong>restaurationemque</strong></span> <span class='ocrx_word' id='word_1_16' title='bbox 1233 665 1351 746; x_wconf 85' lang='lat' dir='ltr'><strong>ipsam,</strong></span> 
     </span>
     <span class='ocr_line' id='line_1_4' title="bbox 44 765 1348 854; baseline 0.004 -26"><span class='ocrx_word' id='word_1_17' title='bbox 44 765 256 833; x_wconf 78' lang='lat' dir='ltr'><strong>detrimenti</strong></span> <span class='ocrx_word' id='word_1_18' title='bbox 279 771 465 852; x_wconf 87' lang='lat' dir='ltr'><strong>patiantur,</strong></span> <span class='ocrx_word' id='word_1_19' title='bbox 489 771 604 832; x_wconf 89' lang='lat' dir='ltr'><strong>notius</strong></span> <span class='ocrx_word' id='word_1_20' title='bbox 627 775 688 850; x_wconf 89' lang='lat' dir='ltr'><strong>est,</strong></span> <span class='ocrx_word' id='word_1_21' title='bbox 712 789 816 852; x_wconf 86' lang='lat' dir='ltr'><strong>quam</strong></span> <span class='ocrx_word' id='word_1_22' title='bbox 840 776 880 833; x_wconf 93' lang='lat' dir='ltr'><strong>ut</strong></span> <span class='ocrx_word' id='word_1_23' title='bbox 911 768 1141 832; x_wconf 79' lang='lat' dir='ltr'><strong>declaratione</strong></span> <span class='ocrx_word' id='word_1_24' title='bbox 1175 769 1348 854; x_wconf 85' lang='lat' dir='ltr'><strong>indigeat;</strong></span> 
     </span>
     <span class='ocr_line' id='line_1_5' title="bbox 44 873 1351 960; baseline 0.002 -23"><span class='ocrx_word' id='word_1_25' title='bbox 44 881 85 937; x_wconf 88' lang='lat' dir='ltr'><strong>ut</strong></span> <span class='ocrx_word' id='word_1_26' title='bbox 128 880 274 958; x_wconf 86' lang='lat' dir='ltr'><strong>apparet</strong></span> <span class='ocrx_word' id='word_1_27' title='bbox 312 877 418 940; x_wconf 88' lang='lat' dir='ltr'><strong>etiam</strong></span> <span class='ocrx_word' id='word_1_28' title='bbox 452 897 495 938; x_wconf 82' lang='lat' dir='ltr'><strong>ex</strong></span> <span class='ocrx_word' id='word_1_29' title='bbox 526 895 627 958; x_wconf 89' lang='lat' dir='ltr'><strong>supra</strong></span> <span class='ocrx_word' id='word_1_30' title='bbox 660 877 797 958; x_wconf 88' lang='lat' dir='ltr'><strong>scriptis</strong></span> <span class='ocrx_word' id='word_1_31' title='bbox 830 877 872 941; x_wconf 92' lang='lat' dir='ltr'><strong>de</strong></span> <span class='ocrx_word' id='word_1_32' title='bbox 905 875 1005 940; x_wconf 89' lang='lat' dir='ltr'><strong>Nova</strong></span> <span class='ocrx_word' id='word_1_33' title='bbox 1038 873 1136 958; x_wconf 85' lang='lat' dir='ltr'><strong>Arce,</strong></span> <span class='ocrx_word' id='word_1_34' title='bbox 1170 877 1351 960; x_wconf 85' lang='lat' dir='ltr'><strong>principali</strong></span> 
     </span>
     <span class='ocr_line' id='line_1_6' title="bbox 44 981 1350 1068; baseline 0.003 -24"><span class='ocrx_word' id='word_1_35' title='bbox 44 981 212 1047; x_wconf 90' lang='lat' dir='ltr'><strong>Confinio</strong></span> <span class='ocrx_word' id='word_1_36' title='bbox 244 989 279 1046; x_wconf 90' lang='grc'><strong>61</strong></span> <span class='ocrx_word' id='word_1_37' title='bbox 313 985 413 1067; x_wconf 89' lang='lat' dir='ltr'><strong>quasi</strong></span> <span class='ocrx_word' id='word_1_38' title='bbox 450 983 555 1047; x_wconf 90' lang='lat' dir='ltr'><strong>Porta</strong></span> <span class='ocrx_word' id='word_1_39' title='bbox 592 981 716 1068; x_wconf 84' lang='lat' dir='ltr'><strong>Regni,</strong></span> <span class='ocrx_word' id='word_1_40' title='bbox 748 991 788 1047; x_wconf 90' lang='lat' dir='ltr'><strong>ut</strong></span> <span class='ocrx_word' id='word_1_41' title='bbox 819 983 862 1048; x_wconf 91' lang='lat' dir='ltr'><strong>de</strong></span> <span class='ocrx_word' id='word_1_42' title='bbox 895 983 1037 1067; x_wconf 90' lang='lat' dir='ltr'><strong>reliquis</strong></span> <span class='ocrx_word' id='word_1_43' title='bbox 1069 989 1210 1047; x_wconf 88' lang='lat' dir='ltr'><strong>taceam.</strong></span> <span class='ocrx_word' id='word_1_44' title='bbox 1249 983 1350 1050; x_wconf 86' lang='lat' dir='ltr'><strong>Unde</strong></span> 
     </span>
     <span class='ocr_line' id='line_1_7' title="bbox 44 1089 1352 1176; baseline 0.004 -25"><span class='ocrx_word' id='word_1_45' title='bbox 44 1111 134 1154; x_wconf 82' lang='lat' dir='ltr'><strong>vero</strong></span> <span class='ocrx_word' id='word_1_46' title='bbox 152 1093 199 1154; x_wconf 90' lang='lat' dir='ltr'><strong>sit</strong></span> <span class='ocrx_word' id='word_1_47' title='bbox 214 1091 298 1155; x_wconf 89' lang='lat' dir='ltr'><strong>haec</strong></span> <span class='ocrx_word' id='word_1_48' title='bbox 315 1097 413 1154; x_wconf 90' lang='lat' dir='ltr'><strong>tanta</strong></span> <span class='ocrx_word' id='word_1_49' title='bbox 430 1089 596 1154; x_wconf 82' lang='lat' dir='ltr'><strong>desolatio</strong></span> <span class='ocrx_word' id='word_1_50' title='bbox 616 1089 851 1157; x_wconf 82' lang='lat' dir='ltr'><strong>Confinicrnm</strong></span> <span class='ocrx_word' id='word_1_51' title='bbox 866 1090 1089 1176; x_wconf 80' lang='lat' dir='ltr'><strong>defectusque</strong></span> <span class='ocrx_word' id='word_1_52' title='bbox 1106 1090 1352 1174; x_wconf 89' lang='lat' dir='ltr'><strong>aedificiorum,</strong></span> 
     </span>
     <span class='ocr_line' id='line_1_8' title="bbox 47 1196 1351 1282; baseline 0.003 -22"><span class='ocrx_word' id='word_1_53' title='bbox 47 1196 159 1261; x_wconf 83' lang='lat' dir='ltr'><strong>facile</strong></span> <span class='ocrx_word' id='word_1_54' title='bbox 193 1217 447 1282; x_wconf 82' lang='lat' dir='ltr'><strong>consequemur,</strong></span> <span class='ocrx_word' id='word_1_55' title='bbox 471 1201 501 1261; x_wconf 91' lang='lat' dir='ltr'><strong>si</strong></span> <span class='ocrx_word' id='word_1_56' title='bbox 524 1197 814 1263; x_wconf 86' lang='lat' dir='ltr'><strong>considerabimus</strong></span> <span class='ocrx_word' id='word_1_57' title='bbox 846 1207 1067 1263; x_wconf 86' lang='lat' dir='ltr'><strong>externorum</strong></span> <span class='ocrx_word' id='word_1_58' title='bbox 1099 1199 1228 1264; x_wconf 86' lang='lat' dir='ltr'><strong>auxilia</strong></span> <span class='ocrx_word' id='word_1_59' title='bbox 1260 1200 1351 1264; x_wconf 87' lang='lat' dir='ltr'><strong>aedi-</strong></span> 
     </span>
     <span class='ocr_line' id='line_1_9' title="bbox 45 1302 1351 1392; baseline 0.002 -24"><span class='ocrx_word' id='word_1_60' title='bbox 45 1302 143 1368; x_wconf 89' lang='lat' dir='ltr'><strong>ficiis</strong></span> <span class='ocrx_word' id='word_1_61' title='bbox 168 1304 393 1369; x_wconf 90' lang='lat' dir='ltr'><strong>confiniorum</strong></span> <span class='ocrx_word' id='word_1_62' title='bbox 425 1305 558 1386; x_wconf 88' lang='lat' dir='ltr'><strong>deesse;</strong></span> <span class='ocrx_word' id='word_1_63' title='bbox 590 1308 761 1390; x_wconf 89' lang='lat' dir='ltr'><strong>gratuitos</strong></span> <span class='ocrx_word' id='word_1_64' title='bbox 794 1305 927 1370; x_wconf 90' lang='lat' dir='ltr'><strong>labores</strong></span> <span class='ocrx_word' id='word_1_65' title='bbox 951 1328 1012 1390; x_wconf 92' lang='lat' dir='ltr'><strong>per</strong></span> <span class='ocrx_word' id='word_1_66' title='bbox 1038 1306 1204 1371; x_wconf 80' lang='lat' dir='ltr'><strong>Dominus</strong></span> <span class='ocrx_word' id='word_1_67' title='bbox 1236 1307 1351 1392; x_wconf 84' lang='lat' dir='ltr'><strong>Regni</strong></span> 
     </span>
     <span class='ocr_line' id='line_1_10' title="bbox 46 1410 1351 1496; baseline 0.003 -22"><span class='ocrx_word' id='word_1_68' title='bbox 46 1410 80 1474; x_wconf 81' lang='lat' dir='ltr'><strong>S.</strong></span> <span class='ocrx_word' id='word_1_69' title='bbox 98 1411 136 1476; x_wconf 89' lang='lat' dir='ltr'><strong>S.</strong></span> <span class='ocrx_word' id='word_1_70' title='bbox 154 1420 189 1476; x_wconf 93' lang='lat' dir='ltr'><strong>et</strong></span> <span class='ocrx_word' id='word_1_71' title='bbox 206 1411 244 1476; x_wconf 93' lang='grc' dir='ltr'><strong>Ο.</strong></span> <span class='ocrx_word' id='word_1_72' title='bbox 260 1411 297 1476; x_wconf 94' lang='grc' dir='ltr'><strong>Ο.</strong></span> <span class='ocrx_word' id='word_1_73' title='bbox 314 1433 374 1496; x_wconf 94' lang='lat' dir='ltr'><strong>pro</strong></span> <span class='ocrx_word' id='word_1_74' title='bbox 398 1411 631 1476; x_wconf 87' lang='lat' dir='ltr'><strong>restaurandis</strong></span> <span class='ocrx_word' id='word_1_75' title='bbox 649 1417 684 1476; x_wconf 90' lang='grc'><strong>61</strong></span> <span class='ocrx_word' id='word_1_76' title='bbox 703 1413 926 1478; x_wconf 88' lang='lat' dir='ltr'><strong>aedificandis</strong></span> <span class='ocrx_word' id='word_1_77' title='bbox 950 1411 1116 1478; x_wconf 84' lang='lat' dir='ltr'><strong>Confiniis</strong></span> <span class='ocrx_word' id='word_1_78' title='bbox 1139 1434 1208 1478; x_wconf 89' lang='lat' dir='ltr'><strong>non</strong></span> <span class='ocrx_word' id='word_1_79' title='bbox 1233 1412 1351 1478; x_wconf 89' lang='lat' dir='ltr'><strong>debito</strong></span> 
     </span>
     <span class='ocr_line' id='line_1_11' title="bbox 45 1517 1351 1605; baseline 0.002 -23"><span class='ocrx_word' id='word_1_80' title='bbox 45 1519 157 1582; x_wconf 90' lang='lat' dir='ltr'><strong>modo</strong></span> <span class='ocrx_word' id='word_1_81' title='bbox 189 1519 424 1582; x_wconf 87' lang='lat' dir='ltr'><strong>administrari</strong></span> <span class='ocrx_word' id='word_1_82' title='bbox 457 1521 542 1603; x_wconf 92' lang='lat' dir='ltr'><strong>quin</strong></span> <span class='ocrx_word' id='word_1_83' title='bbox 574 1521 642 1582; x_wconf 90' lang='lat' dir='ltr'><strong>imo</strong></span> <span class='ocrx_word' id='word_1_84' title='bbox 675 1517 771 1583; x_wconf 91' lang='lat' dir='ltr'><strong>illam</strong></span> <span class='ocrx_word' id='word_1_85' title='bbox 795 1523 900 1585; x_wconf 90' lang='lat' dir='ltr'><strong>etiam</strong></span> <span class='ocrx_word' id='word_1_86' title='bbox 926 1527 1067 1604; x_wconf 89' lang='lat' dir='ltr'><strong>partem,</strong></span> <span class='ocrx_word' id='word_1_87' title='bbox 1094 1541 1181 1605; x_wconf 89' lang='lat' dir='ltr'><strong>quae</strong></span> <span class='ocrx_word' id='word_1_88' title='bbox 1206 1521 1351 1585; x_wconf 89' lang='lat' dir='ltr'><strong>admini-</strong></span> 
     </span>
     <span class='ocr_line' id='line_1_12' title="bbox 45 1623 1349 1712; baseline 0.003 -24"><span class='ocrx_word' id='word_1_89' title='bbox 45 1633 197 1708; x_wconf 88' lang='lat' dir='ltr'><strong>stratur,</strong></span> <span class='ocrx_word' id='word_1_90' title='bbox 221 1647 281 1707; x_wconf 89' lang='lat' dir='ltr'><strong>per</strong></span> <span class='ocrx_word' id='word_1_91' title='bbox 304 1623 510 1709; x_wconf 83' lang='lat' dir='ltr'><strong>Capitaneos</strong></span> <span class='ocrx_word' id='word_1_92' title='bbox 538 1623 773 1690; x_wconf 69' lang='lat' dir='ltr'><strong>confiniorum</strong></span> <span class='ocrx_word' id='word_1_93' title='bbox 796 1629 992 1710; x_wconf 88' lang='lat' dir='ltr'><strong>saepissime</strong></span> <span class='ocrx_word' id='word_1_94' title='bbox 1015 1625 1171 1710; x_wconf 83' lang='lat' dir='ltr'><strong>distrahi,</strong></span> <span class='ocrx_word' id='word_1_95' title='bbox 1195 1649 1234 1691; x_wconf 90' lang='lat' dir='ltr'><strong>ac</strong></span> <span class='ocrx_word' id='word_1_96' title='bbox 1258 1629 1349 1712; x_wconf 90' lang='lat' dir='ltr'><strong>quod</strong></span> 
     </span>
     <span class='ocr_line' id='line_1_13' title="bbox 48 1731 1350 1820; baseline 0.001 -23"><span class='ocrx_word' id='word_1_97' title='bbox 48 1737 280 1798; x_wconf 86' lang='lat' dir='ltr'><strong>inveniantur</strong></span> <span class='ocrx_word' id='word_1_98' title='bbox 301 1736 408 1797; x_wconf 89' lang='lat' dir='ltr'><strong>etiam</strong></span> <span class='ocrx_word' id='word_1_99' title='bbox 431 1733 591 1797; x_wconf 89' lang='lat' dir='ltr'><strong>nonnulli</strong></span> <span class='ocrx_word' id='word_1_100' title='bbox 613 1732 847 1816; x_wconf 91' lang='lat' dir='ltr'><strong>Dominornm,</strong></span> <span class='ocrx_word' id='word_1_101' title='bbox 874 1736 935 1819; x_wconf 92' lang='lat' dir='ltr'><strong>qui</strong></span> <span class='ocrx_word' id='word_1_102' title='bbox 957 1731 1156 1817; x_wconf 87' lang='lat' dir='ltr'><strong>hujusmodi</strong></span> <span class='ocrx_word' id='word_1_103' title='bbox 1178 1738 1350 1820; x_wconf 87' lang='lat' dir='ltr'><strong>gratuitos</strong></span> 
     </span>
     <span class='ocr_line' id='line_1_14' title="bbox 47 1840 1351 1927; baseline 0.001 -23"><span class='ocrx_word' id='word_1_104' title='bbox 47 1841 190 1907; x_wconf 87' lang='lat' dir='ltr'><strong>labores</strong></span> <span class='ocrx_word' id='word_1_105' title='bbox 223 1863 243 1906; x_wconf 85' lang='lat' dir='ltr'><strong>a</strong></span> <span class='ocrx_word' id='word_1_106' title='bbox 276 1840 374 1906; x_wconf 88' lang='lat' dir='ltr'><strong>bonis</strong></span> <span class='ocrx_word' id='word_1_107' title='bbox 406 1844 477 1906; x_wconf 89' lang='lat' dir='ltr'><strong>suis</strong></span> <span class='ocrx_word' id='word_1_108' title='bbox 510 1847 683 1925; x_wconf 90' lang='lat' dir='ltr'><strong>praestare</strong></span> <span class='ocrx_word' id='word_1_109' title='bbox 716 1840 908 1925; x_wconf 84' lang='lat' dir='ltr'><strong>prohibent.</strong></span> <span class='ocrx_word' id='word_1_110' title='bbox 939 1843 1006 1908; x_wconf 92' lang='lat' dir='ltr'><strong>Pro</strong></span> <span class='ocrx_word' id='word_1_111' title='bbox 1039 1841 1165 1927; x_wconf 90' lang='lat' dir='ltr'><strong>quibus</strong></span> <span class='ocrx_word' id='word_1_112' title='bbox 1188 1842 1351 1907; x_wconf 86' lang='lat' dir='ltr'><strong>abusibus</strong></span> 
     </span>
     <span class='ocr_line' id='line_1_15' title="bbox 47 1947 1351 2034; baseline -0.001 -21"><span class='ocrx_word' id='word_1_113' title='bbox 47 1949 220 2014; x_wconf 90' lang='lat' dir='ltr'><strong>tollendis</strong></span> <span class='ocrx_word' id='word_1_114' title='bbox 243 1947 377 2012; x_wconf 89' lang='lat' dir='ltr'><strong>editum</strong></span> <span class='ocrx_word' id='word_1_115' title='bbox 405 1951 505 2013; x_wconf 88' lang='lat' dir='ltr'><strong>annis</strong></span> <span class='ocrx_word' id='word_1_116' title='bbox 528 1948 760 2032; x_wconf 85' lang='lat' dir='ltr'><strong>superioribus</strong></span> <span class='ocrx_word' id='word_1_117' title='bbox 783 1947 981 2014; x_wconf 87' lang='lat' dir='ltr'><strong>Articulum</strong></span> <span class='ocrx_word' id='word_1_118' title='bbox 1003 1949 1187 2014; x_wconf 88' lang='lat' dir='ltr'><strong>effectuare</strong></span> <span class='ocrx_word' id='word_1_119' title='bbox 1211 1950 1351 2034; x_wconf 91' lang='lat' dir='ltr'><strong>quidem</strong></span> 
     </span>
     <span class='ocr_line' id='line_1_16' title="bbox 48 2055 1350 2140; baseline -0.002 -18"><span class='ocrx_word' id='word_1_120' title='bbox 48 2057 294 2122; x_wconf 84' lang='lat' dir='ltr'><strong>intendimus³</strong></span> <span class='ocrx_word' id='word_1_121' title='bbox 326 2056 385 2120; x_wconf 89' lang='lat' dir='ltr'><strong>sed</strong></span> <span class='ocrx_word' id='word_1_122' title='bbox 419 2076 497 2120; x_wconf 92' lang='lat' dir='ltr'><strong>cnm</strong></span> <span class='ocrx_word' id='word_1_123' title='bbox 530 2055 724 2121; x_wconf 81' lang='lat' dir='ltr'><strong>Comitatus</strong></span> <span class='ocrx_word' id='word_1_124' title='bbox 757 2056 800 2121; x_wconf 91' lang='lat' dir='ltr'><strong>ad</strong></span> <span class='ocrx_word' id='word_1_125' title='bbox 834 2059 1075 2140; x_wconf 86' lang='lat' dir='ltr'><strong>requisitiones</strong></span> <span class='ocrx_word' id='word_1_126' title='bbox 1106 2063 1240 2120; x_wconf 87' lang='lat' dir='ltr'><strong>nostras</strong></span> <span class='ocrx_word' id='word_1_127' title='bbox 1263 2056 1350 2120; x_wconf 90' lang='lat' dir='ltr'><strong>nihil</strong></span> 
     </span>
     <span class='ocr_line' id='line_1_17' title="bbox 48 2163 575 2247; baseline 0 -19"><span class='ocrx_word' id='word_1_128' title='bbox 48 2163 288 2247; x_wconf 88' lang='lat' dir='ltr'><strong>replicassent,</strong></span> <span class='ocrx_word' id='word_1_129' title='bbox 317 2166 444 2228; x_wconf 85' lang='lat' dir='ltr'><strong>mansit</strong></span> <span class='ocrx_word' id='word_1_130' title='bbox 468 2167 505 2228; x_wconf 89' lang='lat' dir='ltr'><strong>in</strong></span> <span class='ocrx_word' id='word_1_131' title='bbox 528 2185 575 2228; x_wconf 90' lang='lat' dir='ltr'><strong>e0.</strong></span> 
     </span>
    </p>

    <p class='ocr_par' dir='ltr' id='par_1_3' title="bbox 49 2269 1354 3534">
     <span class='ocr_line' id='line_1_18' title="bbox 166 2269 1351 2354; baseline 0 -20"><span class='ocrx_word' id='word_1_132' title='bbox 166 2269 283 2334; x_wconf 82' lang='lat' dir='ltr'><strong>Toties</strong></span> <span class='ocrx_word' id='word_1_133' title='bbox 305 2273 490 2354; x_wconf 90' lang='lat' dir='ltr'><strong>repetitam</strong></span> <span class='ocrx_word' id='word_1_134' title='bbox 512 2271 755 2336; x_wconf 89' lang='lat' dir='ltr'><strong>insclutionem</strong></span> <span class='ocrx_word' id='word_1_135' title='bbox 777 2270 1013 2336; x_wconf 83' lang='lat' dir='ltr'><strong>Ocnfiniorum</strong></span> <span class='ocrx_word' id='word_1_136' title='bbox 1036 2293 1099 2334; x_wconf 92' lang='lat' dir='ltr'><strong>neo</strong></span> <span class='ocrx_word' id='word_1_137' title='bbox 1117 2269 1173 2334; x_wconf 89' lang='lat' dir='ltr'><strong>hie</strong></span> <span class='ocrx_word' id='word_1_138' title='bbox 1190 2273 1351 2335; x_wconf 87' lang='lat' dir='ltr'><strong>omittere</strong></span> 
     </span>
     <span class='ocr_line' id='line_1_19' title="bbox 51 2377 1352 2461; baseline 0 -19"><span class='ocrx_word' id='word_1_139' title='bbox 51 2398 204 2461; x_wconf 88' lang='lat' dir='ltr'><strong>possum,</strong></span> <span class='ocrx_word' id='word_1_140' title='bbox 229 2399 270 2441; x_wconf 84' lang='lat' dir='ltr'><strong>ex</strong></span> <span class='ocrx_word' id='word_1_141' title='bbox 294 2377 358 2442; x_wconf 90' lang='lat' dir='ltr'><strong>hoc</strong></span> <span class='ocrx_word' id='word_1_142' title='bbox 382 2381 475 2442; x_wconf 84' lang='lat' dir='ltr'><strong>enim</strong></span> <span class='ocrx_word' id='word_1_143' title='bbox 507 2377 687 2443; x_wconf 89' lang='lat' dir='ltr'><strong>solutionis</strong></span> <span class='ocrx_word' id='word_1_144' title='bbox 719 2377 859 2443; x_wconf 88' lang='lat' dir='ltr'><strong>defectu</strong></span> <span class='ocrx_word' id='word_1_145' title='bbox 882 2381 999 2444; x_wconf 89' lang='lat' dir='ltr'><strong>miseri</strong></span> <span class='ocrx_word' id='word_1_146' title='bbox 1024 2377 1226 2444; x_wconf 83' lang='lat' dir='ltr'><strong>Confiniarii</strong></span> <span class='ocrx_word' id='word_1_147' title='bbox 1250 2377 1352 2442; x_wconf 88' lang='lat' dir='ltr'><strong>rebus</strong></span> 
     </span>
     <span class='ocr_line' id='line_1_20' title="bbox 49 2484 1352 2568; baseline 0.001 -20"><span class='ocrx_word' id='word_1_148' title='bbox 49 2488 127 2549; x_wconf 89' lang='lat' dir='ltr'><strong>suis</strong></span> <span class='ocrx_word' id='word_1_149' title='bbox 160 2484 328 2568; x_wconf 82' lang='lat' dir='ltr'><strong>exhausti,</strong></span> <span class='ocrx_word' id='word_1_150' title='bbox 359 2488 428 2549; x_wconf 89' lang='lat' dir='ltr'><strong>nisi</strong></span> <span class='ocrx_word' id='word_1_151' title='bbox 458 2488 651 2550; x_wconf 89' lang='lat' dir='ltr'><strong>vicinorum</strong></span> <span class='ocrx_word' id='word_1_152' title='bbox 689 2485 924 2551; x_wconf 89' lang='lat' dir='ltr'><strong>Dominorum&#39;</strong></span> <span class='ocrx_word' id='word_1_153' title='bbox 946 2494 981 2550; x_wconf 93' lang='grc'><strong>61</strong></span> <span class='ocrx_word' id='word_1_154' title='bbox 1013 2485 1192 2552; x_wconf 89' lang='lat' dir='ltr'><strong>Nobilium</strong></span> <span class='ocrx_word' id='word_1_155' title='bbox 1223 2489 1352 2566; x_wconf 90' lang='lat' dir='ltr'><strong>vineas,</strong></span> 
     </span>
     <span class='ocr_line' id='line_1_21' title="bbox 51 2589 1352 2678; baseline 0.001 -22"><span class='ocrx_word' id='word_1_156' title='bbox 51 2600 167 2656; x_wconf 89' lang='lat' dir='ltr'><strong>terras</strong></span> <span class='ocrx_word' id='word_1_157' title='bbox 190 2589 345 2674; x_wconf 86' lang='lat' dir='ltr'><strong>arabiles,</strong></span> <span class='ocrx_word' id='word_1_158' title='bbox 369 2599 467 2675; x_wconf 90' lang='lat' dir='ltr'><strong>prata</strong></span> <span class='ocrx_word' id='word_1_159' title='bbox 486 2601 521 2656; x_wconf 93' lang='lat' dir='ltr'><strong>et</strong></span> <span class='ocrx_word' id='word_1_160' title='bbox 536 2591 604 2656; x_wconf 90' lang='lat' dir='ltr'><strong>alia</strong></span> <span class='ocrx_word' id='word_1_161' title='bbox 623 2593 712 2658; x_wconf 90' lang='lat' dir='ltr'><strong>bona</strong></span> <span class='ocrx_word' id='word_1_162' title='bbox 734 2601 883 2677; x_wconf 84' lang='lat' dir='ltr'><strong>vastent,</strong></span> <span class='ocrx_word' id='word_1_163' title='bbox 898 2595 955 2659; x_wconf 90' lang='lat' dir='ltr'><strong>vel</strong></span> <span class='ocrx_word' id='word_1_164' title='bbox 970 2615 1052 2660; x_wconf 84' lang='lat' dir='ltr'><strong>vero</strong></span> <span class='ocrx_word' id='word_1_165' title='bbox 1075 2593 1230 2678; x_wconf 89' lang='lat' dir='ltr'><strong>alioquin</strong></span> <span class='ocrx_word' id='word_1_166' title='bbox 1246 2597 1352 2658; x_wconf 92' lang='lat' dir='ltr'><strong>etiam</strong></span> 
     </span>
     <span class='ocr_line' id='line_1_22' title="bbox 51 2699 1353 2784; baseline 0.001 -20"><span class='ocrx_word' id='word_1_167' title='bbox 51 2701 227 2782; x_wconf 87' lang='lat' dir='ltr'><strong>furentur,</strong></span> <span class='ocrx_word' id='word_1_168' title='bbox 243 2707 278 2763; x_wconf 90' lang='lat' dir='ltr'><strong>et</strong></span> <span class='ocrx_word' id='word_1_169' title='bbox 296 2700 511 2783; x_wconf 88' lang='lat' dir='ltr'><strong>praedentur,</strong></span> <span class='ocrx_word' id='word_1_170' title='bbox 535 2701 760 2784; x_wconf 87' lang='lat' dir='ltr'><strong>miseramque</strong></span> <span class='ocrx_word' id='word_1_171' title='bbox 778 2699 912 2784; x_wconf 91' lang='lat' dir='ltr'><strong>plebem</strong></span> <span class='ocrx_word' id='word_1_172' title='bbox 936 2707 1133 2782; x_wconf 89' lang='lat' dir='ltr'><strong>extenuent,</strong></span> <span class='ocrx_word' id='word_1_173' title='bbox 1153 2722 1250 2783; x_wconf 89' lang='lat' dir='ltr'><strong>saepe</strong></span> <span class='ocrx_word' id='word_1_174' title='bbox 1267 2701 1353 2765; x_wconf 89' lang='lat' dir='ltr'><strong>alias</strong></span> 
     </span>
     <span class='ocr_line' id='line_1_23' title="bbox 51 2804 1352 2890; baseline 0 -18"><span class='ocrx_word' id='word_1_175' title='bbox 51 2807 98 2872; x_wconf 86' lang='lat' dir='ltr'><strong>ad</strong></span> <span class='ocrx_word' id='word_1_176' title='bbox 127 2807 405 2871; x_wconf 87' lang='lat' dir='ltr'><strong>manducandum</strong></span> <span class='ocrx_word' id='word_1_177' title='bbox 429 2805 516 2870; x_wconf 90' lang='lat' dir='ltr'><strong>nihil</strong></span> <span class='ocrx_word' id='word_1_178' title='bbox 540 2804 679 2886; x_wconf 66' lang='grc'><strong>1165661,</strong></span> <span class='ocrx_word' id='word_1_179' title='bbox 710 2806 791 2870; x_wconf 89' lang='grc'><strong>11166</strong></span> <span class='ocrx_word' id='word_1_180' title='bbox 823 2829 922 2890; x_wconf 90' lang='lat' dir='ltr'><strong>saepe</strong></span> <span class='ocrx_word' id='word_1_181' title='bbox 955 2806 1041 2870; x_wconf 87' lang='lat' dir='ltr'><strong>tales</strong></span> <span class='ocrx_word' id='word_1_182' title='bbox 1072 2806 1129 2870; x_wconf 86' lang='lat' dir='ltr'><strong>vel</strong></span> <span class='ocrx_word' id='word_1_183' title='bbox 1163 2806 1292 2871; x_wconf 91' lang='lat' dir='ltr'><strong>ibidem</strong></span> <span class='ocrx_word' id='word_1_184' title='bbox 1316 2811 1352 2872; x_wconf 92' lang='lat' dir='ltr'><strong>in</strong></span> 
     </span>
     <span class='ocr_line' id='line_1_24' title="bbox 52 2911 1353 3000; baseline 0 -22"><span class='ocrx_word' id='word_1_185' title='bbox 52 2913 221 3000; x_wconf 87' lang='lat' dir='ltr'><strong>flagranti</strong></span> <span class='ocrx_word' id='word_1_186' title='bbox 253 2914 457 2998; x_wconf 88' lang='lat' dir='ltr'><strong>deprehensi</strong></span> <span class='ocrx_word' id='word_1_187' title='bbox 487 2917 606 2978; x_wconf 90' lang='lat' dir='ltr'><strong>statim</strong></span> <span class='ocrx_word' id='word_1_188' title='bbox 639 2916 830 2996; x_wconf 88' lang='lat' dir='ltr'><strong>puniuntur</strong></span> <span class='ocrx_word' id='word_1_189' title='bbox 857 2911 959 2996; x_wconf 82' lang='lat' dir='ltr'><strong>juxta</strong></span> <span class='ocrx_word' id='word_1_190' title='bbox 992 2913 1207 2996; x_wconf 91' lang='lat' dir='ltr'><strong>demeritum,</strong></span> <span class='ocrx_word' id='word_1_191' title='bbox 1239 2915 1295 2978; x_wconf 89' lang='lat' dir='ltr'><strong>vel</strong></span> <span class='ocrx_word' id='word_1_192' title='bbox 1324 2919 1353 2979; x_wconf 91' lang='lat' dir='ltr'><strong>si</strong></span> 
     </span>
     <span class='ocr_line' id='line_1_25' title="bbox 55 3019 1352 3107; baseline 0.002 -23"><span class='ocrx_word' id='word_1_193' title='bbox 55 3020 202 3107; x_wconf 88' lang='lat' dir='ltr'><strong>fugiunt</strong></span> <span class='ocrx_word' id='word_1_194' title='bbox 225 3045 268 3086; x_wconf 85' lang='lat' dir='ltr'><strong>ex</strong></span> <span class='ocrx_word' id='word_1_195' title='bbox 291 3023 364 3087; x_wconf 94' lang='lat' dir='ltr'><strong>loco</strong></span> <span class='ocrx_word' id='word_1_196' title='bbox 388 3022 517 3104; x_wconf 90' lang='lat' dir='ltr'><strong>delicti,</strong></span> <span class='ocrx_word' id='word_1_197' title='bbox 542 3019 631 3104; x_wconf 86' lang='lat' dir='ltr'><strong>juris</strong></span> <span class='ocrx_word' id='word_1_198' title='bbox 659 3021 779 3086; x_wconf 91' lang='lat' dir='ltr'><strong>ordine</strong></span> <span class='ocrx_word' id='word_1_199' title='bbox 812 3023 1065 3086; x_wconf 86' lang='lat' dir='ltr'><strong>conveniuntur</strong></span> <span class='ocrx_word' id='word_1_200' title='bbox 1086 3029 1121 3084; x_wconf 93' lang='lat' dir='ltr'><strong>et</strong></span> <span class='ocrx_word' id='word_1_201' title='bbox 1146 3021 1352 3104; x_wconf 88' lang='lat' dir='ltr'><strong>plectuntur.</strong></span> 
     </span>
     <span class='ocr_line' id='line_1_26' title="bbox 56 3127 1354 3213; baseline 0 -21"><span class='ocrx_word' id='word_1_202' title='bbox 56 3128 131 3193; x_wconf 87' lang='lat' dir='ltr'><strong>Alii</strong></span> <span class='ocrx_word' id='word_1_203' title='bbox 164 3151 245 3194; x_wconf 92' lang='lat' dir='ltr'><strong>vero</strong></span> <span class='ocrx_word' id='word_1_204' title='bbox 277 3130 471 3194; x_wconf 89' lang='lat' dir='ltr'><strong>mendicare</strong></span> <span class='ocrx_word' id='word_1_205' title='bbox 504 3128 750 3211; x_wconf 89' lang='lat' dir='ltr'><strong>erubescentes,</strong></span> <span class='ocrx_word' id='word_1_206' title='bbox 784 3127 944 3213; x_wconf 88' lang='lat' dir='ltr'><strong>furtaque</strong></span> <span class='ocrx_word' id='word_1_207' title='bbox 977 3135 1013 3192; x_wconf 91' lang='lat' dir='ltr'><strong>et</strong></span> <span class='ocrx_word' id='word_1_208' title='bbox 1046 3129 1229 3211; x_wconf 79' lang='lat' dir='ltr'><strong>praedonis</strong></span> <span class='ocrx_word' id='word_1_209' title='bbox 1263 3131 1354 3193; x_wconf 90' lang='lat' dir='ltr'><strong>inter</strong></span> 
     </span>
     <span class='ocr_line' id='line_1_27' title="bbox 55 3235 1352 3318; baseline -0.002 -18"><span class='ocrx_word' id='word_1_210' title='bbox 55 3235 276 3303; x_wconf 86' lang='lat' dir='ltr'><strong>Christianos</strong></span> <span class='ocrx_word' id='word_1_211' title='bbox 313 3239 528 3302; x_wconf 86' lang='lat' dir='ltr'><strong>committere</strong></span> <span class='ocrx_word' id='word_1_212' title='bbox 561 3235 616 3300; x_wconf 88' lang='lat' dir='ltr'><strong>vel</strong></span> <span class='ocrx_word' id='word_1_213' title='bbox 649 3239 811 3300; x_wconf 87' lang='lat' dir='ltr'><strong>timentes</strong></span> <span class='ocrx_word' id='word_1_214' title='bbox 849 3235 906 3300; x_wconf 90' lang='lat' dir='ltr'><strong>vel</strong></span> <span class='ocrx_word' id='word_1_215' title='bbox 942 3235 1107 3318; x_wconf 90' lang='lat' dir='ltr'><strong>nolentes,</strong></span> <span class='ocrx_word' id='word_1_216' title='bbox 1146 3243 1352 3300; x_wconf 85' lang='lat' dir='ltr'><strong>convertunt</strong></span> 
     </span>
     <span class='ocr_line' id='line_1_28' title="bbox 55 3341 1353 3428; baseline -0.002 -20"><span class='ocrx_word' id='word_1_217' title='bbox 55 3367 131 3408; x_wconf 89' lang='lat' dir='ltr'><strong>sese</strong></span> <span class='ocrx_word' id='word_1_218' title='bbox 146 3345 190 3410; x_wconf 93' lang='lat' dir='ltr'><strong>ad</strong></span> <span class='ocrx_word' id='word_1_219' title='bbox 208 3345 350 3428; x_wconf 86' lang='lat' dir='ltr'><strong>praedas</strong></span> <span class='ocrx_word' id='word_1_220' title='bbox 369 3344 539 3422; x_wconf 81' lang='lat' dir='ltr'><strong>Turcicas,</strong></span> <span class='ocrx_word' id='word_1_221' title='bbox 558 3341 683 3428; x_wconf 91' lang='lat' dir='ltr'><strong>quibus</strong></span> <span class='ocrx_word' id='word_1_222' title='bbox 700 3343 830 3406; x_wconf 83' lang='lat' dir='ltr'><strong>Turcae</strong></span> <span class='ocrx_word' id='word_1_223' title='bbox 848 3345 993 3426; x_wconf 88' lang='lat' dir='ltr'><strong>incitati,</strong></span> <span class='ocrx_word' id='word_1_224' title='bbox 1010 3341 1153 3424; x_wconf 92' lang='lat' dir='ltr'><strong>decuplo</strong></span> <span class='ocrx_word' id='word_1_225' title='bbox 1169 3342 1353 3427; x_wconf 87' lang='lat' dir='ltr'><strong>aliquando</strong></span> 
     </span>
     <span class='ocr_line' id='line_1_29' title="bbox 55 3448 1353 3534; baseline -0.002 -19"><span class='ocrx_word' id='word_1_226' title='bbox 55 3461 93 3515; x_wconf 86' lang='lat' dir='ltr'><strong>et</strong></span> <span class='ocrx_word' id='word_1_227' title='bbox 118 3453 211 3517; x_wconf 89' lang='lat' dir='ltr'><strong>ultra</strong></span> <span class='ocrx_word' id='word_1_228' title='bbox 243 3448 442 3534; x_wconf 89' lang='lat' dir='ltr'><strong>hujusmodi</strong></span> <span class='ocrx_word' id='word_1_229' title='bbox 474 3451 599 3515; x_wconf 89' lang='lat' dir='ltr'><strong>damna</strong></span> <span class='ocrx_word' id='word_1_230' title='bbox 632 3453 715 3533; x_wconf 88' lang='lat' dir='ltr'><strong>ipsis</strong></span> <span class='ocrx_word' id='word_1_231' title='bbox 747 3449 844 3514; x_wconf 90' lang='lat' dir='ltr'><strong>illata</strong></span> <span class='ocrx_word' id='word_1_232' title='bbox 877 3452 1076 3532; x_wconf 89' lang='lat' dir='ltr'><strong>resarciunt,</strong></span> <span class='ocrx_word' id='word_1_233' title='bbox 1099 3457 1134 3513; x_wconf 91' lang='lat' dir='ltr'><strong>et</strong></span> <span class='ocrx_word' id='word_1_234' title='bbox 1158 3452 1353 3533; x_wconf 88' lang='lat' dir='ltr'><strong>saepissime</strong></span> 
     </span>
    </p>
   </div>
   <div class='ocr_carea' id='block_1_3' title="bbox 56 3641 1355 4719">
    <p class='ocr_par' dir='ltr' id='par_1_4' title="bbox 56 3641 1355 4719">
     <span class='ocr_line' id='line_1_30' title="bbox 170 3641 1354 3729; baseline -0.003 -13"><span class='ocrx_word' id='word_1_235' title='bbox 170 3669 180 3698; x_wconf 82' lang='lat'>⁸</span> <span class='ocrx_word' id='word_1_236' title='bbox 200 3641 282 3716; x_wconf 60' lang='lat' dir='ltr'>1638ss</span> <span class='ocrx_word' id='word_1_237' title='bbox 296 3664 362 3716; x_wconf 87' lang='lat' dir='ltr'><strong>Art.</strong></span> <span class='ocrx_word' id='word_1_238' title='bbox 383 3661 447 3715; x_wconf 89' lang='lat' dir='ltr'><strong>XI:</strong></span> <span class='ocrx_word' id='word_1_239' title='bbox 467 3661 504 3714; x_wconf 90' lang='lat' dir='ltr'><strong>In</strong></span> <span class='ocrx_word' id='word_1_240' title='bbox 523 3661 719 3714; x_wconf 90' lang='lat' dir='ltr'><strong>confiniorum</strong></span> <span class='ocrx_word' id='word_1_241' title='bbox 737 3665 921 3713; x_wconf 85' lang='lat' dir='ltr'><strong>structuram</strong></span> <span class='ocrx_word' id='word_1_242' title='bbox 941 3665 972 3713; x_wconf 90' lang='grc'><strong>61</strong></span> <span class='ocrx_word' id='word_1_243' title='bbox 984 3661 1186 3726; x_wconf 90' lang='lat' dir='ltr'><strong>necessitates,</strong></span> <span class='ocrx_word' id='word_1_244' title='bbox 1205 3659 1354 3729; x_wconf 87' lang='lat' dir='ltr'><strong>gratuitos</strong></span> 
     </span>
     <span class='ocr_line' id='line_1_31' title="bbox 57 3747 1355 3822; baseline -0.004 -17"><span class='ocrx_word' id='word_1_245' title='bbox 57 3751 176 3805; x_wconf 88' lang='lat' dir='ltr'><strong>labores</strong></span> <span class='ocrx_word' id='word_1_246' title='bbox 195 3752 372 3805; x_wconf 87' lang='lat' dir='ltr'><strong>adinventos</strong></span> <span class='ocrx_word' id='word_1_247' title='bbox 395 3752 611 3822; x_wconf 89' lang='lat' dir='ltr'><strong>praestitcsque</strong></span> <span class='ocrx_word' id='word_1_248' title='bbox 631 3765 693 3804; x_wconf 90' lang='lat' dir='ltr'><strong>esse</strong></span> <span class='ocrx_word' id='word_1_249' title='bbox 713 3749 827 3802; x_wconf 89' lang='lat' dir='ltr'><strong>clarum</strong></span> <span class='ocrx_word' id='word_1_250' title='bbox 846 3755 892 3802; x_wconf 90' lang='lat' dir='ltr'><strong>est</strong></span> <span class='ocrx_word' id='word_1_251' title='bbox 910 3749 989 3820; x_wconf 90' lang='lat' dir='ltr'><strong>apud</strong></span> <span class='ocrx_word' id='word_1_252' title='bbox 1008 3749 1055 3802; x_wconf 87' lang='lat' dir='ltr'><strong>SS.</strong></span> <span class='ocrx_word' id='word_1_253' title='bbox 1075 3754 1106 3802; x_wconf 91' lang='lat' dir='ltr'><strong>et</strong></span> <span class='ocrx_word' id='word_1_254' title='bbox 1124 3747 1157 3801; x_wconf 94' lang='lat' dir='ltr'><strong>O.</strong></span> <span class='ocrx_word' id='word_1_255' title='bbox 1179 3747 1211 3800; x_wconf 86' lang='lat'><strong>0.</strong></span> <span class='ocrx_word' id='word_1_256' title='bbox 1240 3748 1292 3818; x_wconf 89' lang='lat' dir='ltr'><strong>qui</strong></span> <span class='ocrx_word' id='word_1_257' title='bbox 1319 3755 1355 3800; x_wconf 92' lang='lat' dir='ltr'><strong>ut</strong></span> 
     </span>
     <span class='ocr_line' id='line_1_32' title="bbox 56 3835 1354 3911; baseline -0.005 -17"><span class='ocrx_word' id='word_1_258' title='bbox 56 3841 201 3911; x_wconf 86' lang='lat' dir='ltr'><strong>deinceps</strong></span> <span class='ocrx_word' id='word_1_259' title='bbox 219 3841 284 3896; x_wconf 88' lang='lat' dir='ltr'><strong>sine</strong></span> <span class='ocrx_word' id='word_1_260' title='bbox 303 3839 408 3895; x_wconf 84' lang='lat' dir='ltr'><strong>fraude</strong></span> <span class='ocrx_word' id='word_1_261' title='bbox 427 3840 551 3911; x_wconf 89' lang='lat' dir='ltr'><strong>doloque</strong></span> <span class='ocrx_word' id='word_1_262' title='bbox 571 3839 724 3910; x_wconf 86' lang='lat' dir='ltr'><strong>praestari,</strong></span> <span class='ocrx_word' id='word_1_263' title='bbox 745 3839 1015 3910; x_wconf 89' lang='lat' dir='ltr'><strong>praestitorumque</strong></span> <span class='ocrx_word' id='word_1_264' title='bbox 1028 3838 1066 3892; x_wconf 88' lang='lat' dir='ltr'><strong>ab</strong></span> <span class='ocrx_word' id='word_1_265' title='bbox 1079 3853 1157 3891; x_wconf 89' lang='lat' dir='ltr'><strong>anno</strong></span> <span class='ocrx_word' id='word_1_266' title='bbox 1177 3837 1254 3890; x_wconf 81' lang='grc'><strong>1625.</strong></span> <span class='ocrx_word' id='word_1_267' title='bbox 1275 3835 1354 3889; x_wconf 87' lang='lat' dir='ltr'><strong>infra</strong></span> 
     </span>
     <span class='ocr_line' id='line_1_33' title="bbox 57 3927 1353 4002; baseline -0.002 -20"><span class='ocrx_word' id='word_1_268' title='bbox 57 3931 218 3984; x_wconf 85' lang='lat' dir='ltr'><strong>decursum</strong></span> <span class='ocrx_word' id='word_1_269' title='bbox 238 3931 402 4002; x_wconf 88' lang='lat' dir='ltr'><strong>praesentis</strong></span> <span class='ocrx_word' id='word_1_270' title='bbox 421 3931 493 3982; x_wconf 88' lang='lat' dir='ltr'><strong>anni</strong></span> <span class='ocrx_word' id='word_1_271' title='bbox 513 3929 590 3983; x_wconf 89' lang='lat' dir='ltr'><strong>ratic</strong></span> <span class='ocrx_word' id='word_1_272' title='bbox 611 3929 702 3998; x_wconf 90' lang='lat' dir='ltr'><strong>possit</strong></span> <span class='ocrx_word' id='word_1_273' title='bbox 721 3928 801 3994; x_wconf 90' lang='lat' dir='ltr'><strong>iniri,</strong></span> <span class='ocrx_word' id='word_1_274' title='bbox 827 3927 999 3981; x_wconf 88' lang='lat' dir='ltr'><strong>decernitur</strong></span> <span class='ocrx_word' id='word_1_275' title='bbox 1017 3933 1053 3980; x_wconf 91' lang='lat' dir='ltr'><strong>ut</strong></span> <span class='ocrx_word' id='word_1_276' title='bbox 1078 3927 1165 3979; x_wconf 90' lang='lat' dir='ltr'><strong>iuxta</strong></span> <span class='ocrx_word' id='word_1_277' title='bbox 1183 3927 1255 3979; x_wconf 89' lang='lat' dir='ltr'><strong>anni</strong></span> <span class='ocrx_word' id='word_1_278' title='bbox 1276 3928 1353 3980; x_wconf 87' lang='grc'><strong>1616.</strong></span> 
     </span>
     <span class='ocr_line' id='line_1_34' title="bbox 59 4014 1355 4087; baseline -0.005 -13"><span class='ocrx_word' id='word_1_279' title='bbox 59 4027 116 4074; x_wconf 87' lang='lat' dir='ltr'><strong>art.</strong></span> <span class='ocrx_word' id='word_1_280' title='bbox 137 4022 172 4073; x_wconf 81' lang='lat'><strong>52</strong></span> <span class='ocrx_word' id='word_1_281' title='bbox 191 4021 282 4073; x_wconf 76' lang='grc'><strong>6121.</strong></span> <span class='ocrx_word' id='word_1_282' title='bbox 302 4020 374 4073; x_wconf 87' lang='lat' dir='ltr'><strong>anni</strong></span> <span class='ocrx_word' id='word_1_283' title='bbox 395 4019 473 4087; x_wconf 88' lang='grc'><strong>1563,</strong></span> <span class='ocrx_word' id='word_1_284' title='bbox 493 4020 525 4071; x_wconf 92' lang='grc'><strong>16</strong></span> <span class='ocrx_word' id='word_1_285' title='bbox 545 4017 645 4071; x_wconf 87' lang='lat' dir='ltr'><strong>eodem</strong></span> <span class='ocrx_word' id='word_1_286' title='bbox 665 4018 801 4084; x_wconf 90' lang='lat' dir='ltr'><strong>citatum,</strong></span> <span class='ocrx_word' id='word_1_287' title='bbox 824 4018 854 4070; x_wconf 91' lang='lat' dir='ltr'><strong>in</strong></span> <span class='ocrx_word' id='word_1_288' title='bbox 876 4017 1011 4086; x_wconf 88' lang='lat' dir='ltr'><strong>partibus</strong></span> <span class='ocrx_word' id='word_1_289' title='bbox 1030 4015 1149 4087; x_wconf 89' lang='lat' dir='ltr'><strong>quidem</strong></span> <span class='ocrx_word' id='word_1_290' title='bbox 1168 4016 1211 4069; x_wconf 87' lang='lat' dir='ltr'><strong>cis</strong></span> <span class='ocrx_word' id='word_1_291' title='bbox 1230 4022 1261 4069; x_wconf 90' lang='grc'><strong>61</strong></span> <span class='ocrx_word' id='word_1_292' title='bbox 1273 4014 1355 4069; x_wconf 90' lang='lat' dir='ltr'><strong>ultra</strong></span> 
     </span>
     <span class='ocr_line' id='line_1_35' title="bbox 61 4105 1354 4178; baseline -0.003 -16"><span class='ocrx_word' id='word_1_293' title='bbox 61 4107 345 4178; x_wconf 63' lang='lat' dir='ltr'><strong>Danubiumque.</strong></span> <span class='ocrx_word' id='word_1_294' title='bbox 364 4109 525 4178; x_wconf 78' lang='lat' dir='ltr'><strong>palatinae,</strong></span> <span class='ocrx_word' id='word_1_295' title='bbox 547 4107 661 4177; x_wconf 84' lang='lat' dir='ltr'><strong>velipso</strong></span> <span class='ocrx_word' id='word_1_296' title='bbox 681 4107 716 4159; x_wconf 94' lang='lat' dir='ltr'><strong>D.</strong></span> <span class='ocrx_word' id='word_1_297' title='bbox 736 4105 766 4159; x_wconf 86' lang='lat' dir='ltr'><strong>C.</strong></span> <span class='ocrx_word' id='word_1_298' title='bbox 786 4105 920 4176; x_wconf 84' lang='lat' dir='ltr'><strong>palatino</strong></span> <span class='ocrx_word' id='word_1_299' title='bbox 937 4105 1075 4175; x_wconf 82' lang='lat' dir='ltr'><strong>legitime</strong></span> <span class='ocrx_word' id='word_1_300' title='bbox 1093 4105 1244 4176; x_wconf 85' lang='lat' dir='ltr'><strong>impedito,</strong></span> <span class='ocrx_word' id='word_1_301' title='bbox 1265 4105 1299 4158; x_wconf 94' lang='lat' dir='ltr'><strong>D.</strong></span> <span class='ocrx_word' id='word_1_302' title='bbox 1320 4106 1354 4159; x_wconf 94' lang='lat' dir='ltr'><strong>D.</strong></span> 
     </span>
     <span class='ocr_line' id='line_1_36' title="bbox 60 4195 1355 4269; baseline -0.003 -17"><span class='ocrx_word' id='word_1_303' title='bbox 60 4199 186 4252; x_wconf 76' lang='lat' dir='ltr'><strong>comites</strong></span> <span class='ocrx_word' id='word_1_304' title='bbox 204 4197 372 4269; x_wconf 87' lang='lat' dir='ltr'><strong>Stephanus</strong></span> <span class='ocrx_word' id='word_1_305' title='bbox 395 4197 471 4252; x_wconf 78' lang='lat' dir='ltr'><strong>Ptlfi</strong></span> <span class='ocrx_word' id='word_1_306' title='bbox 485 4203 515 4251; x_wconf 91' lang='lat' dir='ltr'><strong>et</strong></span> <span class='ocrx_word' id='word_1_307' title='bbox 528 4197 662 4251; x_wconf 83' lang='lat' dir='ltr'><strong>Adamas</strong></span> <span class='ocrx_word' id='word_1_308' title='bbox 674 4197 711 4249; x_wconf 91' lang='lat' dir='ltr'><strong>de</strong></span> <span class='ocrx_word' id='word_1_309' title='bbox 724 4195 879 4266; x_wconf 71' lang='lat' dir='ltr'><strong>Batthybn</strong></span> <span class='ocrx_word' id='word_1_310' title='bbox 898 4195 1070 4266; x_wconf 86' lang='lat' dir='ltr'><strong>generales;</strong></span> <span class='ocrx_word' id='word_1_311' title='bbox 1090 4195 1271 4265; x_wconf 86' lang='lat' dir='ltr'><strong>inpartibus</strong></span> <span class='ocrx_word' id='word_1_312' title='bbox 1284 4211 1355 4248; x_wconf 88' lang='lat' dir='ltr'><strong>vero</strong></span> 
     </span>
     <span class='ocr_line' id='line_1_37' title="bbox 61 4284 1355 4358; baseline -0.002 -17"><span class='ocrx_word' id='word_1_313' title='bbox 61 4288 149 4358; x_wconf 92' lang='lat' dir='ltr'><strong>regni</strong></span> <span class='ocrx_word' id='word_1_314' title='bbox 168 4287 370 4356; x_wconf 86' lang='lat' dir='ltr'><strong>superioribus</strong></span> <span class='ocrx_word' id='word_1_315' title='bbox 391 4287 426 4340; x_wconf 93' lang='lat' dir='ltr'><strong>D.</strong></span> <span class='ocrx_word' id='word_1_316' title='bbox 446 4285 476 4340; x_wconf 86' lang='lat' dir='ltr'><strong>(l.</strong></span> <span class='ocrx_word' id='word_1_317' title='bbox 496 4287 587 4339; x_wconf 87' lang='lat' dir='ltr'><strong>iudex</strong></span> <span class='ocrx_word' id='word_1_318' title='bbox 606 4287 707 4340; x_wconf 88' lang='lat' dir='ltr'><strong>curiae</strong></span> <span class='ocrx_word' id='word_1_319' title='bbox 726 4285 835 4354; x_wconf 86' lang='lat' dir='ltr'><strong>regiae,</strong></span> <span class='ocrx_word' id='word_1_320' title='bbox 855 4284 1024 4338; x_wconf 89' lang='lat' dir='ltr'><strong>convocatis</strong></span> <span class='ocrx_word' id='word_1_321' title='bbox 1053 4285 1249 4338; x_wconf 89' lang='lat' dir='ltr'><strong>comitatuum</strong></span> <span class='ocrx_word' id='word_1_322' title='bbox 1277 4285 1355 4338; x_wconf 86' lang='lat' dir='ltr'><strong>vioe-</strong></span> 
     </span>
     <span class='ocr_line' id='line_1_38' title="bbox 60 4371 1355 4448; baseline -0.002 -18"><span class='ocrx_word' id='word_1_323' title='bbox 60 4376 262 4444; x_wconf 88' lang='lat' dir='ltr'><strong>comitatibus,</strong></span> <span class='ocrx_word' id='word_1_324' title='bbox 282 4375 409 4448; x_wconf 89' lang='lat' dir='ltr'><strong>aliisque</strong></span> <span class='ocrx_word' id='word_1_325' title='bbox 428 4377 465 4430; x_wconf 86' lang='lat' dir='ltr'><strong>ad</strong></span> <span class='ocrx_word' id='word_1_326' title='bbox 485 4375 516 4428; x_wconf 89' lang='lat' dir='ltr'><strong>id</strong></span> <span class='ocrx_word' id='word_1_327' title='bbox 535 4377 614 4446; x_wconf 88' lang='lat' dir='ltr'><strong>aptis</strong></span> <span class='ocrx_word' id='word_1_328' title='bbox 633 4375 774 4446; x_wconf 89' lang='lat' dir='ltr'><strong>personis,</strong></span> <span class='ocrx_word' id='word_1_329' title='bbox 803 4371 963 4428; x_wconf 90' lang='lat' dir='ltr'><strong>eorundem</strong></span> <span class='ocrx_word' id='word_1_330' title='bbox 989 4374 1192 4444; x_wconf 88' lang='lat' dir='ltr'><strong>gratuitorum</strong></span> <span class='ocrx_word' id='word_1_331' title='bbox 1220 4374 1355 4428; x_wconf 88' lang='lat' dir='ltr'><strong>laborum</strong></span> 
     </span>
     <span class='ocr_line' id='line_1_39' title="bbox 62 4462 1354 4537; baseline -0.002 -17"><span class='ocrx_word' id='word_1_332' title='bbox 62 4470 256 4537; x_wconf 87' lang='lat' dir='ltr'><strong>perceptores,</strong></span> <span class='ocrx_word' id='word_1_333' title='bbox 285 4466 334 4519; x_wconf 89' lang='lat' dir='ltr'><strong>v&#39;el</strong></span> <span class='ocrx_word' id='word_1_334' title='bbox 354 4466 513 4520; x_wconf 89' lang='lat' dir='ltr'><strong>eorundem</strong></span> <span class='ocrx_word' id='word_1_335' title='bbox 533 4464 655 4518; x_wconf 88' lang='lat' dir='ltr'><strong>heredes</strong></span> <span class='ocrx_word' id='word_1_336' title='bbox 675 4469 705 4518; x_wconf 91' lang='lat' dir='ltr'><strong>et</strong></span> <span class='ocrx_word' id='word_1_337' title='bbox 723 4479 913 4530; x_wconf 68' lang='lat' dir='ltr'><strong>successores</strong></span> <span class='ocrx_word' id='word_1_338' title='bbox 933 4463 964 4515; x_wconf 91' lang='lat' dir='ltr'><strong>in</strong></span> <span class='ocrx_word' id='word_1_339' title='bbox 996 4462 1151 4534; x_wconf 87' lang='lat' dir='ltr'><strong>exigendis</strong></span> <span class='ocrx_word' id='word_1_340' title='bbox 1179 4464 1354 4532; x_wconf 80' lang='lat' dir='ltr'><strong>rationibus,</strong></span> 
     </span>
     <span class='ocr_line' id='line_1_40' title="bbox 60 4554 1355 4625; baseline -0.001 -17"><span class='ocrx_word' id='word_1_341' title='bbox 60 4554 200 4609; x_wconf 89' lang='lat' dir='ltr'><strong>omnibus</strong></span> <span class='ocrx_word' id='word_1_342' title='bbox 218 4555 354 4610; x_wconf 87' lang='lat' dir='ltr'><strong>iuridicis</strong></span> <span class='ocrx_word' id='word_1_343' title='bbox 379 4555 517 4610; x_wconf 88' lang='lat' dir='ltr'><strong>remediis</strong></span> <span class='ocrx_word' id='word_1_344' title='bbox 536 4555 674 4609; x_wconf 86' lang='lat' dir='ltr'><strong>abscissis</strong></span> <span class='ocrx_word' id='word_1_345' title='bbox 694 4560 724 4608; x_wconf 90' lang='lat' dir='ltr'><strong>et</strong></span> <span class='ocrx_word' id='word_1_346' title='bbox 744 4554 922 4624; x_wconf 87' lang='lat' dir='ltr'><strong>postpositis,</strong></span> <span class='ocrx_word' id='word_1_347' title='bbox 952 4554 1043 4607; x_wconf 89' lang='lat' dir='ltr'><strong>etiam</strong></span> <span class='ocrx_word' id='word_1_348' title='bbox 1063 4569 1114 4623; x_wconf 90' lang='lat' dir='ltr'><strong>per</strong></span> <span class='ocrx_word' id='word_1_349' title='bbox 1132 4555 1355 4625; x_wconf 88' lang='lat' dir='ltr'><strong>occupationem</strong></span> 
     </span>
     <span class='ocr_line' id='line_1_41' title="bbox 63 4647 714 4719; baseline -0.002 -19"><span class='ocrx_word' id='word_1_350' title='bbox 63 4647 205 4701; x_wconf 90' lang='lat' dir='ltr'><strong>bonorum</strong></span> <span class='ocrx_word' id='word_1_351' title='bbox 224 4648 527 4719; x_wconf 75' lang='lat' dir='ltr'><strong>possessionamorum,</strong></span> <span class='ocrx_word' id='word_1_352' title='bbox 547 4647 714 4717; x_wconf 89' lang='lat' dir='ltr'><strong>procedant.</strong></span> 
     </span>
    </p>
   </div>
   <div class='ocr_carea' id='block_1_4' title="bbox 0 0 1592 5218">
    <p class='ocr_par' dir='ltr' id='par_1_5' title="bbox 0 0 1592 5218">
     <span class='ocr_line' id='line_1_42' title="bbox 0 0 1592 5218; baseline 0 0"><span class='ocrx_word' id='word_1_353' title='bbox 0 0 1592 5218; x_wconf 95' lang='lat' dir='ltr'><strong> </strong></span> 
     </span>
    </p>
   </div>
  </div>
 </body>
</html>
