3138 5212
230 308 298 374 446

339 506 382 570 In
406 509 555 570 comitiis
578 505 693 592 Regni
718 507 812 571 nulla
837 529 914 590 pars
936 528 1022 572 onus
1045 508 1182 597 aliquod
1203 513 1372 594 suscipere
1387 512 1530 576 audeat.

231 613 299 676 nisi
316 635 357 676 ex
373 614 528 676 unanimi
544 611 724 676 voluntate
740 613 949 698 reliquorum
965 613 1138 680 Saxonum
1154 615 1283 681 ibidem
1298 620 1528 684 existentium

233 719 339 784 fuerit
361 719 567 783 conclusum.

338 827 437 904 Quod
458 829 665 892 universitas
688 827 861 893 Saxonum
877 830 1032 893 unanimi
1048 835 1130 893 voto
1147 853 1249 914 penes
1265 831 1350 896 duas
1367 835 1527 896 nationes

232 933 347 1017 Regni
381 934 560 1016 persistere
592 933 678 998 velit
704 936 741 998 in
764 935 922 999 omnibus
950 957 1036 1020 quae
1069 934 1172 1000 fidem
1205 937 1384 1022 Reginalis
1419 939 1527 1003 Maie-

233 1043 334 1104 statis
358 1047 393 1104 et
416 1040 480 1105 filii
504 1044 557 1105 sui
580 1041 813 1121 illustrissimi,
837 1063 1118 1128 communemque
1142 1043 1258 1129 Regni
1273 1045 1470 1110 utilitatem
1494 1059 1526 1110 et

230 1150 526 1213 conservationem
558 1151 789 1232 spectaverint
816 1171 894 1213 cum
918 1171 1085 1214 concensu
1108 1157 1224 1216 tamen
1247 1152 1393 1216 Suarum
1418 1154 1526 1218 Maie-

231 1261 371 1318 statum.

230 1489 548 1561 Bornemiszsza
571 1489 650 1560 Pal
671 1490 905 1580 roszpremi
922 1491 1086 1582 piispbk
1103 1495 1147 1563 es
1162 1493 1337 1564 Werner
1353 1495 1525 1585 Gyorgy

231 1595 388 1690 kirtlyi
405 1596 682 1669 biztosolmak
692 1597 709 1688 j
715 1597 902 1668 elentese
917 1599 1073 1690 Erdffly
1083 1599 1397 1690 jlivedelme'roi.
1414 1603 1521 1672 1552.

233 1763 767 1830 dorcacestrensem
795 1765 861 1829 leod
884 1765 1053 1832 credetirdl
1085 1765 1206 1832 kiodvu
1238 1789 1279 1832 oz
1312 1767 1440 1834 Archiv
1473 1772 1523 1836 des

237 1871 374 1939 Vereins
396 1871 459 1953 fiir
481 1871 760 1956 siebenbttrqiechc
783 1872 1030 1938 Landoskuodc
1055 1872 1149 1938 Neue
1173 1874 1270 1957 rupe
1300 1875 1375 1942 VII.
1399 1878 1431 1942 k.
1450 1880 1521 1943 410.

394 1985 426 2044 cs
449 1979 582 2046 resedere
605 1979 804 2057 Seiwcrtnel,
822 1979 929 2045 Acten
952 1979 1025 2044 trud
1048 1981 1163 2046 Daton
1187 1986 1242 2048 cto.
1266 1983 1318 2049 48.
1342 1984 1362 2049 l.

342 2217 348 2229 .
373 2217 379 2228 .
405 2217 410 2228 .
435 2165 486 2230 De
511 2189 613 2231 censu
643 2167 824 2232 Saxonum.

341 2275 490 2340 Saxones
522 2278 560 2338 in
592 2297 770 2340 commune
804 2274 985 2340 conferunt
1018 2297 1156 2339 censum
1189 2299 1288 2341 suum
1312 2277 1520 2342 ordinarium

233 2379 389 2466 Regibus
422 2381 587 2464 debitum,
619 2385 716 2446 iuxta
749 2380 917 2446 usitatum
949 2384 1040 2446 inter
1070 2384 1161 2464 ipsos
1193 2383 1340 2467 modum,
1379 2407 1519 2471 eumque

233 2489 337 2553 semel
360 2495 498 2552 tantum
521 2491 558 2552 iu
580 2510 669 2553 anno
693 2491 735 2554 ed
760 2489 888 2553 festum
911 2490 985 2553 divi
1013 2489 1157 2552 Martini
1189 2490 1319 2555 solvere
1352 2498 1519 2558 tenentur.

232 2597 297 2661 Est
328 2603 443 2661 autem
467 2604 541 2662 tota
565 2619 696 2663 summa
720 2619 839 2662 census
862 2596 1066 2661 florenorum
1089 2605 1166 2662 octo
1189 2598 1337 2664 millium
1359 2609 1396 2664 et
1427 2605 1519 2686 quin·

233 2711 424 2789 gentorum.
450 2703 516 2768 Sed
540 2704 762 2769 nihilominus
787 2705 877 2768 ultra
902 2725 1040 2768 censum
1064 2703 1287 2769 contribuunt
1307 2705 1469 2773 Subsidia
1484 2715 1516 2772 ut

232 2812 412 2896 sequitur.⁶

341 2917 391 2981 De
417 2918 670 2983 contributione
695 2919 933 2984 Subsidiorum
957 2923 993 2982 in
1016 2919 1280 2983 Transsilvania.

342 3027 487 3092 Constat
510 3028 770 3093 Transsilvanos
795 3030 901 3092 trium
921 3027 1120 3108 Nationum‚
1143 3028 1328 3113 Hungaros
1361 3029 1514 3093 videlicet

233 3141 268 3198 et
292 3134 450 3216 Saxones
473 3158 541 3199 non
564 3143 680 3200 tamen
703 3135 872 3199 solutione
895 3156 1012 3199 eorum
1036 3135 1265 3199 subsidiorum
1289 3158 1355 3220 qua
1379 3136 1515 3201 aliorum

232 3243 347 3327 Regni
390 3243 589 3328 Hungariae
628 3243 790 3308 Statuum
828 3250 862 3306 et
902 3243 1070 3306 Ordinum
1108 3265 1274 3307 consensu
1311 3267 1330 3307 a
1369 3244 1514 3330 Regibus

233 3352 363 3433 imponi
386 3349 505 3432 solent,
529 3354 648 3434 teneri,
672 3353 731 3416 sed
754 3359 854 3415 vetus
879 3358 929 3414 est
954 3371 1026 3413 mos
1049 3350 1093 3413 ad
1117 3349 1200 3413 haec
1232 3373 1338 3436 usque
1371 3359 1511 3435 tempora

233 3457 443 3540 observatus
471 3467 510 3522 ut
534 3461 606 3521 eius
631 3459 724 3522 modi
747 3457 899 3522 subsidia
922 3457 966 3521 ab
990 3455 1059 3520 illis
1082 3455 1276 3539 specialiter
1308 3464 1510 3541 peterentur3

234 3564 302 3629 fuit
326 3573 442 3630 autem
465 3546 676 3650 temporibus
701 3569 852 3650 priorum
875 3565 1013 3650 Regum
1035 3572 1075 3628 ut
1099 3565 1235 3647 dicitur,
1258 3565 1379 3629 modus
1396 3570 1465 3647 iste,
1479 3571 1508 3626 ut

234 3673 417 3738 Nobilibus
450 3675 636 3759 flung-aris,
668 3676 728 3759 qui
768 3677 893 3756 primas
931 3675 1022 3737 inter
1060 3673 1225 3737 Nationes
1264 3675 1348 3736 istas
1386 3672 1507 3748 habent

233 3781 442 3845 indiceretur
474 3789 663 3846 conventus
695 3781 738 3844 ad
772 3781 936 3864 oppidum
968 3779 1150 3860 Thordam,
1183 3800 1289 3864 eoque
1321 3781 1435 3843 nuntii
1463 3773 1506 3840 vel

233 3891 455 3953 commissarii
488 3912 507 3953 a
540 3912 618 3974 rege
652 3891 881 3970 mitterentur,
914 3889 974 3971 qui
1001 3886 1147 3950 subsidii
1180 3887 1382 3970 petitionem
1407 3904 1506 3970 propo

232 4003 361 4059 nerent.

342 4155 347 4167 .
373 4155 379 4168 .
404 4155 410 4166 .
449 4105 581 4168 Eodem
614 4105 713 4168 modo
747 4105 897 4167 indictus
931 4101 1000 4165 fuit
1033 4101 1224 4166 Senonibus
1258 4107 1443 4165 conventus
1471 4095 1502 4161 ad

235 4211 420 4288 Oibinium
453 4216 490 4276 in
522 4233 589 4296 quo
622 4235 699 4276 cum
732 4214 814 4295 ipsis
849 4233 908 4294 per
939 4210 1093 4274 homines
1117 4211 1229 4293 regios
1253 4210 1294 4273 de
1318 4204 1501 4274 conferendo

288 4422 824 4494 ‘ASthe'trton-napiadolMartins-
933 4421 1046 4492 plispbk
1068 4419 1205 4474 loon-ben
1234 4418 1350 4472 Rudolf
1368 4414 1499 4486 kirtlyhoz

233 4511 308 4581 zins)
337 4510 448 4582 Erdely
472 4513 669 4567 killdnvlaleisa
691 4514 764 4565 utdn
785 4513 824 4565 el·
934 4511 1054 4563 kuldott
1070 4507 1273 4579 jelonteseben
1295 4524 1365 4562 nem
1383 4509 1408 4562 is
1424 4495 1498 4559 emisti

233 4598 394 4670 enyeszett.
409 4601 550 4673 Napre'agy
561 4603 701 4656 Demeter
712 4601 825 4672 erdelyi
935 4619 951 4653 a
970 4599 1082 4669 kirtlyi
1099 4596 1286 4667 jbvedelmek
1308 4597 1414 4651 kozott.
