3144 5218
1302 387 1368 451 539

74 581 213 646 realiter
237 581 446 646 observetur.
474 581 549 644 Hoc
582 581 648 644 loci
681 587 867 646 renovatur
898 585 1003 648 etiam
1034 591 1098 647 art.
1116 585 1183 649 bb.
1216 585 1304 650 decr.
1338 588 1366 649 3.

75 689 176 755 Ulad.
200 691 330 774 regisffi

77 846 260 914 Articulus
285 845 412 916 XVIII.
438 845 491 913 De
514 847 798 938 reassumptioue
833 847 936 916 liberi
968 847 1142 916 Eaercitii
1172 849 1368 940 Religionis

75 953 295 1040 Catholicae,
324 975 405 1022 cum
430 955 675 1043 assignatione
699 955 785 1023 Loci
804 977 873 1046 pro
907 957 1039 1045 templo
1063 962 1096 1024 ct
1119 957 1299 1062 Purocbiu
1325 979 1369 1026 ur

407 1063 537 1132 Schola
564 1065 599 1132 iu
625 1064 775 1134 Ciuitate
800 1065 1035 1132 Cussooieusi.

186 1192 416 1278 Conqueritur
449 1193 567 1258 Status
601 1195 808 1278 Catholicus,
837 1195 927 1280 quod
953 1198 1019 1258 etsi
1042 1203 1117 1258 tum
1139 1197 1259 1280 vigore
1292 1216 1368 1259 con-

72 1303 298 1364 stitutionum
321 1304 428 1386 regni,
453 1309 527 1366 tum
551 1305 656 1366 etiam
680 1303 908 1385 diplomatum
931 1303 1104 1387 regiorum
1129 1304 1165 1365 in
1190 1301 1218 1366 7.
1234 1323 1368 1388 quoque

72 1407 306 1490 comitatibus,
323 1407 363 1472 D.
380 1411 527 1492 principi
544 1409 814 1494 Transylvaniae
834 1412 1009 1488 concessis,
1029 1408 1175 1472 liberum
1193 1409 1368 1494 religionis

73 1514 265 1578 catholicae
282 1519 485 1580 exercitium
500 1516 688 1580 admissum
707 1515 847 1596 fuisset;
867 1517 991 1579 civitas
1006 1521 1122 1578 tamen
1136 1513 1369 1579 Cassoviensis

71 1619 274 1704 hujusmodi
301 1623 507 1688 catholicum
531 1627 743 1706 exercitium,
766 1645 835 1688 uon
860 1627 909 1686 ita
938 1622 1070 1706 pridem
1095 1622 1368 1691 interturbasset.

72 1729 338 1816 omnimodeque
362 1731 608 1814 impedivisset,
632 1752 756 1814 magno
781 1729 1035 1812 catholicorum,
1059 1729 1188 1794 ibidem
1224 1751 1369 1794 commo-

72 1839 237 1920 rantium,
260 1841 296 1901 in
319 1837 557 1921 spiritualibus
581 1839 754 1900 exercitiis
778 1835 916 1900 defectu
941 1844 975 1900 et
999 1838 1132 1902 damno.
1155 1837 1370 1920 Quapropter

72 1945 252 2027 statuitur,
276 1952 315 2008 ut
348 1943 555 2008 catholicum
587 1943 764 2029 religionis
797 1947 999 2009 exercitium
1033 1947 1068 2008 in
1101 1944 1194 2008 dicta
1227 1947 1369 2008 civitate

72 2051 302 2136 Oassoviensi,
335 2075 413 2116 cum
445 2053 676 2137 assignatione
710 2050 785 2132 loci,
819 2072 878 2134 pro
912 2051 1040 2134 templo
1071 2059 1106 2116 et
1140 2050 1298 2134 parochia
1331 2074 1370 2115 ac

72 2158 192 2222 schola
217 2158 422 2224 sufficientis
446 2167 481 2223 et
505 2160 629 2242 idonei,
653 2163 751 2224 iuxta
775 2162 874 2245 regni
897 2162 1160 2222 constitutiones
1193 2167 1228 2222 et
1261 2159 1370 2243 diplo-

72 2277 210 2330 matum
234 2269 474 2351 continentiae,
498 2269 623 2330 iterum
656 2269 829 2347 reassumi,
862 2265 1055 2330 sacerdotes
1089 2269 1301 2342 interteneri,
1335 2277 1369 2329 et

73 2396 170 2437 more
195 2375 297 2438 solito
321 2397 398 2438 curn
421 2375 580 2438 omnibus
604 2375 806 2438 ceremoniis
830 2375 1024 2438 continuari
1049 2376 1193 2456 possit.19

189 2529 447 2586 ¹·U1tszlodecr.
471 2532 496 2584 3.
515 2537 571 2584 art.
600 2533 635 2584 tt
662 2532 716 2602 igy
742 2529 906 2584 kezdddik:
934 2529 1081 2600 Episcopi,
1110 2535 1141 2584 et
1168 2529 1370 2584 Ecclesiarum

72 2619 219 2688 Praelati,
239 2619 287 2673 vel
307 2637 409 2674 eorum
438 2621 522 2688 alter,
547 2637 599 2691 pro
619 2637 744 2690 persona
762 2637 824 2689 sua,
845 2625 875 2673 et
894 2619 1044 2672 Ecclesiae
1063 2635 1142 2686 suae,
1166 2621 1370 2690 possessiones,

73 2715 105 2762 et
123 2709 194 2778 jura
214 2710 445 2778 possessionsria
463 2709 638 2778 saecularia,
657 2725 711 2762 uec
724 2727 742 2762 a
755 2710 853 2779 Regia
871 2708 1031 2778 Majestate
1051 2725 1167 2778 quoquo
1181 2707 1266 2760 modo
1280 2709 1370 2778 impe-

73 2805 167 2864 trare,
187 2814 283 2868 neque
303 2799 436 2869 pecuniis
456 2816 557 2852 eorum
574 2799 642 2868 jure
662 2805 805 2869 perpetuo
824 2815 930 2866 emere,
950 2805 980 2850 et
999 2815 1187 2868 comparare;
1208 2805 1260 2850 aut
1281 2798 1371 2850 titulo

74 2888 212 2958 pignoris
231 2887 340 2941 habere
359 2889 481 2958 possint,
501 2893 532 2940 et
551 2887 681 2940 valcant.

188 2978 214 3028 A
234 2976 441 3047 protestansok
461 2994 478 3029 a
498 2975 597 3028 XVII.
617 2975 865 3047 tbrvenycziklret
883 2993 901 3028 a
917 2975 1067 3045 jezsuittk
1096 2977 1185 3030 miatt
1207 2976 1371 3046 surgette'k.

74 3069 121 3118 Aa
142 3065 270 3119 loaaiki
298 3065 392 3134 tokaji
410 3063 518 3135 gytlle's
538 3083 553 3119 e
571 3063 740 3118 ktrdesrbl:
760 3063 914 3117 Statutum
942 3065 1042 3118 tuerat
1070 3069 1125 3117 art.
1145 3065 1170 3116 8.
1190 3081 1268 3117 aiano
1295 3067 1371 3118 1608.

73 3161 149 3208 ante
172 3156 400 3222 coronationem,
420 3160 455 3207 ut
474 3161 573 3224 patres
596 3154 733 3207 Jesuitae
760 3153 844 3206 nulla
864 3155 894 3206 in
915 3153 1074 3223 Hungaria
1093 3153 1173 3218 bona
1200 3153 1322 3207 stabilia
1342 3163 1372 3208 et

74 3246 309 3316 possessionaria
328 3233 438 3298 habere
457 3249 487 3297 et
512 3244 661 3315 possidere
687 3243 826 3313 valeant;
855 3261 922 3298 cum
942 3249 1042 3296 autem
1061 3261 1121 3296 non
1140 3244 1226 3297 modo
1246 3245 1372 3314 collegia

75 3352 130 3405 per
150 3333 349 3402 collationem,
372 3335 603 3404 continuamque
622 3333 815 3386 residentiam
834 3339 864 3386 et
883 3333 1086 3386 aedificiorum
1100 3338 1275 3400 structuras,
1295 3333 1372 3386 bona

74 3425 153 3478 satis
172 3423 301 3492 stabilia,
315 3423 365 3476 sed
379 3429 409 3476 et
424 3424 491 3476 iura
504 3423 735 3493 possessionaria
748 3423 784 3475 de
798 3423 878 3476 iacto
892 3421 1070 3492 possideant,
1089 3420 1240 3491 suplicent
1258 3421 1372 3474 domini

73 3513 313 3584 regnicolas...
334 3519 368 3564 ut
387 3513 464 3566 bona
483 3513 594 3567 eisdem
614 3512 723 3566 collata
735 3513 767 3565 in
783 3515 895 3583 priores
915 3514 1025 3565 iterum
1044 3527 1222 3582 possessores
1240 3509 1372 3574 redeant,

76 3621 113 3657 ac
134 3619 173 3656 ne
191 3601 330 3672 deinceps
358 3603 450 3655 etiam
470 3603 542 3672 ipsis
561 3607 615 3654 aut
633 3601 687 3654 alii
706 3601 820 3655 ordinis
839 3601 1048 3655 ecclesiasticis
1076 3601 1209 3670 personis
1229 3599 1276 3652 vel
1297 3615 1373 3651 com-

76 3691 289 3761 munitatibus,
310 3691 492 3761 praeiudicio
511 3692 748 3745 confirmationis
766 3691 953 3744 decretorum
972 3690 1109 3743 Andreae
1128 3689 1188 3743 adi
1202 3705 1254 3759 per
1276 3688 1373 3741 Ludo-

77 3783 181 3834 vicum
207 3781 335 3850 primum
360 3780 467 3849 i'actae,
493 3781 702 3848 cont'erantur3
735 3781 807 3850 quin
837 3782 895 3833 imo
925 3787 959 3832 ut
987 3785 1107 3850 propter
1132 3777 1372 3849 tranquilliorem

75 3869 299 3940 regnicolarum
319 3871 450 3940 quietem
470 3870 596 3923 dicti...
618 3877 716 3940 patres
735 3886 827 3938 regno
847 3885 962 3940 quoque
981 3869 1160 3936 abstineant,
1184 3885 1250 3920 cum
1270 3866 1372 3919 etalii

75 3960 193 4014 ordinis
212 3959 430 4014 ecclesiasticae
455 3977 597 4030 personae
616 3960 652 4012 ad
672 3961 776 4013 munia
804 3961 1007 4013 ecclesiastica
1035 3959 1170 4012 abeunda
1195 3975 1253 4010 non
1273 3959 1373 4010 minus

76 4049 242 4118 sufficiant,
262 4067 351 4120 quam
371 4051 554 4120 temporibus
567 4050 695 4102 aliorum
714 4050 1049 4119 antiquissimorumque
1068 4049 1206 4101 divorum
1226 4046 1372 4117 quondam

78 4139 257 4208 Hungariae
275 4155 390 4209 regum.
414 4139 567 4209 (Szilagyi,
587 4157 615 4191 u.
634 4141 672 4207 o.)

187 4229 216 4280 A
234 4227 448 4281 katholikusok
468 4245 532 4281 erre
553 4226 850 4298 Nagyszombatbau:
880 4229 977 4280 citant
1005 4233 1060 4280 art.
1079 4228 1104 4279 8.
1125 4227 1196 4278 anni
1227 4226 1302 4278 1608.
1322 4224 1372 4276 sed

78 4318 121 4371 ibi
142 4316 221 4370 nihil
250 4316 357 4371 horum
385 4316 521 4384 babetur,
550 4317 626 4386 quod
655 4333 726 4370 suae
751 4316 827 4368 dom.
847 4316 1055 4386 praetendunt,
1074 4316 1127 4367 illo
1146 4315 1226 4367 enirn
1246 4312 1373 4366 articulo

77 4408 177 4461 solum
197 4407 391 4460 confirmatur
410 4411 465 4458 art.
485 4407 510 4459 8.
524 4406 742 4475 pacificationis
761 4405 940 4458 viennensis.
964 4405 1022 4457 Hic
1037 4403 1121 4456 nulla
1135 4404 1170 4456 fit
1189 4403 1373 4467 constitutio,

79 4499 111 4549 in
131 4499 190 4550 isto
210 4501 311 4548 autem
330 4495 458 4548 articulo
477 4511 614 4564 expresse
643 4495 739 4564 posita
758 4501 829 4547 sunt
848 4493 921 4547 haec
950 4494 1059 4547 verba:
1089 4493 1147 4545 Sua
1176 4499 1276 4544 tamen
1296 4499 1374 4544 intas

76 4586 197 4654 juribus
216 4585 279 4638 suis
297 4585 389 4654 regiis
409 4583 553 4636 inhaeret.
575 4585 582 4642 I
592 4583 623 4636 U.
644 4590 681 4652 ο.)

123 4731 125 4734 ,
192 4683 212 4713 ¹⁸
231 4675 257 4726 Α
286 4673 499 4727 katholikusok
518 4689 552 4725 az
576 4673 732 4733 latrat-ilii
760 4670 1011 4742 orsztggyttleseu
1040 4671 1104 4724 mas
1132 4669 1318 4724 vtrosokbau
1349 4671 1373 4722 is
