3144 5218
1288 362 1353 428 499

64 556 214 638 plenarie
238 556 388 620 traderet
412 563 447 620 et
471 557 688 639 concederet;
721 579 841 622 verum
864 561 969 622 etiam
992 581 1122 624 sacram
1146 563 1244 644 regni
1267 559 1354 644 ejus-

62 663 139 726 dern
165 683 324 728 coronam
347 685 424 727 cum
441 662 598 727 omnibus
622 667 692 728 0010
716 665 880 729 clenodiis
903 668 953 729 ita
976 667 1074 730 daret
1097 674 1132 732 et
1156 671 1353 752 assignaret,

63 779 101 835 ut
125 792 194 834 non
218 771 318 836 modo
341 793 377 835 00
400 770 444 835 ab
468 773 560 835 omni
584 774 783 855 iuramento,
802 774 893 858 quod
912 779 1064 858 tempore
1081 777 1354 859 inaugurationis

60 891 94 943 et
120 881 350 943 coronationis
384 901 463 942 suae
496 882 533 942 in
566 901 679 964 regem
712 881 921 965 Hungariae,
954 903 1056 964 super
1087 880 1287 946 libertatum
1320 893 1354 946 et

63 987 323 1070 privilegiorum
356 990 507 1070 ipsorum
535 985 773 1052 observatione
797 987 996 1052 solemniter
1018 991 1245 1074 praestiterat,
1278 1011 1355 1054 exo-

61 1103 207 1176 neraret,
239 1077 417 1158 alleviaret
441 1102 475 1158 et
509 1097 689 1177 eximeret;
723 1117 762 1159 ac
785 1118 887 1180 00010
911 1097 1022 1161 dictos
1054 1096 1171 1162 fideles
1199 1095 1355 1162 subditos

1 1236 2 1241 1
62 1223 140 1266 0000
175 1201 366 1286 Hungaros,
399 1201 554 1266 dominos
586 1203 749 1267 videlicet
784 1204 952 1288 praelatos
985 1203 1136 1288 barones,
1168 1213 1354 1288 magnates,

61 1307 203 1392 nobiles,
237 1309 514 1394 consiliariosque
537 1309 689 1394 aliosque
713 1309 877 1377 officiales
900 1315 1085 1396 universos,
1119 1320 1230 1378 010100
1261 1313 1356 1376 deni-

57 1439 128 1502 que
162 1424 196 1479 et
229 1415 366 1480 ordines
399 1414 546 1499 praefati
585 1419 682 1500 regni
715 1420 768 1481 001
801 1417 1000 1502 Hungariae
1034 1440 1282 1505 regnorumque
1321 1428 1356 1484 01

61 1525 222 1608 partium,
264 1525 296 1587 01
334 1521 565 1608 subjectarum
604 1531 638 1588 et
678 1526 978 1608 incorporatam,
1012 1548 1051 1589 00
1084 1526 1279 1592 conditione
1312 1527 1356 1592 ab

57 1652 338 1720 eorumquoque
362 1633 563 1714 iuramento,
587 1653 688 1716 super
711 1633 878 1697 servanda
911 1632 977 1696 sibi
1010 1632 1076 1698 fide
1110 1642 1144 1698 et
1177 1633 1354 1716 fidelitate,

58 1750 241 1824 tamquam
272 1740 428 1824 legitimo
460 1747 495 1804 et
533 1748 693 1804 coronato
733 1742 885 1824 ipsorum
923 1743 1005 1826 regi,
1045 1741 1146 1806 simul
1185 1741 1355 1824 liberaret,

56 1848 226 1912 enodaret
248 1855 284 1911 et
307 1846 516 1928 absolveret;
540 1869 661 1911 verum
684 1850 790 1924 etiam
815 1850 942 1932 scripto
965 1870 1025 1912 000
1042 1849 1214 1934 peculiari,
1238 1859 1278 1915 ut
1294 1872 1355 1915 nos

58 1961 98 2021 in
132 1955 290 2020 futurum
323 1959 475 2039 ipsorum
507 1976 622 2038 regem
654 1963 838 2039 acceptare,
881 1956 1089 2040 proclamare
1127 1964 1163 2022 et
1195 1979 1356 2022 coronare

58 2072 201 2148 possent
224 2072 258 2128 et
282 2061 445 2146 valerent,
470 2060 620 2127 fraterne
644 2063 942 2128 recommendaret.
967 2063 1067 2129 Unde
1091 2086 1152 2129 nos
1172 2068 1355 2148 praemissa

55 2175 177 2236 omnia
211 2179 246 2236 et
278 2171 414 2256 singula
454 2171 497 2234 ad
530 2177 687 2253 optatum
729 2169 831 2235 finem
874 2173 1021 2236 secundo
1063 2175 1175 2237 omine
1215 2173 1356 2258 perduoi

54 2283 248 2363 cupienter,
274 2287 453 2364 postquam
486 2300 527 2342 ex
559 2287 697 2343 vetusta
727 2282 823 2362 regni
857 2280 1110 2364 consuetudine,
1143 2282 1354 2346 authoritate

58 2386 273 2472 praelibatae
305 2407 389 2450 caes.
414 2383 612 2468 majestatis,
646 2387 765 2468 vigore
789 2387 893 2449 etiam
917 2387 1151 2470 conclusionis,
1185 2391 1221 2452 in
1251 2391 1355 2472 priori

54 2495 249 2560 eorundem
272 2495 522 2578 regnicolarum
545 2493 683 2557 Posonii
707 2493 825 2558 habito
849 2501 1020 2558 conventu
1036 2494 1156 2579 100100,
1180 2504 1356 2581 tamquam

56 2623 242 2687 supremus
265 2601 412 2686 praefati
436 2603 533 2684 regni
556 2600 774 2685 gubernator,
799 2623 859 2685 010
883 2599 971 2666 10010
995 2601 1034 2666 Β.
1062 2603 1242 2668 Michaelis
1264 2603 1355 2667 arch.

56 2714 145 2776 anni
170 2712 356 2795 praesentis
382 2710 477 2774 1608.
500 2709 693 2793 generalem
717 2711 800 2791 ipsis
824 2709 1006 2793 regnicolis
1030 2710 1180 2776 diaetam
1212 2713 1250 2775 in
1272 2713 1355 2774 civi-

58 2828 172 2885 tatem
205 2820 334 2902 regiam
366 2817 607 2882 Posoniensem
640 2816 882 2880 indixissemus
920 2837 958 2879 ac
993 2815 1277 2899 publicassemus;
1319 2819 1356 2880 in

57 2925 238 3010 frequenti
261 2924 445 2989 eorundem
469 2923 719 3008 regnicolarum
735 2929 914 3005 conventu,
939 2929 1016 3006 post
1045 2923 1159 3007 010100
1177 2930 1354 3006 110010100,

56 3034 156 3098 01110
180 3035 333 3116 citroque
356 3034 448 3096 inter
470 3053 531 3095 nos
550 3053 589 3095 ac
605 3038 786 3095 annotatos
810 3029 842 3095 S.
859 3029 891 3094 S.
911 3038 945 3094 et
965 3029 1003 3094 O.
1020 3030 1057 3114 Ο,
1081 3029 1235 3114 ejusdem
1259 3034 1355 3115 regni

56 3141 264 3223 Hungariae
281 3137 426 3221 habitos,
443 3139 557 3202 visum
573 3145 625 3201 est
641 3137 710 3200 illis
727 3144 807 3201 ante
823 3139 937 3201 omnia
953 3135 1129 3202 Articulos
1146 3138 1355 3202 Viennenses

55 3253 98 3314 in
122 3253 317 3312 accuratam
340 3245 621 3309 deliberationem
645 3266 860 3328 reassumere,
885 3245 1071 3328 ponderare
1096 3267 1135 3308 ac
1167 3247 1355 3328 incertam

56 3353 264 3421 methodum
281 3361 444 3437 perpetuo
460 3353 628 3417 valituros
644 3348 815 3436 redigere;
839 3375 878 3416 ao
894 3353 1034 3418 tandem
1050 3375 1111 3417 nos
1127 3357 1163 3417 in
1179 3353 1353 3416 dominum

56 3472 96 3528 01
130 3481 247 3544 regem
278 3462 430 3543 ipsorum
464 3459 602 3542 paribus
635 3463 727 3524 votis
769 3465 803 3523 et
836 3462 990 3524 unanimi
1024 3481 1189 3524 consensu
1221 3460 1355 3543 eligere,

56 3568 280 3654 proclamare,
314 3569 541 3652 invocatoque
566 3567 703 3631 demum
727 3569 878 3631 numinis
902 3568 1013 3632 divini
1036 3567 1173 3651 auxiliO,
1208 3566 1356 3632 feliciter

55 3679 169 3742 etiam
208 3695 376 3738 coronare.
418 3674 550 3752 Quibus
583 3677 649 3739 rite
682 3677 836 3758 peractis,
869 3675 1149 3758 supplicaverunt
1182 3673 1356 3758 majestati

56 3791 200 3850 nostrae
238 3779 439 3865 humillime,
478 3790 646 3867 quatenus
692 3783 906 3865 supradictos
947 3781 1109 3846 articulos
1147 3783 1355 3847 Viennenses

55 3893 215 3975 aliosque
248 3888 289 3952 de
313 3909 402 3952 novo
426 3891 531 3953 etiam
555 3911 614 3972 pro
639 3892 802 3972 temporis
830 3889 1025 3954 conditione
1058 3898 1092 3953 et
1117 3912 1229 3954 1010111
1253 3897 1355 3971 01010,

53 3998 236 4065 communi
263 3998 416 4061 omnium
448 3996 693 4061 deliberatione
727 3999 875 4060 sancitos
901 4005 935 4060 et
960 3997 1142 4079 conclusos,
1176 4001 1355 4080 omniaque

54 4115 97 4174 et
129 4104 266 4189 singula
298 4105 335 4166 in
366 4105 408 4167 iis
441 4111 609 4187 contenta,
652 4112 743 4167 ratos
784 4112 901 4186 gratos
940 4112 974 4167 et
1007 4112 1144 4187 accepta
1183 4102 1355 4187 habentes,

54 4223 285 4298 nostrumque
319 4215 452 4296 regium
485 4233 684 4276 consensum
708 4211 777 4275 illis
802 4210 1010 4295 0100100100,
1035 4212 1219 4276 clementer
1241 4234 1356 4294 accep-

54 4333 143 4406 tare,
183 4321 390 4384 auotoritate
423 4327 539 4382 nostra
571 4321 665 4402 regia
689 4318 884 4402 approbare,
918 4318 1125 4402 confirmare,
1158 4327 1260 4403 atque
1284 4325 1355 4382 tam

54 4451 122 4496 nos
155 4431 223 4512 ipsi
255 4425 402 4511 benigue
435 4423 622 4508 observare,
665 4448 768 4510 quam
802 4449 861 4510 001
893 4425 986 4510 01100,
1026 4448 1171 4511 quorum
1203 4428 1355 4508 interest,

53 4537 209 4602 firmiter
232 4533 406 4598 observari
423 4532 534 4598 100010
558 4533 786 4616 dignaremur.
811 4535 962 4610 Quorum
978 4533 1117 4618 quidem
1133 4532 1356 4598 articulorum

54 4651 161 4708 tenor
184 4640 265 4706 talis
289 4647 358 4705 est:

1194 4761 1247 4816 32*
