3142 5214
1278 353 1344 420 579

53 551 312 636 quatuordecim
344 571 520 634 annorum,
560 574 620 634 per
657 551 759 637 leges,
799 549 958 636 (quarum
995 557 1149 616 sanctam
1187 555 1345 638 generosi

53 659 172 724 Status
200 658 332 724 ducunt
357 657 635 743 observantiam),
659 667 740 723 ante
763 662 971 745 vigesimum
992 661 1117 724 aetatis
1149 681 1277 724 aunum
1299 661 1344 724 ad

52 768 208 851 regimen
238 787 308 832 non
338 768 385 830 sit
413 765 571 848 adultus,
603 766 658 830 his
690 789 711 832 a
743 766 888 852 perfidia
910 766 1046 831 Τό116111
1077 765 1227 830 turbatis
1259 773 1345 831 tem·

53 871 201 957 poribus,
224 893 334 958 neque
366 876 404 938 in
435 895 509 940 rem
539 874 829 960 Transsylvaniae
860 896 971 959 neque
994 877 1032 938 111
1054 874 1192 939 Patriae
1216 873 1345 938 bonum

52 1001 195 1064 vergere
228 979 437 1065 perbenigne
466 977 708 1066 judicavimus,
741 984 772 1046 si
801 982 991 1068 quidquam
1012 981 1056 1045 ad
1080 987 1345 1045 memoratarum

50 1085 170 1171 legum
199 1089 506 1171 transgressionem
537 1090 696 1154 innovari
719 1093 944 1174 contingeret,
969 1089 1111 1172 proinde
1135 1091 1345 1153 minorennis

53 1196 89 1256 in
114 1197 239 1256 timore
261 1193 412 1276 Domini,
435 1193 616 1280 condignis
638 1196 730 1279 apud
749 1195 973 1260 Consiliarios
1001 1197 1151 1280 intimos,
1173 1198 1234 1280 qui
1256 1216 1346 1260 oom-

51 1301 194 1364 missam
217 1299 347 1366 habent
371 1303 567 1385 provinciae
592 1303 935 1386 administrationem,
958 1301 1158 1387 virtutibus,
1182 1305 1219 1366 in
1251 1324 1346 1386 spem

50 1393 278 1472 successionis
301 1428 408 1491 usque
435 1407 479 1472 ad
511 1430 618 1474 annos
649 1409 842 1493 pubertatis
873 1409 1087 1493 imbuendus,
1118 1415 1348 1474 maturescen-

50 1517 144 1580 tium
174 1516 212 1578 in
242 1534 282 1578 6ο
309 1521 412 1598 atque
444 1517 666 1580 emicantium
698 1519 805 1581 animi
837 1517 972 1581 dotium
1002 1519 1188 1601 specimina
1210 1539 1348 1600 exspec-

51 1622 169 1705 tanda,
184 1623 299 1706 gratia
321 1619 460 1686 demum
483 1619 648 1686 Caesarea
671 1623 851 1708 Regiaque
874 1626 911 1687 in
931 1624 1061 1706 patriae
1077 1621 1347 1688 emolumentum

54 1727 302 1814 benignissime
326 1727 593 1812 complectenda.

162 1835 216 1901 Ne
238 1856 320 1900 vero
344 1838 476 1900 interea
499 1838 663 1920 temporis
694 1839 849 1902 universi
881 1836 1167 1921 Transsylvaniae
1201 1835 1347 1900 Ordines

50 1944 228 2025 suspensis
250 1945 375 2006 animis
402 1941 575 2027 haerendi,
607 1951 668 2007 aut
700 1943 757 2008 vel
789 1946 971 2008 minimum
1003 1951 1138 2027 praeter
1170 1951 1348 2027 paternam

52 2057 209 2116 nostram
240 2052 469 2116 intentionem
502 2051 679 2116 eminendi
710 2072 828 2115 ansam
859 2050 1019 2136 habeant,
1051 2051 1093 2116 de
1126 2049 1349 2136 sequentibus

50 2157 224 2221 Articulis
239 2155 357 2222 fideles
367 2155 486 2222 Status
503 2165 538 2221 et
554 2157 691 2222 ordines
706 2160 743 2222 in
758 2158 976 2243 Universum,
986 2179 1172 2243 eorumque
1188 2164 1348 2241 posteros,

50 2285 141 2349 quos
160 2267 198 2328 in
213 2267 306 2328 omni
321 2287 402 2350 erga
417 2265 567 2351 Regiam
582 2263 752 2330 Coronam
767 2267 930 2331 Nostram
952 2265 1121 2332 fidelitate
1145 2269 1349 2351 perstituros

51 2370 269 2454 confidimus,
297 2369 360 2435 sub
384 2371 490 2436 verbo
513 2371 624 2458 Regio
657 2379 692 2436 et
725 2376 948 2459 integerrima
979 2373 1048 2438 fide
1081 2375 1243 2438 duximus
1276 2396 1348 2438 esse

50 2479 308 2545 assecurandoa

166 2586 289 2654 Prima
311 2585 355 2649 Iu
377 2607 478 2650 causa
494 2593 710 2670 receptarum
726 2586 855 2651 ibidem
870 2587 1102 2674 Religionum,
1119 2589 1348 2674 Templorum,

51 2693 259 2777 scholarum,
282 2693 528 2778 parochiarum,
551 2699 612 2758 aut
645 2693 910 2759 introductionis
942 2693 1174 2781 cujuscunque
1207 2697 1349 2762 alterius

52 2802 141 2866 cleri
164 2807 199 2864 et
222 2820 443 2884 personarum
466 2799 781 2886 ecclesiasticarum,
804 2823 908 2888 quam
931 2803 982 2868 ibi
1004 2826 1096 2868 nunc
1112 2813 1242 2888 extant,
1261 2804 1349 2868 nihil

52 2905 279 2988 alterabitur,
310 2906 641 2972 contradictionibus
672 2905 932 2992 quibuscunque
964 2911 1037 2976 sive
1068 2913 1156 2975 sacri
1178 2914 1251 2978 sive
1275 2931 1352 2994 pro-

56 3017 133 3082 fani
155 3015 286 3080 ordinis
308 3013 397 3078 nihil
428 3035 580 3099 unquam
603 3018 641 3078 in
663 3018 873 3079 contrarium
904 3015 1119 3100 valentibus;
1152 3021 1202 3082 ita
1233 3025 1351 3082 tamen

56 3131 98 3189 ut
117 3121 289 3188 Catholici
307 3125 454 3206 propriis
476 3125 547 3185 suis
571 3121 774 3206 sumptibus,
797 3122 948 3209 adeoque
972 3127 1059 3189 citra
1082 3145 1181 3190 omne
1204 3125 1351 3190 aliarum

56 3231 266 3317 religionum
280 3251 476 3316 gravamen,
494 3229 712 3313 Claudiopoli
726 3233 765 3294 in
783 3234 955 3316 praesenti
971 3233 1165 3297 devotionis
1181 3255 1261 3298 suae
1276 3232 1350 3297 loco

55 3339 127 3404 sibi
159 3337 345 3421 ecclesiam,
377 3359 439 3400 nec
472 3358 542 3401 non
573 3335 683 3401 Albae
716 3336 832 3402 Juliae
864 3338 1032 3421 templum
1064 3341 1177 3404 minus
1210 3340 1293 3405 olim
1330 3363 1350 3404 a

56 3443 306 3530 Christophoro
322 3443 487 3509 Bdthorio
504 3451 665 3530 erectum,
678 3466 770 3508 nunc
785 3445 977 3512 desolatum
993 3445 1221 3532 reaedificent,
1231 3449 1352 3512 iidem-

55 3576 125 3640 que
146 3552 317 3618 Catholici
340 3552 467 3637 ubique
491 3551 652 3636 locorum,
675 3555 705 3616 si
728 3556 828 3636 pauci
851 3561 886 3618 et
902 3557 1076 3640 peregrini
1090 3558 1160 3619 sint
1177 3559 1351 3640 privatim,

56 3667 187 3729 sivero
206 3681 325 3726 eorum
340 3660 451 3743 multi,
475 3667 558 3724 tunc
583 3658 713 3743 publici
735 3659 913 3746 religionis
936 3683 1016 3726 suae
1036 3666 1193 3728 exercitii
1215 3671 1250 3728 et
1274 3685 1352 3728 con-

59 3769 250 3834 dendarum
272 3767 493 3832 ecclesiarum
511 3763 590 3850 jure
612 3767 796 3852 gaudeant,
819 3789 926 3853 aeque
949 3791 988 3832 ac
1011 3768 1099 3833 aliae
1118 3773 1155 3835 in
1174 3771 1352 3858 Transsyl-

57 3877 162 3941 vania
185 3881 340 3958 receptae
363 3873 547 3961 religiones
567 3874 631 3940 tali
653 3896 743 3958 casu,
771 3873 833 3939 ubi
864 3878 1028 3942 nimirum
1060 3880 1098 3942 in
1129 3877 1244 3963 aliquo
1277 3878 1351 3944 loco

57 4002 201 4048 numero
225 3979 435 4074 praevalent,
456 3979 607 4067 gaudere
630 3989 891 4046 consveverunt.

64 4167 68 4176 ⁸
169 4089 328 4158 Secundo,
360 4088 610 4154 Confirmamus
632 4089 793 4154 fidelibus
817 4090 974 4157 Statibus
1002 4114 1119 4158 omnes
1150 4095 1352 4180 Hungariae

55 4198 206 4284 Regum,
239 4196 401 4262 similiter
431 4199 586 4262 omnium
622 4220 642 4261 a
681 4205 833 4281 tempore
875 4206 1050 4282 separatae
1088 4201 1132 4265 ab
1171 4201 1352 4288 Hungaria

53 4465 90 4513 et
118 4460 192 4514 anni
217 4459 353 4516 Dominis
378 4460 525 4532 ablegatis
554 4461 799 4533 Transylvanicis
818 4466 891 4515 tunc
910 4463 1052 4532 temporis
1070 4463 1102 4516 in
1122 4462 1191 4516 aula
1210 4462 1353 4520 Caesarea

55 4548 263 4604 existentibus
280 4550 317 4604 ad
336 4567 439 4622 parem
460 4567 562 4604 eorum
580 4552 758 4605 instantiam
777 4567 916 4622 responsa
934 4556 1014 4620 sunt,
1028 4549 1064 4604 ad
1078 4569 1161 4622 quae,
1174 4551 1354 4608 durantibus

54 4636 159 4691 adhuc
177 4638 284 4693 iisdem
303 4640 539 4696 circumstantiis
559 4646 589 4695 et
608 4640 783 4708 rationibus,
804 4639 924 4694 Domini
943 4645 1041 4695 status
1062 4643 1269 4695 remittuntur.

1191 4749 1245 4803 37*
