3182 5210
195 321 261 386 2236

194 521 339 602 irrogari
362 517 404 582 de
429 519 599 599 praesenti
637 516 917 582 lamentabilibus
949 517 1092 582 vocibus
1124 525 1158 581 et
1191 516 1341 581 turbatis
1364 519 1490 580 animis

194 624 302 688 Nobis
327 625 557 708 propalarunt,
572 625 657 690 adeo
672 627 812 708 insuper
834 645 869 688 se
894 647 953 707 per
976 645 1134 688 censuras
1157 624 1425 706 Ecclesiasticas,
1449 630 1490 688 ut

196 739 277 813 puta
293 735 475 796 citationes
491 741 588 796 extra
597 733 768 816 Regnum,
778 733 1155 812 excommunicationes,
1171 731 1365 814 interdicta,
1381 735 1491 796 moni-

194 839 304 902 tiones
327 847 362 903 et
386 840 605 922 privationes,
628 843 800 923 gravatos,
823 837 1007 922 impeditos
1035 846 1070 900 et
1104 837 1301 902 molestatos
1324 839 1490 904 acclama-

194 951 284 1030 runt,
308 947 399 1031 quod
423 947 491 1010 nisi
514 945 697 1030 superinde
720 948 769 1010 eis
793 945 983 1009 remedium
1007 945 1228 1010 relevationis
1257 954 1292 1009 et
1316 945 1491 1011 liberatio-

194 1055 248 1116 nis
270 1053 493 1118 adhiberetur
522 1059 760 1136 opportunum,
793 1053 836 1116 ad
870 1056 1048 1137 ingentem
1080 1055 1350 1116 exinanitionem
1373 1075 1489 1118 rerum

194 1167 228 1222 et
252 1159 427 1227 bonorum,
450 1162 519 1223 imo
543 1167 662 1242 status,
687 1159 859 1223 libertatis
882 1166 918 1223 et
941 1159 1200 1225 Jurisdictiouis
1224 1161 1409 1225 eorundem
1431 1184 1491 1226 ex-

194 1269 393 1332 terminium
425 1289 481 1332 eos
514 1275 686 1350 oporteret
718 1267 897 1349 devenire:
929 1266 1160 1350 supplicantes
1194 1275 1311 1332 nostro
1344 1268 1490 1332 culmini

193 1373 372 1439 humiliter
394 1384 429 1440 et
453 1375 586 1443 devote,
610 1382 649 1439 ut
674 1377 722 1438 eis
745 1381 781 1438 et
805 1397 923 1438 eorum
950 1376 1066 1454 statui,
1091 1377 1265 1460 totiusque
1289 1375 1405 1460 Regni
1430 1398 1491 1440 no-

194 1485 257 1545 stri
281 1483 429 1548 utilitati
451 1491 486 1548 et
510 1482 695 1563 commodo,
729 1482 837 1567 regali
872 1483 1039 1564 praesidio
1063 1489 1098 1544 et
1122 1482 1331 1546 defensionis
1359 1481 1490 1546 auxilio

194 1611 388 1655 succurrere
413 1592 642 1674 dignaremur.
666 1589 737 1654 Nos
762 1593 887 1676 itaque,
914 1594 974 1676 qui
1007 1597 1207 1654 cunctorum
1241 1599 1275 1653 et
1309 1592 1489 1674 praecipue

193 1697 291 1762 nobis
315 1697 546 1782 subjectorum
570 1697 794 1762 incommodis
826 1698 1009 1764 subvenire
1042 1705 1077 1760 et
1109 1695 1330 1780 calamitates
1363 1697 1491 1782 quibus

192 1813 391 1885 gravantur.
416 1807 599 1888 reprimere
624 1813 789 1886 tenemur,
813 1807 928 1888 eisque
952 1811 1026 1868 toto
1050 1811 1167 1868 nostro
1191 1825 1287 1886 posse
1310 1814 1345 1868 et
1368 1803 1491 1870 volun-

193 1919 265 1975 tate
289 1911 437 1994 obviare,
461 1913 590 1976 auditis
624 1915 816 1995 praemissis
848 1911 1128 1978 lamentabilibus
1160 1911 1307 1997 querelis
1330 1922 1366 1976 et
1390 1935 1491 1996 expe-

194 2022 316 2114 rientia
364 2019 539 2084 nonnullis
586 2021 797 2102 temporibus
840 2043 941 2104 super
981 2024 1029 2085 eis
1069 2029 1214 2104 recepta,
1255 2023 1490 2104 oppressiones

193 2126 417 2192 nihilominus
441 2136 475 2190 et
501 2127 697 2192 huiusmodi
725 2128 967 2193 tribulationes
995 2129 1169 2214 hucusque
1202 2130 1403 2212 praesertim
1433 2129 1490 2194 his

195 2237 357 2316 proximis
382 2235 628 2300 disturbiorum
654 2243 688 2298 et
707 2236 822 2320 Regni
844 2239 954 2300 nostri
979 2239 1169 2300 motionum
1193 2235 1405 2318 temporibus
1430 2259 1491 2320 per

194 2339 349 2404 Bullatos
373 2364 411 2404 ac
436 2341 521 2406 alios
537 2345 743 2406 auctoritate
760 2343 857 2408 Sedis
873 2342 1100 2426 Apostolicae,
1121 2364 1223 2426 quam
1247 2345 1357 2406 nostri
1373 2342 1491 2408 Hono-

194 2451 249 2529 ris,
260 2449 379 2512 Status
395 2458 429 2512 et
448 2449 576 2534 gradus
586 2447 821 2533 dejectionem,
837 2450 952 2535 Regni
971 2452 1080 2514 nostri
1100 2457 1134 2512 et
1154 2449 1305 2514 Coronae
1326 2452 1363 2514 in
1381 2449 1489 2515 alium

193 2555 453 2620 translationem
477 2579 515 2619 ac
540 2555 624 2620 alias
656 2557 699 2622 ad
732 2559 843 2621 nostri
874 2557 1017 2622 totalem
1045 2556 1293 2639 depositionem
1317 2557 1489 2622 laborasse

193 2669 228 2725 et
251 2663 362 2726 adhuc
387 2667 553 2728 sentimus
577 2663 746 2728 indefesse
770 2663 933 2737 laborare,
957 2664 1055 2728 nobis
1079 2673 1115 2728 et
1137 2663 1337 2748 Regnicolis
1360 2667 1489 2729 nostris

194 2769 307 2833 illatas
331 2777 366 2834 ct
390 2773 567 2854 irrogatas,
590 2775 704 2836 animo
728 2774 798 2836 iam
821 2772 966 2836 ulterius
990 2773 1135 2836 tolerare
1159 2793 1229 2837 non
1251 2772 1406 2836 valentes
1432 2795 1490 2856 pa-

193 2879 304 2960 tienti,
337 2878 555 2941 attendentes
587 2881 761 2961 potissime
794 2879 966 2944 nefarium
998 2879 1051 2944 illi
1083 2877 1298 2943 obedientiae
1331 2878 1490 2944 debitum

194 2983 316 3048 debere
340 2985 490 3067 reddere,
514 2986 574 3069 qui
598 2984 815 3050 subditorum
847 2985 995 3050 utilitati
1027 2995 1062 3050 et
1103 2988 1177 3068 paci
1205 3008 1408 3070 repugnans,
1432 3009 1490 3051 eos

194 3090 319 3154 dolosis
355 3091 676 3174 machinationibus,
715 3092 905 3158 latentibus
944 3094 1079 3158 insidiis
1112 3092 1248 3156 afficere
1282 3103 1315 3156 et
1342 3093 1490 3176 publicis

194 3201 407 3262 nocumentis
422 3221 491 3263 non
508 3201 635 3264 desinit
659 3200 839 3264 lacessere:
864 3204 1017 3265 omnium
1036 3199 1281 3284 Praelatorum,
1305 3201 1490 3284 Beronum,

194 3303 387 3388 Procerum,
419 3306 582 3388 Militum,
615 3306 793 3371 Nobilium
826 3316 860 3372 et
885 3309 1153 3372 universitatum
1184 3308 1327 3371 ditionis
1365 3307 1489 3372 Sacrae

194 3410 347 3476 Coronae
370 3413 501 3498 Regiae
526 3415 735 3498 Hungariae.
755 3423 858 3500 atque
882 3425 998 3480 nostro
1023 3415 1163 3480 consilio
1188 3424 1222 3479 et
1246 3423 1381 3480 matura
1405 3416 1488 3481 deli-

195 3518 370 3584 beratione
395 3521 526 3584 diutius
551 3521 769 3604 praehabitis,
802 3544 985 3607 eorumque
1009 3522 1172 3604 utilitate,
1195 3525 1396 3598 intentione,
1419 3525 1490 3588 imo

196 3629 360 3707 petitione
385 3628 516 3692 adhoc
549 3628 648 3692 nobis
681 3639 845 3712 porrecta,
885 3631 1115 3713 praesentium
1154 3631 1250 3713 serie,
1282 3632 1490 3694 auctoritate

194 3732 345 3798 eiusdem
369 3735 491 3799 Sacrae
515 3734 667 3799 Coronae
684 3745 719 3799 et
736 3738 777 3800 de
796 3736 1009 3819 plenitudine
1033 3735 1164 3820 Regiae
1188 3737 1369 3820 potestatis
1392 3737 1492 3802 volu-

194 3862 277 3906 mus.
311 3845 583 3924 pronunciamus,
607 3847 786 3922 sancimus
815 3845 1028 3908 decernimus
1061 3853 1095 3907 et
1129 3844 1349 3924 declaramus,
1372 3867 1492 3930 quem-

193 3947 378 4012 admodum
397 3950 529 4032 pridem
553 3949 685 4014 factum
709 3961 742 4015 et
767 3952 971 4034 dispositum
989 3950 1093 4014 fuisse
1111 3951 1300 4034 recolimus,
1316 3961 1356 4016 ut
1372 3952 1490 4018 nullus

193 4054 352 4121 Bullatus
362 4061 566 4122 auctoritato
577 4058 741 4124 videlicet
751 4059 950 4142 Apostolica
960 4059 1017 4123 vel
1031 4058 1098 4122 alia
1108 4061 1238 4144 quavis,
1250 4067 1491 4145 praeterquam

194 4171 318 4245 nostra,
342 4166 415 4227 sine
438 4172 555 4229 nostro
579 4167 719 4249 speciali
743 4189 908 4232 consensu
939 4174 974 4230 et
1004 4188 1151 4250 assensu,
1184 4167 1347 4234 beneficia
1371 4167 1491 4232 Eccle-

194 4273 330 4334 siastica
354 4278 481 4354 curata,
505 4271 560 4335 vel
590 4294 659 4336 non
682 4283 800 4337 curata
824 4276 1055 4358 cuiuscunque
1079 4274 1206 4338 valoris
1229 4277 1388 4358 existant,
1405 4273 1490 4338 olim

193 4377 246 4440 uti
263 4381 483 4463 percepimus,
494 4383 612 4465 vigore
629 4381 841 4446 Litterarum
850 4381 1126 4464 Apostolicorum
1144 4389 1178 4445 et
1189 4383 1398 4467 Legatorum
1413 4379 1490 4464 ejus

193 4505 252 4547 seu
268 4486 413 4550 aliorum
429 4509 708 4573 quorumcunque
735 4488 971 4552 Praelatorum
990 4492 1161 4572 acceptari
1177 4497 1212 4554 et
1228 4492 1362 4575 assequi
1377 4489 1490 4568 solita,

193 4601 378 4677 acceptare,
394 4597 528 4679 assequi
544 4603 579 4658 et
595 4597 701 4658 etiam
719 4602 870 4678 tempore
892 4594 1140 4660 disturbiorum
1157 4599 1308 4680 proxime
1327 4600 1491 4680 praeteri-
