3144 5218
1268 338 1344 405 aas

10 527 13 532 ’
55 557 133 600 vero
156 539 246 600 circa
274 539 484 621 gravamina,
508 538 686 620 negotium
710 534 887 620 religionis
919 543 953 598 et
987 537 1226 618 occupationes
1258 543 1344 600 tem-

55 643 186 725 plorum
218 651 468 726 concernentes
501 650 573 706 tarn
606 665 692 726 quae
726 646 762 706 in
794 665 883 706 anno
918 643 1012 706 1638.
1052 665 1131 708 suae
1170 639 1344 725 majestati

52 749 207 816 exhibita
246 760 335 832 sunt,
374 773 477 835 quam
510 758 587 834 post
619 750 809 833 subsecuta,
846 754 883 814 in
915 750 1034 816 futura
1067 753 1226 834 primitus
1259 751 1343 814 cele-

53 857 183 922 branda
207 862 304 943 regni
328 859 451 940 diaeta,
475 866 614 942 propter
637 861 735 943 regni
766 859 1040 943 tranquilliorem
1065 860 1343 941 permansionem,

52 969 280 1051 unionemque
304 970 505 1049 animorum,
528 975 567 1030 ut
591 967 647 1032 vel
672 966 846 1032 amicabili
874 967 947 1031 DD.
972 965 1222 1051 regnicolarum
1255 987 1344 1030 com-

52 1076 220 1155 positione
246 1077 431 1156 sopiantur,
451 1073 507 1138 vel
532 1073 744 1138 authoritate
770 1095 849 1138 suae
875 1071 1066 1156 majestatis
1085 1072 1236 1136 finaliter
1255 1094 1344 1136 com-

52 1182 243 1264 planantur,
268 1204 346 1246 cum
371 1180 606 1245 satisfactione
629 1181 914 1266 evangelicorum.
948 1179 1000 1244 Ac
1031 1201 1091 1262 pro
1115 1179 1240 1264 quibus
1264 1201 1345 1242 usus

52 1289 260 1372 templorum
292 1288 597 1368 determinabitur3
632 1297 818 1371 proventus
852 1287 1089 1370 parochiarum
1128 1308 1261 1371 quoque
1301 1287 1342 1350 ad

50 1396 189 1459 cosdem
214 1398 426 1478 pertineant3
451 1417 513 1458 uec
542 1395 633 1458 ultra
659 1397 898 1478 occupationes
931 1394 1137 1476 templorum
1169 1392 1272 1457 fiant:
1306 1417 1344 1456 ea

50 1515 169 1567 mrtem
192 1503 330 1586 templa,
354 1525 440 1587 111100
465 1502 529 1565 hoc
546 1501 795 1565 disturbiorum
812 1511 973 1584 tempore,
989 1500 1160 1564 violenter
1182 1503 1344 1585 utrinque

50 1619 218 1695 occupata
242 1610 391 1690 fuerunt,
415 1612 534 1673 statim
562 1618 638 1693 post
671 1612 957 1692 permutationem
991 1609 1218 1690 diplomatum
1251 1630 1345 1691 prae-

49 1719 156 1782 dictis
173 1717 381 1803 evangelicis
405 1718 641 1798 restituantur,
666 1717 780 1800 prouti
803 1719 908 1780 etiam
932 1715 1117 1780 catholicis.
1136 1714 1343 1779 Gravamina

48 1837 169 1890 autem
202 1825 331 1890 futuris
364 1846 499 1908 quoque
532 1823 743 1906 temporibus
776 1825 812 1887 in
844 1824 963 1887 eodem
995 1825 1133 1907 negotio
1169 1822 1346 1907 religionis

48 1936 274 2017 emergentia,
313 1939 385 1996 tam
424 1930 679 2012 catholicorum,
718 1952 820 2014 quam
866 1930 1084 2014 evangelicae
1123 1927 1346 1993 confessionis

49 2041 240 2122 hominum,
264 2062 367 2124 quam
391 2041 495 2102 etiam
519 2037 586 2100 alia
613 2040 815 2123 gravamina
847 2037 1106 2122 regnicolarum,
1139 2045 1212 2100 tam
1244 2059 1346 2100 evan-

47 2147 251 2232 gelicorum.
284 2167 387 2230 quam
419 2144 673 2226 catholicorum,
716 2143 902 2208 secundum
944 2145 993 2210 17.
1033 2145 1245 2208 conditiones
1285 2166 1345 2206 sua

47 2412 169 2471 citium,
188 2409 239 2460 ubi
260 2409 357 2461 media
376 2410 412 2462 ad
433 2409 507 2461 illud
528 2408 760 2461 continuandum
786 2410 953 2462 necessaria
981 2409 1192 2462 adimerentur.
1222 2406 1346 2459 Justurn

49 2504 156 2570 itaque
176 2499 268 2550 fuerit
288 2499 324 2551 ad
345 2499 611 2568 complanationem
631 2499 719 2551 istius
737 2499 931 2568 gravaminis
952 2505 1105 2551 1110111100
1125 2497 1345 2550 concionatores

48 2586 222 2656 evangelici
242 2587 284 2639 sic
304 2585 465 2652 exturbati,
485 2591 538 2638 aut
558 2585 676 2638 illorum
697 2587 759 2639 loco
778 2587 910 2656 ejusdem
924 2587 1078 2657 religionis
1091 2586 1144 2638 alii
1158 2586 1189 2637 in
1204 2585 1346 2654 pristinas

47 2678 138 2732 sedes
157 2685 188 2728 et
211 2677 365 2746 parochias
393 2678 546 2746 ademptas
575 2678 763 2746 reducantur,
792 2679 946 2748 solitisque
975 2677 1169 2748 proventibus
1196 2674 1346 2739 fruantur,

49 2767 268 2836 religionisque
300 2783 409 2819 munus
440 2765 532 2818 libere
565 2767 595 2818 in
627 2766 760 2820 ecclesiis
793 2768 921 2836 ipsorum
953 2767 1085 2820 exerceri
1123 2767 1346 2836 permittantur.

50 2861 75 2910 A
97 2855 235 2908 biztosok
254 2871 319 2908 erre
339 2854 619 2925 Nagyszombatban
640 2854 692 2926 igy
712 2855 855 2908 t'eleltek:
875 2855 993 2925 Urgent
1012 2855 1089 2908 hanc
1109 2854 1247 2924 religioni
1267 2869 1346 2920 01100,

49 2954 84 2998 ut
114 2951 236 3015 putant,
260 2944 378 2997 illatam
407 2944 559 3013 injuriam,
589 2945 664 3014 quod
694 2945 898 3014 praedicantes
928 2962 964 2998 ex
994 2943 1142 3014 parochiis
1170 2941 1347 3012 quibusdam

49 3035 218 3100 exturbati,
240 3034 396 3104 solitisque
416 3034 609 3104 proventibus
629 3036 741 3104 privati
763 3041 842 3087 sunt.
872 3035 985 3087 Verum
1013 3051 1050 3087 ne
1079 3034 1133 3086 hoo
1162 3033 1281 3104 quidem
1310 3032 1346 3084 ad

50 3126 166 3177 laesam
195 3123 350 3192 religionis
378 3121 550 3175 libertatern
581 3123 761 3193 probandam
781 3139 958 3193 magnopere
978 3123 1061 3190 facit,
1081 3139 1150 3174 nam
1170 3121 1227 3174 etsi
1246 3137 1347 3172 0111100

49 3216 140 3285 regni
175 3213 316 3265 articulos
354 3214 579 3280 excusserimus,
611 3213 726 3265 nullam
754 3229 825 3265 sane
854 3213 1050 3280 inveniemus
1080 3213 1111 3263 in
1140 3227 1197 3280 quo
1225 3211 1347 3262 rusticis

49 3316 194 3372 expresse
214 3315 383 3353 concessum
403 3301 451 3366 sit,
471 3305 506 3352 ut
527 3315 595 3352 suos
623 3300 753 3353 habeant
782 3300 1047 3369 praedicantes...
1076 3299 1203 3352 dicimus
1232 3299 1347 3351 nullam

52 3407 189 3462 unquam
208 3389 423 3444 concessionem
443 3392 564 3443 rusticis
583 3390 697 3443 iactum
716 3408 787 3457 esse,
803 3397 837 3443 ut
851 3390 1013 3458 contrajus
1027 3393 1202 3459 patronatus
1221 3389 1346 3441 duorum

50 3479 254 3547 terrestrium,
274 3481 459 3550 primamque
480 3482 678 3533 intentionem
701 3481 893 3533 fundatorum
913 3480 1069 3550 parochiae
1092 3496 1126 3530 ac
1155 3495 1255 3530 eorum
1284 3495 1347 3548 pro-

50 3577 174 3633 ventus,
194 3569 350 3624 catholicis
368 3571 570 3624 sacerdotibus
590 3572 728 3638 exclusis,
748 3571 989 3641 praedicantibus
1017 3587 1034 3621 a
1063 3568 1190 3620 subditis
1219 3567 1346 3620 conferri

51 3659 156 3730 possit.
177 3656 274 3721 Quare
293 3660 386 3712 etiam
405 3661 499 3729 posito
519 3659 606 3729 (quod
627 3666 727 3712 tamen
751 3659 799 3711 1110
820 3675 876 3711 non
903 3659 1092 3727 decidemus),
1122 3656 1197 3725 quod
1227 3658 1347 3709 rusticis

50 3747 295 3803 extraordinaria
323 3746 508 3798 concessione
537 3745 688 3798 indultum
717 3751 802 3812 esset,
826 3752 860 3797 ut
879 3763 949 3798 suae
969 3744 1123 3812 religionis
1143 3743 1348 3812 praedicantes

50 3839 240 3888 111-01101010
263 3834 385 3903 possint,
405 3832 476 3884 hinc
496 3837 595 3885 tamen
616 3833 693 3886 nihil
714 3832 795 3886 aliud
815 3839 998 3902 sequeretur,
1018 3849 1106 3902 quarn
1136 3831 1211 3899 quod
1240 3833 1264 3883 si
1295 3833 1346 3884 iila

49 3922 295 3979 extraordinaria
314 3921 500 3974 concessione
522 3922 566 3972 uti
587 3920 692 3988 velint,
716 3921 829 3989 possint
857 3921 977 3991 quidem
1007 3919 1210 3990 praedicantes
1230 3919 1347 3986 habere,

48 4015 103 4068 sed
124 4013 244 4067 solvent
262 4029 300 4065 ex
319 4013 420 4081 propio
439 4013 596 4081 marsupio,
616 4019 647 4064 et
666 4027 723 4064 nou
738 4029 774 4064 ex
789 4013 826 4064 iis
840 4011 1041 4081 proventibus,
1056 4025 1127 4080 quos
1140 4009 1229 4079 primi
1243 4008 1347 4060 funda-

51 4114 134 4158 tores
164 4119 216 4172 pro
244 4099 400 4153 catholicis
418 4099 620 4152 sacerdotibus
639 4099 860 4168 deputaverint,
880 4107 910 4152 et
930 4100 965 4151 ad
986 4116 1057 4168 quos
1076 4115 1135 4150 non
1154 4099 1268 4161 rustici,
1297 4097 1347 4150 sed

48 4196 132 4248 dnus
155 4190 315 4256 terrestris,
334 4193 398 4241 tam
417 4205 506 4258 quam
527 4193 670 4258 patronus
690 4188 810 4257 plenum
827 4188 877 4256 jus
898 4187 995 4240 habet.
1009 4223 1044 4229 -
1057 4186 1243 4256 Quamquam
1256 4187 1348 4238 etiam

49 4287 82 4337 in
106 4283 163 4335 hoc
182 4297 253 4334 casu
266 4279 435 4332 adhibenda
449 4283 526 4332 esset
546 4279 672 4346 cautela,
686 4295 723 4331 ne
744 4279 949 4348 praedicantes
969 4283 1072 4330 contra
1091 4277 1163 4329 dnos
1183 4281 1347 4341 terrestres,

49 4378 82 4427 in
116 4369 689 4442 1110111111111011011110111,0011100110
710 4370 809 4422 verbis
828 4370 1005 4436 declament,
1026 4367 1133 4437 quibus
1161 4366 1349 4420 subditorum

49 4463 151 4516 animi
171 4461 339 4514 exulcerari
359 4465 463 4513 contra
483 4460 648 4528 praedictos
667 4459 739 4512 duos
760 4467 885 4529 possent,
900 4460 987 4529 idque
1007 4458 1062 4510 sub
1083 4474 1175 4527 poena
1195 4456 1350 4524 ejectionis

49 4571 89 4606 ex
113 4551 169 4605 tali
189 4549 329 4620 loco-(U.
348 4557 385 4620 o.)
