<?xml version="1.0" encoding="UTF-8"?>
<!DOCTYPE html PUBLIC "-//W3C//DTD XHTML 1.0 Transitional//EN"
    "http://www.w3.org/TR/xhtml1/DTD/xhtml1-transitional.dtd">
<html xmlns="http://www.w3.org/1999/xhtml" xml:lang="en" lang="en">
 <head>
  <title>
</title>
<meta http-equiv="Content-Type" content="text/html;charset=utf-8" />
  <meta name='ocr-system' content='tesseract 3.04.00' />
  <meta name='ocr-capabilities' content='ocr_page ocr_carea ocr_par ocr_line ocrx_word'/>
</head>
<body>
  <div class='ocr_page' id='page_1' title='image "./enchiridionfont00marcgoog_0214.png"; bbox 0 0 3182 5210; ppageno 0'>
   <div class='ocr_carea' id='block_1_1' title="bbox 214 339 279 404">
    <p class='ocr_par' dir='ltr' id='par_1_1' title="bbox 214 339 279 404">
     <span class='ocr_line' id='line_1_1' title="bbox 214 339 279 404; baseline 0 0"><span class='ocrx_word' id='word_1_1' title='bbox 214 339 279 404; x_wconf 81' lang='lat'>192</span> 
     </span>
    </p>
   </div>
   <div class='ocr_carea' id='block_1_2' title="bbox 213 537 1511 1372">
    <p class='ocr_par' dir='ltr' id='par_1_2' title="bbox 213 537 1509 732">
     <span class='ocr_line' id='line_1_2' title="bbox 213 537 1509 624; baseline 0.001 -22"><span class='ocrx_word' id='word_1_2' title='bbox 213 539 316 602; x_wconf 86' lang='lat' dir='ltr'>moris</span> <span class='ocrx_word' id='word_1_3' title='bbox 339 545 400 621; x_wconf 89' lang='lat' dir='ltr'>est,</span> <span class='ocrx_word' id='word_1_4' title='bbox 422 537 503 602; x_wconf 89' lang='lat' dir='ltr'>huic</span> <span class='ocrx_word' id='word_1_5' title='bbox 527 559 632 624; x_wconf 83' lang='lat' dir='ltr'>regno</span> <span class='ocrx_word' id='word_1_6' title='bbox 656 558 775 603; x_wconf 86' lang='lat' dir='ltr'>casuro</span> <span class='ocrx_word' id='word_1_7' title='bbox 799 547 834 603; x_wconf 85' lang='lat' dir='ltr'>et</span> <span class='ocrx_word' id='word_1_8' title='bbox 854 540 1054 620; x_wconf 85' lang='lat' dir='ltr'>pernimiae</span> <span class='ocrx_word' id='word_1_9' title='bbox 1077 545 1197 602; x_wconf 82' lang='lat' dir='ltr'>vastus</span> <span class='ocrx_word' id='word_1_10' title='bbox 1222 537 1392 602; x_wconf 85' lang='lat' dir='ltr'>diminuto</span> <span class='ocrx_word' id='word_1_11' title='bbox 1418 537 1509 603; x_wconf 83' lang='lat' dir='ltr'>salu-</span> 
     </span>
     <span class='ocr_line' id='line_1_3' title="bbox 213 645 994 732; baseline 0.003 -24"><span class='ocrx_word' id='word_1_12' title='bbox 213 645 320 709; x_wconf 89' lang='lat' dir='ltr'>briori</span> <span class='ocrx_word' id='word_1_13' title='bbox 342 645 484 710; x_wconf 91' lang='lat' dir='ltr'>consilio</span> <span class='ocrx_word' id='word_1_14' title='bbox 507 666 575 732; x_wconf 90' lang='lat' dir='ltr'>quo</span> <span class='ocrx_word' id='word_1_15' title='bbox 599 655 721 729; x_wconf 84' lang='lat' dir='ltr'>posset,</span> <span class='ocrx_word' id='word_1_16' title='bbox 743 645 994 711; x_wconf 79' lang='lat' dir='ltr'>subveniretur.</span> 
     </span>
    </p>

    <p class='ocr_par' dir='ltr' id='par_1_3' title="bbox 213 751 1511 1372">
     <span class='ocr_line' id='line_1_4' title="bbox 320 751 1507 839; baseline 0.003 -24"><span class='ocrx_word' id='word_1_17' title='bbox 320 752 391 816; x_wconf 87' lang='lat' dir='ltr'>Nos</span> <span class='ocrx_word' id='word_1_18' title='bbox 414 753 531 837; x_wconf 83' lang='lat' dir='ltr'>itaque</span> <span class='ocrx_word' id='word_1_19' title='bbox 555 751 706 818; x_wconf 85' lang='lat' dir='ltr'>Joannes</span> <span class='ocrx_word' id='word_1_20' title='bbox 728 753 785 818; x_wconf 87' lang='lat' dir='ltr'>dei</span> <span class='ocrx_word' id='word_1_21' title='bbox 822 756 936 839; x_wconf 85' lang='lat' dir='ltr'>gratie</span> <span class='ocrx_word' id='word_1_22' title='bbox 974 753 1248 837; x_wconf 78' lang='lat' dir='ltr'>archiepiscopus</span> <span class='ocrx_word' id='word_1_23' title='bbox 1287 752 1507 818; x_wconf 80' lang='lat' dir='ltr'>Oolociensis</span> 
     </span>
     <span class='ocr_line' id='line_1_5' title="bbox 213 859 1509 944; baseline -0.001 -19"><span class='ocrx_word' id='word_1_24' title='bbox 213 860 324 925; x_wconf 84' lang='lat' dir='ltr'>Aulae</span> <span class='ocrx_word' id='word_1_25' title='bbox 340 861 473 924; x_wconf 86' lang='lat' dir='ltr'>domini</span> <span class='ocrx_word' id='word_1_26' title='bbox 492 861 583 944; x_wconf 81' lang='lat' dir='ltr'>regis</span> <span class='ocrx_word' id='word_1_27' title='bbox 607 859 838 926; x_wconf 89' lang='lat' dir='ltr'>cancellarius.</span> <span class='ocrx_word' id='word_1_28' title='bbox 861 861 986 925; x_wconf 87' lang='lat' dir='ltr'>Petrus</span> <span class='ocrx_word' id='word_1_29' title='bbox 1001 859 1332 944; x_wconf 72' lang='lat' dir='ltr'>Transylvauiensiq</span> <span class='ocrx_word' id='word_1_30' title='bbox 1349 859 1509 924; x_wconf 83' lang='lat' dir='ltr'><strong>Andreas</strong></span> 
     </span>
     <span class='ocr_line' id='line_1_6' title="bbox 213 965 1510 1052; baseline 0.001 -22"><span class='ocrx_word' id='word_1_31' title='bbox 213 967 403 1052; x_wconf 77' lang='lat' dir='ltr'>Agriensis,</span> <span class='ocrx_word' id='word_1_32' title='bbox 418 965 568 1036; x_wconf 75' lang='lat' dir='ltr'>Thomas</span> <span class='ocrx_word' id='word_1_33' title='bbox 586 967 805 1052; x_wconf 72' lang='lat' dir='ltr'>Bosnyensiq</span> <span class='ocrx_word' id='word_1_34' title='bbox 829 968 1039 1032; x_wconf 84' lang='lat' dir='ltr'>Benedictus</span> <span class='ocrx_word' id='word_1_35' title='bbox 1055 965 1327 1049; x_wconf 88' lang='lat' dir='ltr'>Vesprimiensis‚</span> <span class='ocrx_word' id='word_1_36' title='bbox 1349 967 1510 1052; x_wconf 78' lang='lat' dir='ltr'><strong>Quinque</strong></span> 
     </span>
     <span class='ocr_line' id='line_1_7' title="bbox 214 1073 1511 1158; baseline 0.001 -20"><span class='ocrx_word' id='word_1_37' title='bbox 214 1074 426 1138; x_wconf 87' lang='lat' dir='ltr'>ecclesiensis</span> <span class='ocrx_word' id='word_1_38' title='bbox 443 1073 572 1138; x_wconf 84' lang='lat' dir='ltr'>Paulus</span> <span class='ocrx_word' id='word_1_39' title='bbox 591 1097 652 1158; x_wconf 91' lang='lat' dir='ltr'>per</span> <span class='ocrx_word' id='word_1_40' title='bbox 675 1083 909 1157; x_wconf 70' lang='lat' dir='ltr'>procuratores</span> <span class='ocrx_word' id='word_1_41' title='bbox 934 1095 1012 1138; x_wconf 88' lang='lat' dir='ltr'>suos</span> <span class='ocrx_word' id='word_1_42' title='bbox 1035 1073 1234 1157; x_wconf 81' lang='lat' dir='ltr'>solempnes,</span> <span class='ocrx_word' id='word_1_43' title='bbox 1248 1073 1350 1138; x_wconf 83' lang='lat' dir='ltr'>Hsab</span> <span class='ocrx_word' id='word_1_44' title='bbox 1366 1075 1511 1140; x_wconf 88' lang='lat' dir='ltr'>Vacien-</span> 
     </span>
     <span class='ocr_line' id='line_1_8' title="bbox 214 1180 1511 1266; baseline 0.001 -20"><span class='ocrx_word' id='word_1_45' title='bbox 214 1185 270 1264; x_wconf 82' lang='lat' dir='ltr'>sis,</span> <span class='ocrx_word' id='word_1_46' title='bbox 308 1181 506 1248; x_wconf 77' lang='lat' dir='ltr'>Theodorus</span> <span class='ocrx_word' id='word_1_47' title='bbox 538 1180 786 1266; x_wconf 84' lang='lat' dir='ltr'>Zagrabiensis.</span> <span class='ocrx_word' id='word_1_48' title='bbox 826 1182 1004 1246; x_wconf 81' lang='lat' dir='ltr'>Emericus</span> <span class='ocrx_word' id='word_1_49' title='bbox 1044 1180 1272 1263; x_wconf 79' lang='lat' dir='ltr'>Varadiensis,</span> <span class='ocrx_word' id='word_1_50' title='bbox 1309 1181 1511 1247; x_wconf 84' lang='lat' dir='ltr'>Anthonius</span> 
     </span>
     <span class='ocr_line' id='line_1_9' title="bbox 215 1285 1511 1372; baseline -0.001 -17"><span class='ocrx_word' id='word_1_51' title='bbox 215 1289 461 1355; x_wconf 84' lang='lat' dir='ltr'>Chanadiensis</span> <span class='ocrx_word' id='word_1_52' title='bbox 485 1287 705 1354; x_wconf 80' lang='lat' dir='ltr'>ecclesiarum</span> <span class='ocrx_word' id='word_1_53' title='bbox 737 1291 900 1372; x_wconf 81' lang='lat' dir='ltr'>episcopi·</span> <span class='ocrx_word' id='word_1_54' title='bbox 920 1288 1011 1370; x_wconf 87' lang='lat' dir='ltr'>apud</span> <span class='ocrx_word' id='word_1_55' title='bbox 1044 1285 1234 1352; x_wconf 75' lang='lat' dir='ltr'><strong>Ecclesiam</strong></span> <span class='ocrx_word' id='word_1_56' title='bbox 1267 1285 1415 1354; x_wconf 78' lang='lat' dir='ltr'><strong>fratrum</strong></span> <span class='ocrx_word' id='word_1_57' title='bbox 1446 1293 1511 1354; x_wconf 91' lang='lat' dir='ltr'>mi-</span> 
     </span>
    </p>
   </div>
   <div class='ocr_carea' id='block_1_3' title="bbox 115 1379 1511 1462">
    <p class='ocr_par' dir='ltr' id='par_1_4' title="bbox 115 1379 1511 1462">
     <span class='ocr_line' id='line_1_10' title="bbox 115 1379 1511 1462; baseline 0.001 -2"><span class='ocrx_word' id='word_1_58' title='bbox 115 1411 116 1420; x_wconf 58' lang='lat'><em>*</em></span> <span class='ocrx_word' id='word_1_59' title='bbox 214 1417 336 1460; x_wconf 89' lang='lat' dir='ltr'>norum</span> <span class='ocrx_word' id='word_1_60' title='bbox 355 1397 392 1458; x_wconf 89' lang='lat' dir='ltr'>in</span> <span class='ocrx_word' id='word_1_61' title='bbox 415 1395 497 1458; x_wconf 87' lang='lat' dir='ltr'>Pest</span> <span class='ocrx_word' id='word_1_62' title='bbox 513 1417 602 1460; x_wconf 89' lang='lat' dir='ltr'>anno</span> <span class='ocrx_word' id='word_1_63' title='bbox 620 1396 760 1460; x_wconf 75' lang='lat'>1298111</span> <span class='ocrx_word' id='word_1_64' title='bbox 776 1394 970 1462; x_wconf 80' lang='lat' dir='ltr'>festivitate</span> <span class='ocrx_word' id='word_1_65' title='bbox 986 1394 1079 1459; x_wconf 87' lang='lat' dir='ltr'>beati</span> <span class='ocrx_word' id='word_1_66' title='bbox 1093 1379 1267 1460; x_wconf 88' lang='lat' dir='ltr'>Dominici</span> <span class='ocrx_word' id='word_1_67' title='bbox 1282 1394 1511 1461; x_wconf 82' lang='lat' dir='ltr'>confessoris¹</span> 
     </span>
    </p>
   </div>
   <div class='ocr_carea' id='block_1_4' title="bbox 215 1501 1513 2122">
    <p class='ocr_par' dir='ltr' id='par_1_5' title="bbox 215 1501 1513 2122">
     <span class='ocr_line' id='line_1_11' title="bbox 215 1501 1511 1589; baseline 0.003 -23"><span class='ocrx_word' id='word_1_68' title='bbox 215 1525 294 1568; x_wconf 90' lang='lat' dir='ltr'>cum</span> <span class='ocrx_word' id='word_1_69' title='bbox 315 1502 474 1567; x_wconf 84' lang='lat' dir='ltr'>omnibus</span> <span class='ocrx_word' id='word_1_70' title='bbox 497 1501 671 1568; x_wconf 88' lang='lat' dir='ltr'>nobilibus</span> <span class='ocrx_word' id='word_1_71' title='bbox 694 1505 905 1589; x_wconf 76' lang='lat' dir='ltr'>Hungarrae,</span> <span class='ocrx_word' id='word_1_72' title='bbox 938 1503 1083 1589; x_wconf 80' lang='lat' dir='ltr'>singulis</span> <span class='ocrx_word' id='word_1_73' title='bbox 1116 1501 1316 1585; x_wconf 68' lang='lat' dir='ltr'>Senonibus,</span> <span class='ocrx_word' id='word_1_74' title='bbox 1346 1503 1511 1570; x_wconf 78' lang='lat' dir='ltr'>Comanis</span> 
     </span>
     <span class='ocr_line' id='line_1_12' title="bbox 216 1611 1512 1693; baseline 0 -19"><span class='ocrx_word' id='word_1_75' title='bbox 216 1613 252 1674; x_wconf 92' lang='lat' dir='ltr'>in</span> <span class='ocrx_word' id='word_1_76' title='bbox 276 1632 382 1674; x_wconf 91' lang='lat' dir='ltr'>unum</span> <span class='ocrx_word' id='word_1_77' title='bbox 405 1612 655 1693; x_wconf 84' lang='lat' dir='ltr'>convenientes,</span> <span class='ocrx_word' id='word_1_78' title='bbox 688 1619 828 1693; x_wconf 80' lang='lat' dir='ltr'>accepta</span> <span class='ocrx_word' id='word_1_79' title='bbox 866 1611 1073 1674; x_wconf 87' lang='lat' dir='ltr'>auctoritate</span> <span class='ocrx_word' id='word_1_80' title='bbox 1106 1631 1147 1672; x_wconf 87' lang='lat' dir='ltr'>ex</span> <span class='ocrx_word' id='word_1_81' title='bbox 1180 1631 1346 1677; x_wconf 85' lang='lat' dir='ltr'>consensu</span> <span class='ocrx_word' id='word_1_82' title='bbox 1378 1611 1512 1676; x_wconf 91' lang='lat' dir='ltr'>domini</span> 
     </span>
     <span class='ocr_line' id='line_1_13' title="bbox 215 1715 1512 1803; baseline 0.002 -21"><span class='ocrx_word' id='word_1_83' title='bbox 215 1719 307 1803; x_wconf 85' lang='lat' dir='ltr'>regis</span> <span class='ocrx_word' id='word_1_84' title='bbox 329 1725 365 1781; x_wconf 89' lang='lat' dir='ltr'>et</span> <span class='ocrx_word' id='word_1_85' title='bbox 387 1717 562 1782; x_wconf 86' lang='lat' dir='ltr'>Beronum</span> <span class='ocrx_word' id='word_1_86' title='bbox 586 1719 694 1782; x_wconf 85' lang='lat' dir='ltr'>totius</span> <span class='ocrx_word' id='word_1_87' title='bbox 719 1721 825 1802; x_wconf 82' lang='lat' dir='ltr'>regni,</span> <span class='ocrx_word' id='word_1_88' title='bbox 850 1719 965 1800; x_wconf 86' lang='lat' dir='ltr'>prouti</span> <span class='ocrx_word' id='word_1_89' title='bbox 989 1725 1026 1790; x_wconf 84' lang='lat' dir='ltr'>et</span> <span class='ocrx_word' id='word_1_90' title='bbox 1047 1715 1201 1799; x_wconf 82' lang='lat' dir='ltr'>aliorum,</span> <span class='ocrx_word' id='word_1_91' title='bbox 1224 1718 1384 1782; x_wconf 77' lang='lat' dir='ltr'>invocate</span> <span class='ocrx_word' id='word_1_92' title='bbox 1404 1717 1512 1802; x_wconf 86' lang='lat' dir='ltr'>Spiri-</span> 
     </span>
     <span class='ocr_line' id='line_1_14' title="bbox 216 1824 1512 1911; baseline 0 -21"><span class='ocrx_word' id='word_1_93' title='bbox 216 1833 272 1890; x_wconf 84' lang='lat' dir='ltr'>tus</span> <span class='ocrx_word' id='word_1_94' title='bbox 300 1827 411 1890; x_wconf 88' lang='lat' dir='ltr'>sancti</span> <span class='ocrx_word' id='word_1_95' title='bbox 432 1827 547 1910; x_wconf 85' lang='lat' dir='ltr'>gratia</span> <span class='ocrx_word' id='word_1_96' title='bbox 572 1833 721 1890; x_wconf 87' lang='lat' dir='ltr'>tractare</span> <span class='ocrx_word' id='word_1_97' title='bbox 745 1827 917 1908; x_wconf 88' lang='lat' dir='ltr'>coepimus</span> <span class='ocrx_word' id='word_1_98' title='bbox 941 1825 983 1888; x_wconf 92' lang='lat' dir='ltr'>de</span> <span class='ocrx_word' id='word_1_99' title='bbox 1016 1824 1078 1906; x_wconf 87' lang='lat' dir='ltr'>his,</span> <span class='ocrx_word' id='word_1_100' title='bbox 1110 1843 1197 1908; x_wconf 87' lang='lat' dir='ltr'>quae</span> <span class='ocrx_word' id='word_1_101' title='bbox 1232 1825 1344 1908; x_wconf 87' lang='lat' dir='ltr'>regiae</span> <span class='ocrx_word' id='word_1_102' title='bbox 1377 1830 1512 1911; x_wconf 87' lang='lat' dir='ltr'>magni-</span> 
     </span>
     <span class='ocr_line' id='line_1_15' title="bbox 216 1930 1513 2018; baseline 0.002 -23"><span class='ocrx_word' id='word_1_103' title='bbox 216 1930 375 1996; x_wconf 82' lang='lat' dir='ltr'>ficentiae</span> <span class='ocrx_word' id='word_1_104' title='bbox 398 1941 434 1996; x_wconf 85' lang='lat' dir='ltr'>et</span> <span class='ocrx_word' id='word_1_105' title='bbox 458 1935 565 1996; x_wconf 82' lang='lat' dir='ltr'>statui</span> <span class='ocrx_word' id='word_1_106' title='bbox 589 1935 689 2018; x_wconf 80' lang='lat' dir='ltr'>regni</span> <span class='ocrx_word' id='word_1_107' title='bbox 713 1935 821 1998; x_wconf 82' lang='lat' dir='ltr'>totius</span> <span class='ocrx_word' id='word_1_108' title='bbox 843 1953 883 1996; x_wconf 88' lang='lat' dir='ltr'>ac</span> <span class='ocrx_word' id='word_1_109' title='bbox 907 1934 1013 1996; x_wconf 87' lang='lat' dir='ltr'>etiam</span> <span class='ocrx_word' id='word_1_110' title='bbox 1035 1933 1187 2014; x_wconf 87' lang='lat' dir='ltr'>ipsarum</span> <span class='ocrx_word' id='word_1_111' title='bbox 1203 1931 1513 1998; x_wconf 85' lang='lat' dir='ltr'>ecclesiasticarum</span> 
     </span>
     <span class='ocr_line' id='line_1_16' title="bbox 217 2038 1123 2122; baseline -0.002 -18"><span class='ocrx_word' id='word_1_112' title='bbox 217 2060 436 2122; x_wconf 87' lang='lat' dir='ltr'>personarum</span> <span class='ocrx_word' id='word_1_113' title='bbox 461 2047 496 2104; x_wconf 84' lang='lat' dir='ltr'>et</span> <span class='ocrx_word' id='word_1_114' title='bbox 520 2040 680 2104; x_wconf 86' lang='lat' dir='ltr'>ordinum</span> <span class='ocrx_word' id='word_1_115' title='bbox 703 2039 848 2106; x_wconf 89' lang='lat' dir='ltr'>aliorum</span> <span class='ocrx_word' id='word_1_116' title='bbox 881 2038 1123 2105; x_wconf 73' lang='lat' dir='ltr'>consuleretur.</span> 
     </span>
    </p>
   </div>
   <div class='ocr_carea' id='block_1_5' title="bbox 218 2250 1514 2449">
    <p class='ocr_par' dir='ltr' id='par_1_6' title="bbox 218 2250 1514 2449">
     <span class='ocr_line' id='line_1_17' title="bbox 218 2250 1514 2342; baseline 0.004 -24"><span class='ocrx_word' id='word_1_117' title='bbox 218 2250 246 2318; x_wconf 85' lang='lat' dir='ltr'><em>A</em></span> <span class='ocrx_word' id='word_1_118' title='bbox 266 2251 443 2338; x_wconf 79' lang='lat' dir='ltr'>lcirdlpro,</span> <span class='ocrx_word' id='word_1_119' title='bbox 467 2274 489 2318; x_wconf 86' lang='lat' dir='ltr'>u</span> <span class='ocrx_word' id='word_1_120' title='bbox 514 2252 650 2340; x_wconf 75' lang='lat' dir='ltr'>kirdlpi</span> <span class='ocrx_word' id='word_1_121' title='bbox 664 2253 826 2342; x_wconf 72' lang='lat' dir='ltr'>jooolrrc</span> <span class='ocrx_word' id='word_1_122' title='bbox 851 2255 886 2320; x_wconf 72' lang='lat' dir='ltr'>ds</span> <span class='ocrx_word' id='word_1_123' title='bbox 910 2275 932 2320; x_wconf 87' lang='lat' dir='ltr'>a</span> <span class='ocrx_word' id='word_1_124' title='bbox 956 2253 1093 2338; x_wconf 82' lang='lat' dir='ltr'>lcirdlyi</span> <span class='ocrx_word' id='word_1_125' title='bbox 1116 2256 1285 2322; x_wconf 76' lang='lat' dir='ltr'>landerro</span> <span class='ocrx_word' id='word_1_126' title='bbox 1311 2253 1514 2323; x_wconf 77' lang='lat' dir='ltr'>conotlcozd</span> 
     </span>
     <span class='ocr_line' id='line_1_18' title="bbox 755 2360 971 2449; baseline -0.005 -20"><span class='ocrx_word' id='word_1_127' title='bbox 755 2360 971 2449; x_wconf 75' lang='lat' dir='ltr'>czildrelyelc.</span> 
     </span>
    </p>
   </div>
   <div class='ocr_carea' id='block_1_6' title="bbox 236 2507 1514 2593">
    <p class='ocr_par' dir='ltr' id='par_1_7' title="bbox 236 2507 1514 2593">
     <span class='ocr_line' id='line_1_19' title="bbox 236 2507 1514 2593; baseline 0.001 -21"><span class='ocrx_word' id='word_1_128' title='bbox 236 2515 246 2546; x_wconf 66' lang='lat'>&#39;⁴</span> <span class='ocrx_word' id='word_1_129' title='bbox 324 2509 350 2572; x_wconf 90' lang='lat' dir='ltr'>I.</span> <span class='ocrx_word' id='word_1_130' title='bbox 384 2509 434 2574; x_wconf 89' lang='lat' dir='ltr'>Ut</span> <span class='ocrx_word' id='word_1_131' title='bbox 466 2509 642 2573; x_wconf 88' lang='lat' dir='ltr'>dominum</span> <span class='ocrx_word' id='word_1_132' title='bbox 674 2510 850 2574; x_wconf 88' lang='lat' dir='ltr'>Andream</span> <span class='ocrx_word' id='word_1_133' title='bbox 882 2531 923 2572; x_wconf 87' lang='lat' dir='ltr'>ex</span> <span class='ocrx_word' id='word_1_134' title='bbox 957 2508 1065 2593; x_wconf 86' lang='lat' dir='ltr'>regali</span> <span class='ocrx_word' id='word_1_135' title='bbox 1103 2509 1209 2590; x_wconf 87' lang='lat' dir='ltr'>stirpe</span> <span class='ocrx_word' id='word_1_136' title='bbox 1249 2507 1514 2574; x_wconf 88' lang='lat' dir='ltr'>dsscendentem</span> 
     </span>
    </p>
   </div>
   <div class='ocr_carea' id='block_1_7' title="bbox 217 2615 1520 4424">
    <p class='ocr_par' dir='ltr' id='par_1_8' title="bbox 218 2615 1058 2700">
     <span class='ocr_line' id='line_1_20' title="bbox 218 2615 1058 2700; baseline -0.002 -20"><span class='ocrx_word' id='word_1_137' title='bbox 218 2639 435 2681; x_wconf 82' lang='lat' dir='ltr'>revereamur</span> <span class='ocrx_word' id='word_1_138' title='bbox 457 2623 634 2700; x_wconf 90' lang='lat' dir='ltr'>tamquam</span> <span class='ocrx_word' id='word_1_139' title='bbox 657 2619 834 2682; x_wconf 89' lang='lat' dir='ltr'>dominum</span> <span class='ocrx_word' id='word_1_140' title='bbox 857 2615 1058 2680; x_wconf 76' lang='lat' dir='ltr'>naturalem.</span> 
     </span>
    </p>

    <p class='ocr_par' dir='ltr' id='par_1_9' title="bbox 217 2723 1515 3126">
     <span class='ocr_line' id='line_1_21' title="bbox 325 2723 1515 2809; baseline -0.001 -21"><span class='ocrx_word' id='word_1_141' title='bbox 325 2724 371 2790; x_wconf 89' lang='lat' dir='ltr'>H.</span> <span class='ocrx_word' id='word_1_142' title='bbox 393 2725 441 2790; x_wconf 85' lang='lat' dir='ltr'>Et</span> <span class='ocrx_word' id='word_1_143' title='bbox 465 2733 504 2789; x_wconf 84' lang='lat' dir='ltr'>ut</span> <span class='ocrx_word' id='word_1_144' title='bbox 527 2728 564 2788; x_wconf 90' lang='lat' dir='ltr'>in</span> <span class='ocrx_word' id='word_1_145' title='bbox 581 2747 723 2808; x_wconf 89' lang='lat' dir='ltr'>persona</span> <span class='ocrx_word' id='word_1_146' title='bbox 739 2727 847 2806; x_wconf 87' lang='lat' dir='ltr'>ipsius</span> <span class='ocrx_word' id='word_1_147' title='bbox 862 2723 987 2809; x_wconf 83' lang='lat' dir='ltr'>regalis</span> <span class='ocrx_word' id='word_1_148' title='bbox 1003 2723 1156 2808; x_wconf 73' lang='lat' dir='ltr'>dignitas</span> <span class='ocrx_word' id='word_1_149' title='bbox 1171 2723 1358 2787; x_wconf 90' lang='lat' dir='ltr'>secundum</span> <span class='ocrx_word' id='word_1_150' title='bbox 1374 2725 1515 2808; x_wconf 82' lang='lat' dir='ltr'>exigen-</span> 
     </span>
     <span class='ocr_line' id='line_1_22' title="bbox 219 2829 1515 2919; baseline 0 -23"><span class='ocrx_word' id='word_1_151' title='bbox 219 2837 303 2897; x_wconf 88' lang='lat' dir='ltr'>tiam</span> <span class='ocrx_word' id='word_1_152' title='bbox 320 2835 372 2896; x_wconf 90' lang='lat' dir='ltr'>sui</span> <span class='ocrx_word' id='word_1_153' title='bbox 388 2833 548 2897; x_wconf 90' lang='lat' dir='ltr'>culminis</span> <span class='ocrx_word' id='word_1_154' title='bbox 566 2833 699 2919; x_wconf 84' lang='lat' dir='ltr'>fulgere</span> <span class='ocrx_word' id='word_1_155' title='bbox 717 2835 831 2916; x_wconf 85' lang='lat' dir='ltr'>possit,</span> <span class='ocrx_word' id='word_1_156' title='bbox 851 2834 964 2896; x_wconf 89' lang='lat' dir='ltr'>omnia</span> <span class='ocrx_word' id='word_1_157' title='bbox 988 2829 1117 2916; x_wconf 83' lang='lat' dir='ltr'>regalia</span> <span class='ocrx_word' id='word_1_158' title='bbox 1144 2832 1271 2913; x_wconf 89' lang='lat' dir='ltr'>pariter</span> <span class='ocrx_word' id='word_1_159' title='bbox 1293 2837 1329 2894; x_wconf 91' lang='lat' dir='ltr'>et</span> <span class='ocrx_word' id='word_1_160' title='bbox 1343 2831 1515 2915; x_wconf 82' lang='lat' dir='ltr'>reginalia</span> 
     </span>
     <span class='ocr_line' id='line_1_23' title="bbox 220 2937 1514 3028; baseline -0.003 -22"><span class='ocrx_word' id='word_1_161' title='bbox 220 2965 278 3024; x_wconf 92' lang='lat' dir='ltr'>per</span> <span class='ocrx_word' id='word_1_162' title='bbox 300 2963 536 3028; x_wconf 91' lang='lat' dir='ltr'>quemcunque</span> <span class='ocrx_word' id='word_1_163' title='bbox 568 2949 604 3005; x_wconf 93' lang='lat' dir='ltr'>et</span> <span class='ocrx_word' id='word_1_164' title='bbox 636 2962 873 3026; x_wconf 88' lang='lat' dir='ltr'>quamcunque</span> <span class='ocrx_word' id='word_1_165' title='bbox 907 2937 1060 3002; x_wconf 89' lang='lat' dir='ltr'>indebite</span> <span class='ocrx_word' id='word_1_166' title='bbox 1094 2946 1267 3020; x_wconf 84' lang='lat' dir='ltr'>occupata,</span> <span class='ocrx_word' id='word_1_167' title='bbox 1300 2938 1399 3022; x_wconf 91' lang='lat' dir='ltr'>pleno</span> <span class='ocrx_word' id='word_1_168' title='bbox 1437 2940 1514 3002; x_wconf 87' lang='lat' dir='ltr'>iure</span> 
     </span>
     <span class='ocr_line' id='line_1_24' title="bbox 217 3052 1493 3126; baseline -0.004 -14"><span class='ocrx_word' id='word_1_169' title='bbox 217 3052 469 3113; x_wconf 72' lang='lat' dir='ltr'>restituantur.³</span> <span class='ocrx_word' id='word_1_170' title='bbox 1490 3112 1493 3126; x_wconf 34' lang='lat'><strong>¹</strong></span> 
     </span>
    </p>

    <p class='ocr_par' dir='ltr' id='par_1_10' title="bbox 219 3153 1520 4424">
     <span class='ocr_line' id='line_1_25' title="bbox 325 3153 1515 3242; baseline -0.003 -22"><span class='ocrx_word' id='word_1_171' title='bbox 325 3155 366 3220; x_wconf 89' lang='lat' dir='ltr'>V.</span> <span class='ocrx_word' id='word_1_172' title='bbox 394 3155 442 3222; x_wconf 87' lang='lat' dir='ltr'>Et</span> <span class='ocrx_word' id='word_1_173' title='bbox 480 3159 674 3242; x_wconf 80' lang='lat' dir='ltr'>quicunque</span> <span class='ocrx_word' id='word_1_174' title='bbox 712 3154 841 3241; x_wconf 85' lang='lat' dir='ltr'>regalia</span> <span class='ocrx_word' id='word_1_175' title='bbox 880 3165 915 3218; x_wconf 84' lang='lat' dir='ltr'>et</span> <span class='ocrx_word' id='word_1_176' title='bbox 953 3153 1119 3240; x_wconf 85' lang='lat' dir='ltr'>reginalia</span> <span class='ocrx_word' id='word_1_177' title='bbox 1152 3153 1306 3218; x_wconf 82' lang='lat' dir='ltr'>indebite</span> <span class='ocrx_word' id='word_1_178' title='bbox 1338 3161 1515 3235; x_wconf 83' lang='lat' dir='ltr'>occupata,</span> 
     </span>
     <span class='ocr_line' id='line_1_26' title="bbox 221 3257 1515 3344; baseline -0.002 -17"><span class='ocrx_word' id='word_1_179' title='bbox 221 3265 443 3344; x_wconf 89' lang='lat' dir='ltr'>possessiones</span> <span class='ocrx_word' id='word_1_180' title='bbox 467 3265 572 3328; x_wconf 87' lang='lat' dir='ltr'>etiam</span> <span class='ocrx_word' id='word_1_181' title='bbox 595 3263 815 3328; x_wconf 89' lang='lat' dir='ltr'>ecclesiarum</span> <span class='ocrx_word' id='word_1_182' title='bbox 838 3271 872 3326; x_wconf 89' lang='lat' dir='ltr'>et</span> <span class='ocrx_word' id='word_1_183' title='bbox 896 3261 1073 3342; x_wconf 71' lang='lat' dir='ltr'>nobilium,</span> <span class='ocrx_word' id='word_1_184' title='bbox 1089 3257 1173 3343; x_wconf 80' lang='lat' dir='ltr'>fora,</span> <span class='ocrx_word' id='word_1_185' title='bbox 1189 3259 1321 3325; x_wconf 86' lang='lat' dir='ltr'>tributa</span> <span class='ocrx_word' id='word_1_186' title='bbox 1346 3259 1515 3324; x_wconf 87' lang='lat' dir='ltr'>hactenus</span> 
     </span>
     <span class='ocr_line' id='line_1_27' title="bbox 219 3368 1515 3452; baseline -0.004 -17"><span class='ocrx_word' id='word_1_187' title='bbox 219 3369 372 3435; x_wconf 85' lang='lat' dir='ltr'>indebite</span> <span class='ocrx_word' id='word_1_188' title='bbox 396 3369 538 3435; x_wconf 83' lang='lat' dir='ltr'>obtenta</span> <span class='ocrx_word' id='word_1_189' title='bbox 560 3393 629 3434; x_wconf 91' lang='lat' dir='ltr'>non</span> <span class='ocrx_word' id='word_1_190' title='bbox 653 3369 878 3452; x_wconf 81' lang='lat' dir='ltr'>restituerint,</span> <span class='ocrx_word' id='word_1_191' title='bbox 907 3377 942 3435; x_wconf 84' lang='lat' dir='ltr'>et</span> <span class='ocrx_word' id='word_1_192' title='bbox 974 3368 1066 3433; x_wconf 87' lang='lat' dir='ltr'>infra</span> <span class='ocrx_word' id='word_1_193' title='bbox 1098 3369 1248 3451; x_wconf 88' lang='lat' dir='ltr'>spatium</span> <span class='ocrx_word' id='word_1_194' title='bbox 1281 3369 1387 3432; x_wconf 87' lang='lat' dir='ltr'>trium</span> <span class='ocrx_word' id='word_1_195' title='bbox 1420 3389 1515 3430; x_wconf 89' lang='lat' dir='ltr'>men-</span> 
     </span>
     <span class='ocr_line' id='line_1_28' title="bbox 219 3477 1518 3564; baseline -0.004 -22"><span class='ocrx_word' id='word_1_196' title='bbox 219 3481 307 3543; x_wconf 88' lang='lat' dir='ltr'>sium</span> <span class='ocrx_word' id='word_1_197' title='bbox 340 3501 360 3541; x_wconf 89' lang='lat' dir='ltr'>a</span> <span class='ocrx_word' id='word_1_198' title='bbox 392 3477 448 3542; x_wconf 91' lang='lat' dir='ltr'>die</span> <span class='ocrx_word' id='word_1_199' title='bbox 481 3480 757 3564; x_wconf 85' lang='lat' dir='ltr'>congregationis</span> <span class='ocrx_word' id='word_1_200' title='bbox 788 3477 1095 3560; x_wconf 86' lang='lat' dir='ltr'>computandorum</span> <span class='ocrx_word' id='word_1_201' title='bbox 1118 3477 1294 3541; x_wconf 75' lang='lat' dir='ltr'>dimittere</span> <span class='ocrx_word' id='word_1_202' title='bbox 1326 3496 1395 3540; x_wconf 87' lang='lat' dir='ltr'>non</span> <span class='ocrx_word' id='word_1_203' title='bbox 1417 3481 1518 3538; x_wconf 82' lang='lat' dir='ltr'>cuia-</span> 
     </span>
     <span class='ocr_line' id='line_1_29' title="bbox 220 3583 1517 3670; baseline -0.005 -20"><span class='ocrx_word' id='word_1_204' title='bbox 220 3588 343 3668; x_wconf 84' lang='lat' dir='ltr'>veriut,</span> <span class='ocrx_word' id='word_1_205' title='bbox 367 3593 427 3648; x_wconf 89' lang='lat' dir='ltr'>aut</span> <span class='ocrx_word' id='word_1_206' title='bbox 452 3587 542 3670; x_wconf 89' lang='lat' dir='ltr'>siqui</span> <span class='ocrx_word' id='word_1_207' title='bbox 565 3585 607 3648; x_wconf 94' lang='lat' dir='ltr'>de</span> <span class='ocrx_word' id='word_1_208' title='bbox 631 3606 721 3649; x_wconf 85' lang='lat' dir='ltr'>novo</span> <span class='ocrx_word' id='word_1_209' title='bbox 737 3585 782 3648; x_wconf 88' lang='lat' dir='ltr'>ad</span> <span class='ocrx_word' id='word_1_210' title='bbox 799 3583 1015 3667; x_wconf 89' lang='lat' dir='ltr'>spoliandum</span> <span class='ocrx_word' id='word_1_211' title='bbox 1031 3593 1065 3647; x_wconf 87' lang='lat' dir='ltr'>et</span> <span class='ocrx_word' id='word_1_212' title='bbox 1082 3583 1317 3666; x_wconf 87' lang='lat' dir='ltr'>occupandum</span> <span class='ocrx_word' id='word_1_213' title='bbox 1335 3583 1517 3665; x_wconf 88' lang='lat' dir='ltr'>possessio-</span> 
     </span>
     <span class='ocr_line' id='line_1_30' title="bbox 219 3689 1516 3778; baseline -0.002 -21"><span class='ocrx_word' id='word_1_214' title='bbox 219 3715 278 3757; x_wconf 89' lang='lat' dir='ltr'>nes</span> <span class='ocrx_word' id='word_1_215' title='bbox 310 3692 442 3778; x_wconf 84' lang='lat' dir='ltr'>regales</span> <span class='ocrx_word' id='word_1_216' title='bbox 475 3701 510 3756; x_wconf 88' lang='lat' dir='ltr'>et</span> <span class='ocrx_word' id='word_1_217' title='bbox 542 3693 720 3778; x_wconf 84' lang='lat' dir='ltr'>reginales‚</span> <span class='ocrx_word' id='word_1_218' title='bbox 755 3693 974 3757; x_wconf 88' lang='lat' dir='ltr'>ecclesiarum</span> <span class='ocrx_word' id='word_1_219' title='bbox 1007 3701 1042 3756; x_wconf 83' lang='lat' dir='ltr'>et</span> <span class='ocrx_word' id='word_1_220' title='bbox 1074 3691 1243 3756; x_wconf 87' lang='lat' dir='ltr'>nobilium</span> <span class='ocrx_word' id='word_1_221' title='bbox 1276 3698 1396 3756; x_wconf 88' lang='lat' dir='ltr'>contra</span> <span class='ocrx_word' id='word_1_222' title='bbox 1427 3689 1516 3754; x_wconf 88' lang='lat' dir='ltr'>haec</span> 
     </span>
     <span class='ocr_line' id='line_1_31' title="bbox 220 3801 1518 3882; baseline -0.002 -18"><span class='ocrx_word' id='word_1_223' title='bbox 220 3808 352 3866; x_wconf 84' lang='lat' dir='ltr'>statuta</span> <span class='ocrx_word' id='word_1_224' title='bbox 375 3803 594 3882; x_wconf 84' lang='lat' dir='ltr'>surrexerint,</span> <span class='ocrx_word' id='word_1_225' title='bbox 623 3801 829 3864; x_wconf 86' lang='lat' dir='ltr'>sententiam</span> <span class='ocrx_word' id='word_1_226' title='bbox 869 3801 1230 3864; x_wconf 82' lang='lat' dir='ltr'>excommunicationis</span> <span class='ocrx_word' id='word_1_227' title='bbox 1257 3837 1296 3844; x_wconf 79' lang='lat'>-—</span> <span class='ocrx_word' id='word_1_228' title='bbox 1336 3801 1518 3862; x_wconf 76' lang='lat' dir='ltr'>incurrant</span> 
     </span>
     <span class='ocr_line' id='line_1_32' title="bbox 221 3907 1517 3993; baseline -0.004 -19"><span class='ocrx_word' id='word_1_229' title='bbox 221 3913 294 3993; x_wconf 90' lang='lat' dir='ltr'>ipso</span> <span class='ocrx_word' id='word_1_230' title='bbox 319 3907 420 3990; x_wconf 79' lang='lat' dir='ltr'>facto,</span> <span class='ocrx_word' id='word_1_231' title='bbox 443 3929 463 3970; x_wconf 88' lang='lat' dir='ltr'>e</span> <span class='ocrx_word' id='word_1_232' title='bbox 487 3930 554 3993; x_wconf 91' lang='lat' dir='ltr'>qua</span> <span class='ocrx_word' id='word_1_233' title='bbox 577 3907 712 3972; x_wconf 89' lang='lat' dir='ltr'>absolvi</span> <span class='ocrx_word' id='word_1_234' title='bbox 739 3929 809 3972; x_wconf 87' lang='lat' dir='ltr'>non</span> <span class='ocrx_word' id='word_1_235' title='bbox 836 3907 984 3989; x_wconf 79' lang='lat' dir='ltr'>valeant,</span> <span class='ocrx_word' id='word_1_236' title='bbox 1007 3909 1075 3971; x_wconf 89' lang='lat' dir='ltr'>nisi</span> <span class='ocrx_word' id='word_1_237' title='bbox 1098 3907 1189 3989; x_wconf 86' lang='lat' dir='ltr'>apud</span> <span class='ocrx_word' id='word_1_238' title='bbox 1222 3907 1517 3990; x_wconf 88' lang='lat' dir='ltr'>archiepiscopum</span> 
     </span>
     <span class='ocr_line' id='line_1_33' title="bbox 220 4015 1518 4101; baseline -0.004 -18"><span class='ocrx_word' id='word_1_239' title='bbox 220 4017 448 4100; x_wconf 71' lang='lat' dir='ltr'>Colocensem</span> <span class='ocrx_word' id='word_1_240' title='bbox 464 4017 617 4080; x_wconf 91' lang='lat' dir='ltr'>omnium</span> <span class='ocrx_word' id='word_1_241' title='bbox 633 4019 868 4101; x_wconf 90' lang='lat' dir='ltr'>episcoporum</span> <span class='ocrx_word' id='word_1_242' title='bbox 884 4015 1127 4080; x_wconf 86' lang='lat' dir='ltr'>nichilominus</span> <span class='ocrx_word' id='word_1_243' title='bbox 1143 4035 1310 4077; x_wconf 87' lang='lat' dir='ltr'>consensu</span> <span class='ocrx_word' id='word_1_244' title='bbox 1324 4019 1360 4076; x_wconf 89' lang='lat' dir='ltr'>et</span> <span class='ocrx_word' id='word_1_245' title='bbox 1375 4033 1518 4078; x_wconf 88' lang='lat' dir='ltr'>assensu</span> 
     </span>
     <span class='ocr_line' id='line_1_34' title="bbox 220 4121 1519 4208; baseline -0.006 -19"><span class='ocrx_word' id='word_1_246' title='bbox 220 4127 482 4207; x_wconf 79' lang='lat' dir='ltr'>interveniente,</span> <span class='ocrx_word' id='word_1_247' title='bbox 505 4133 541 4188; x_wconf 87' lang='lat' dir='ltr'>et</span> <span class='ocrx_word' id='word_1_248' title='bbox 565 4123 765 4208; x_wconf 87' lang='lat' dir='ltr'>praehabita</span> <span class='ocrx_word' id='word_1_249' title='bbox 791 4121 1025 4188; x_wconf 85' lang='lat' dir='ltr'>satisfactione</span> <span class='ocrx_word' id='word_1_250' title='bbox 1051 4121 1260 4205; x_wconf 87' lang='lat' dir='ltr'>competenti</span> <span class='ocrx_word' id='word_1_251' title='bbox 1276 4121 1407 4184; x_wconf 89' lang='lat' dir='ltr'>domini</span> <span class='ocrx_word' id='word_1_252' title='bbox 1423 4122 1519 4204; x_wconf 87' lang='lat' dir='ltr'>regis</span> 
     </span>
     <span class='ocr_line' id='line_1_35' title="bbox 220 4227 1519 4317; baseline -0.005 -20"><span class='ocrx_word' id='word_1_253' title='bbox 220 4236 344 4299; x_wconf 87' lang='lat' dir='ltr'>cedant</span> <span class='ocrx_word' id='word_1_254' title='bbox 392 4234 519 4297; x_wconf 87' lang='lat' dir='ltr'>iudicio</span> <span class='ocrx_word' id='word_1_255' title='bbox 559 4255 666 4317; x_wconf 89' lang='lat' dir='ltr'>poena</span> <span class='ocrx_word' id='word_1_256' title='bbox 705 4231 823 4296; x_wconf 78' lang='lat' dir='ltr'>debita</span> <span class='ocrx_word' id='word_1_257' title='bbox 867 4231 1038 4315; x_wconf 90' lang='lat' dir='ltr'>puniendi.</span> <span class='ocrx_word' id='word_1_258' title='bbox 1081 4227 1357 4295; x_wconf 89' lang='lat' dir='ltr'>Possessionibus</span> <span class='ocrx_word' id='word_1_259' title='bbox 1398 4235 1519 4292; x_wconf 89' lang='lat' dir='ltr'>tamen</span> 
     </span>
     <span class='ocr_line' id='line_1_36' title="bbox 220 4338 1520 4424; baseline -0.005 -20"><span class='ocrx_word' id='word_1_260' title='bbox 220 4341 378 4405; x_wconf 87' lang='lat' dir='ltr'>omnibus</span> <span class='ocrx_word' id='word_1_261' title='bbox 401 4344 475 4424; x_wconf 89' lang='lat' dir='ltr'>ipso</span> <span class='ocrx_word' id='word_1_262' title='bbox 499 4339 591 4404; x_wconf 84' lang='lat' dir='ltr'>facto</span> <span class='ocrx_word' id='word_1_263' title='bbox 617 4341 753 4424; x_wconf 78' lang='lat' dir='ltr'>privati,</span> <span class='ocrx_word' id='word_1_264' title='bbox 786 4340 933 4404; x_wconf 85' lang='lat' dir='ltr'>deducta</span> <span class='ocrx_word' id='word_1_265' title='bbox 965 4340 1164 4421; x_wconf 89' lang='lat' dir='ltr'>repensione</span> <span class='ocrx_word' id='word_1_266' title='bbox 1197 4338 1422 4419; x_wconf 87' lang='lat' dir='ltr'>dampnorum</span> <span class='ocrx_word' id='word_1_267' title='bbox 1456 4357 1520 4416; x_wconf 89' lang='lat' dir='ltr'>per</span> 
     </span>
    </p>
   </div>
   <div class='ocr_carea' id='block_1_8' title="bbox 330 4549 627 4712">
    <p class='ocr_par' dir='ltr' id='par_1_11' title="bbox 330 4549 627 4712">
     <span class='ocr_line' id='line_1_37' title="bbox 332 4549 625 4623; baseline -0.01 -17"><span class='ocrx_word' id='word_1_268' title='bbox 332 4563 339 4589; x_wconf 90' lang='lat'>¹</span> <span class='ocrx_word' id='word_1_269' title='bbox 359 4555 531 4623; x_wconf 84' lang='lat' dir='ltr'>Augusztus</span> <span class='ocrx_word' id='word_1_270' title='bbox 551 4549 625 4605; x_wconf 59' lang='lat' dir='ltr'>adn.</span> 
     </span>
     <span class='ocr_line' id='line_1_38' title="bbox 330 4641 627 4712; baseline -0.007 -17"><span class='ocrx_word' id='word_1_271' title='bbox 330 4652 340 4680; x_wconf 86' lang='lat'><em>¹</em></span> <span class='ocrx_word' id='word_1_272' title='bbox 359 4644 463 4712; x_wconf 86' lang='lat' dir='ltr'>Arany</span> <span class='ocrx_word' id='word_1_273' title='bbox 482 4641 565 4694; x_wconf 83' lang='lat' dir='ltr'>bulla</span> <span class='ocrx_word' id='word_1_274' title='bbox 586 4642 627 4694; x_wconf 77' lang='lat'>17.</span> 
     </span>
    </p>
   </div>
   <div class='ocr_carea' id='block_1_9' title="bbox 0 0 1608 5210">
    <p class='ocr_par' dir='ltr' id='par_1_12' title="bbox 0 0 1608 5210">
     <span class='ocr_line' id='line_1_39' title="bbox 0 0 1608 5210; baseline 0 0"><span class='ocrx_word' id='word_1_275' title='bbox 0 0 1608 5210; x_wconf 95' lang='lat' dir='ltr'> </span> 
     </span>
    </p>
   </div>
  </div>
 </body>
</html>
