3138 5212
200 287 267 351 422

201 493 314 548 tatum
337 489 521 547 teneantur
543 481 660 544 venire
684 503 724 543 ao
747 479 811 543 sub
830 477 1027 563 juramento
1049 476 1201 541 fideliter
1223 497 1323 560 agere
1347 483 1384 538 et
1416 496 1502 538 con-

201 592 277 656 silia
302 598 432 654 secreto
456 593 597 652 tenere.²

309 701 338 762 2.
362 697 477 762 Ittem.
515 695 614 772 Quod
647 715 746 758 nemo
780 695 1019 778 primariorum
1050 691 1230 757 hominum
1262 693 1500 775 cuiuscunque

201 807 350 870 nationis
382 804 507 868 audeat
540 805 677 867 mittere
711 803 871 864 nuntium
903 801 946 864 ad
975 799 1114 884 aliquod
1138 820 1283 884 reguum
1313 807 1499 861 externum

201 915 273 977 sine
307 911 446 996 speciali
479 909 659 973 voluntate
692 917 727 971 et
760 929 926 971 consensu
967 907 1097 970 domini
1130 904 1395 969 locumtenentis
1433 912 1498 968 aut

201 1019 393 1097 substituti,
426 1015 470 1080 ab
503 1036 541 1079 eo
574 1017 610 1078 in
644 1035 786 1097 persona
818 1011 972 1096 ejusdem
1005 1013 1196 1093 constituti,
1228 1011 1257 1073 si
1281 1031 1362 1074 vero
1386 1009 1498 1074 Siculi

201 1127 334 1190 sedium
352 1125 445 1206 Csiln
469 1123 643 1207 Gyergy0‚
667 1123 789 1202 Kdzdi⁷
813 1121 909 1205 Sepsi
933 1131 967 1184 et
992 1119 1096 1184 Orbai
1121 1119 1295 1182 voluerint
1320 1138 1379 1201 pro
1408 1139 1498 1181 mer-

201 1233 298 1297 cibus
330 1233 373 1296 ad
405 1233 645 1296 necessitatem
673 1229 838 1293 ducendis
863 1228 1030 1312 proficisci
1054 1231 1091 1292 in
1114 1225 1326 1292 Moldaviam
1350 1232 1411 1288 aut
1445 1247 1499 1287 re-

200 1362 308 1425 gnum
332 1338 625 1422 Transalpinense,
650 1343 732 1400 tuno
760 1345 943 1400 teneantur
971 1357 1067 1399 suam
1092 1333 1338 1418 profectionem
1362 1333 1496 1415 aperire

201 1455 236 1510 et
270 1468 454 1531 proponere
487 1467 600 1510 eoram
632 1445 779 1508 dominis
812 1443 936 1506 Siculis
969 1441 1123 1526 ejusdem
1155 1441 1245 1506 sedis
1283 1439 1347 1504 sub
1388 1461 1495 1524 poena

201 1555 394 1616 amissionis
417 1554 540 1635 capitis
563 1560 598 1615 ct
615 1551 790 1615 bonorum.
807 1549 914 1614 Siculi
929 1559 1044 1614 autem
1061 1547 1214 1630 ejusdem
1230 1549 1320 1613 sedis
1335 1549 1497 1611 adstricti
1566 1581 1567 1632 l

202 1662 280 1740 sint,
305 1680 383 1724 mox
407 1659 591 1724 rescribere
616 1659 753 1722 domino
778 1657 1024 1723 locumtenenti
1057 1679 1179 1722 nomen
1212 1654 1294 1740 ejus,
1327 1657 1387 1741 qui
1421 1677 1498 1740 pro-
1566 1649 1567 1664 ¹

202 1765 368 1830 ficiscitur
391 1773 425 1830 et
449 1788 594 1830 causam.

310 1874 338 1936 3.
362 1873 415 1936 Ex
440 1875 555 1958 gratia
579 1873 635 1937 dei
658 1895 776 1937 omnes
799 1881 869 1937 tres
892 1873 1049 1936 nationes
1065 1878 1299 1935 convenerunt
1315 1871 1358 1935 de
1374 1877 1497 1934 mutua

202 2002 282 2062 pace
308 1979 456 2044 fovenda
481 1987 516 2044 et
539 1977 641 2043 rebus
664 1978 822 2044 omnibus
846 1981 944 2063 regni
967 1978 1087 2042 eodem
1110 1979 1211 2043 modo
1243 1986 1279 2042 et
1312 1980 1386 2061 pari
1417 1999 1498 2042 con-

202 2087 278 2152 silio
302 2109 341 2150 ac
365 2108 530 2151 consensu
552 2087 722 2171 gerendis,
746 2095 781 2151 et
804 2086 1001 2151 obedientia
1025 2085 1272 2150 locumtenenti
1289 2087 1496 2170 praestanda

201 2194 389 2258 secundum
412 2193 609 2258 libertatem
632 2201 668 2257 et
691 2196 870 2278 antiquam
893 2193 1175 2261 consuetudinem
1198 2195 1305 2278 regni.

309 2304 338 2366 4.
362 2303 478 2367 Ittem.
502 2301 628 2366 Omnes
652 2309 721 2366 tres
746 2305 901 2366 nationes
934 2310 1169 2366 convenerunt
1193 2303 1230 2364 in
1252 2301 1325 2365 hoc.
1348 2301 1441 2386 quod
1466 2303 1495 2365 si

202 2408 326 2493 aliquis
349 2408 458 2472 hostis
481 2416 643 2472 externus
666 2411 800 2473 venerit
823 2409 867 2472 ad
891 2408 955 2473 hoc
978 2430 1122 2493 regnum
1145 2408 1202 2472 vel
1218 2411 1323 2472 etiam
1338 2409 1497 2472 internus

202 2516 310 2580 hostis
334 2515 449 2599 fuerit,
473 2525 556 2580 tuno
580 2524 763 2581 teneantur
782 2517 938 2602 singulae
954 2519 1109 2581 nationes
1126 2516 1312 2580 cumomni
1327 2523 1497 2598 apparatu

203 2621 325 2686 bellico
358 2623 443 2687 alias
476 2624 633 2688 ordinato
666 2627 783 2688 venire
817 2647 877 2708 per
899 2624 1035 2709 singula
1059 2626 1172 2706 capita
1195 2622 1251 2687 vel
1275 2623 1312 2685 in
1334 2644 1374 2685 ea
1398 2628 1498 2705 parte

202 2733 292 2796 sicut
316 2731 474 2795 dominus
497 2731 732 2796 locumtenens
755 2733 792 2796 in
816 2732 926 2796 literis
949 2734 1019 2796 suis
1042 2731 1267 2796 mandaverit.
1284 2730 1361 2813 Ipse
1377 2737 1497 2794 tamen

202 2839 359 2902 dominus
383 2837 617 2903 locumtenens
640 2862 716 2903 eam
739 2861 856 2904 curam
878 2839 1013 2922 habeat,
1036 2845 1077 2904 ut
1100 2839 1222 2904 saltem
1254 2860 1330 2902 eam
1361 2845 1497 2922 partem

202 2947 300 3030 regni
323 2946 365 3009 de
389 2945 501 3010 tribus
525 2947 722 3012 nationibus
746 2949 789 3012 ad
814 2948 943 3012 bellum
975 2956 1084 3030 vocet,
1117 2969 1204 3032 quae
1237 2948 1427 3011 necessaria
1460 2955 1496 3010 et

202 3053 376 3118 sufficiens
400 3053 515 3138 fuerit,
534 3055 686 3140 alioquin
712 3060 899 3140 puniantur
914 3061 974 3143 qui
989 3079 1058 3122 non
1074 3058 1233 3121 venerint
1250 3077 1336 3138 pena
1352 3054 1498 3138 Capitis,

202 3162 298 3226 Bona
321 3168 438 3225 autem
460 3161 585 3226 talium
608 3170 806 3228 remaneant
830 3165 1022 3229 heredibus.

311 3272 339 3332 ὃ.
373 3269 487 3334 Ittem.
521 3270 689 3347 Quoniam
722 3271 852 3335 domini
884 3273 1093 3358 Regnioolae
1126 3272 1169 3335 ad
1202 3270 1407 3334 fidelitatem
1430 3267 1497 3332 filii

257 3505 267 3535 ¹
286 3499 313 3551 A
327 3496 480 3568 helytartd
492 3497 582 3550 melle'
594 3498 712 3551 rendelt
722 3516 793 3553 ezen

203 3585 354 3641 tanacsbdl
368 3585 505 3654 fejlodott
518 3585 549 3638 ki
560 3603 578 3638 a
591 3584 711 3642 kesobbi
722 3588 793 3658 feje-

202 3676 293 3730 delmi
325 3675 436 3744 tantos,
464 3675 605 3746 melynek
633 3678 668 3730 22
697 3678 794 3747 tagjat

202 3765 323 3820 reszben
355 3783 372 3818 a
402 3765 559 3836 fejedelem
595 3773 719 3821 nevezte
753 3770 794 3838 ki,

203 3855 323 3910 re'snben
361 3873 394 3909 az
434 3854 645 3926 orszaggyilles
682 3856 794 3911 valasz-

203 3951 287 3998 totta.
307 3944 449 4016 Epontot
468 3944 617 3998 kdlonben
637 3944 794 4014 kiegesziti

202 4053 235 4088 az
257 4037 326 4090 1543
352 4035 474 4090 februar
501 4035 588 4088 26-an
618 4034 795 4088 Kolozsvtrt

203 4131 310 4178 tartott
322 4124 533 4196 orszaggydles
550 4125 712 4178 kdvetkezd
725 4124 795 4195 veg-

202 4212 284 4267 ae'se:
314 4216 440 4268 »Omnes
465 4215 564 4267 officia
593 4219 623 4267 et
651 4215 795 4268 officiales

202 4302 337 4373 quilibet,
367 4309 428 4357 tarn
451 4304 525 4357 Rev.
555 4303 619 4358 Dns
638 4306 794 4358 Looumte-

202 4409 284 4461 nens,
304 4411 392 4462 quam
412 4396 522 4448 caeteri
552 4395 738 4465 dependeant
758 4395 794 4448 ab

203 4482 266 4551 ipsa
280 4481 437 4538 Maiestate
448 4485 591 4554 Reginali
604 4491 635 4538 et
648 4485 711 4538 filio
723 4502 794 4538 snae

203 4573 403 4628 Maiestatatis
442 4576 492 4642 ita,
524 4574 599 4644 quod
631 4575 794 4628 secundnm

902 3500 1076 3571 Principum
1106 3499 1280 3569 Hungariae
1309 3495 1436 3563 indulta,
1465 3501 1496 3549 et

903 3591 1070 3661 privilegia,
1111 3589 1236 3644 libertas
1274 3587 1361 3658 regni
1404 3585 1498 3639 huius

903 3682 1077 3734 inconcussa
1089 3684 1235 3746 servetur,
1248 3676 1382 3746 quodque
1395 3676 1496 3728 omnia

903 3771 1002 3840 Regni
1021 3771 1142 3840 negotia
1160 3786 1214 3823 sna
1235 3767 1378 3821 Maiestas
1403 3765 1497 3818 adrni-

902 3860 1012 3914 nistret
1039 3859 1075 3912 de
1104 3858 1226 3912 consilio
1252 3853 1496 3910 Consiliariorum

902 3949 997 4020 ipsius
1010 3949 1179 4002 Maiestatis
1192 3945 1357 4016 Reginalis.
1380 3943 1411 3996 Si
1423 3945 1498 3997 ver'o

902 4038 1028 4108 grandia
1064 4037 1185 4108 negotia
1222 4034 1407 4103 emerserint,
1442 4051 1496 4087 sua

903 4126 1046 4181 Maiestas
1058 4126 1183 4180 advocet
1196 4142 1254 4178 non
1267 4123 1363 4179 solum
1377 4124 1496 4178 oonsili-

903 4217 980 4270 arios
1008 4233 1076 4270 suos
1094 4233 1198 4269 verum
1228 4216 1319 4268 etiam
1338 4215 1497 4284 primarios

903 4304 1046 4374 homines,
1066 4304 1250 4358 consiliarios
1271 4303 1345 4356 alias
1358 4303 1495 4372 designa

904 4399 948 4446 tos
985 4409 1000 4444 e
1037 4393 1171 4461 qualibet
1202 4391 1338 4460 Natione‚
1370 4408 1495 4460 quornm

904 4481 1033 4536 Consilio
1061 4488 1190 4536 atatam«
1220 4479 1342 4551 Erdelyi
1372 4480 1495 4552 Orszag-

903 4572 1020 4644 gylllesi
1041 4573 1184 4628 emle'kek.
1205 4573 1236 4640 I.‚
1262 4573 1320 4626 176.
