3182 5210
1323 341 1387 404 237

90 541 204 594 torum
214 531 332 616 Regni
345 535 455 596 nostri
467 541 622 598 assecuta
638 543 672 599 st
689 534 840 620 obtenta,
850 538 1031 620 possidere,
1040 541 1187 602 retinere
1204 545 1239 603 61
1254 525 1388 617 habere,

90 637 298 703 durantibus
329 640 540 705 instantibus
574 642 824 707 dissensionum
846 643 962 729 Regni
985 645 1095 711 nostri
1119 646 1330 728 temporibus
1354 657 1388 711 61

90 751 243 832 presenti
266 749 405 814 decreto
428 759 546 815 nostro
569 753 824 818 immutato...
843 751 876 816 ,Ρ
907 776 970 818 1166
1003 753 1127 840 aliquis
1152 755 1389 822 Praelatorum

88 855 278 920 eorundem
294 865 329 921 et
344 859 498 922 virorum
513 855 842 943 Ecclesiasticorum,
858 857 1090 946 cujuscunque
1114 869 1234 947 statue,
1249 865 1388 948 ordinis,

88 963 227 1046 gradus
260 964 467 1029 conditionis
505 965 562 1030 161
601 970 888 1048 praeeminentiae
927 970 1062 1049 existat,
1096 971 1224 1052 pariter
1246 971 1388 1036 Nobiles

88 1071 261 1135 seculares
278 1072 344 1136 Jus
368 1079 570 1155 patronatus
593 1073 744 1158 eligendi
767 1082 803 1138 et
826 1076 1067 1158 praesentandi
1090 1075 1264 1160 habentes,
1288 1078 1388 1142 bene-

87 1176 166 1242 ficia
189 1179 442 1265 qualiacunque
466 1179 523 1243 vel
546 1182 849 1267 quomodocunque
873 1185 1041 1264 vacantia,
1057 1183 1114 1246 161
1129 1192 1302 1268 vacatura,
1318 1190 1388 1252 cui-

87 1307 224 1371 cunque
242 1287 422 1370 providere
438 1295 473 1351 61
489 1289 531 1354 de
547 1291 596 1352 eis
620 1289 799 1371 disponere
822 1293 859 1354 in
882 1297 956 1354 toto
979 1290 1037 1354 161
1060 1294 1096 1354 111
1121 1299 1226 1374 parte,
1255 1301 1388 1374 praeter

86 1401 242 1457 nostram
266 1393 493 1478 Maiestatem,
517 1399 614 1459 cuius
638 1395 863 1480 dispositioni,
880 1396 1055 1462 collationi
1079 1406 1113 1460 61
1137 1400 1325 1481 provisioni
1348 1425 1387 1464 ea

87 1499 188 1582 pleno
213 1501 301 1566 Jure
333 1523 562 1584 reservamus3
601 1502 780 1588 nullasque
814 1503 931 1568 literas
963 1504 1189 1586 Apostolicas,
1222 1509 1387 1592 rescripta

86 1612 323 1694 cuiuscunque
345 1611 483 1691 teucria,
507 1632 567 1673 6611
589 1611 807 1693 Legatorum,
841 1610 1087 1693 Cardinalium,
1112 1613 1386 1679 ὰ11111116111111116

86 1716 266 1798 Judicum,
291 1715 502 1782 Officialium
525 1725 560 1782 61
593 1718 826 1782 Executorum
860 1741 1137 1805 quoruncunque,
1162 1723 1295 1787 sivein
1318 1724 1387 1789 Ro-

86 1846 188 1887 mana
223 1824 338 1906 Curia,
372 1825 444 1889 6116
477 1831 574 1888 extra
608 1826 759 1906 eandem,
799 1824 1041 1912 cujuscumque
1075 1833 1212 1908 tenoris,
1245 1829 1385 1899 roboris.

85 1929 267 1996 firmitatis
290 1939 324 1994 et
349 1934 622 1996 comminationis
647 1935 807 2017 existant,
831 1941 903 1998 tam
926 1937 963 1998 in
987 1937 1097 1999 causis
1120 1935 1385 2020 beneficialibus,

85 2061 191 2124 quam
215 2041 255 2102 in
277 2039 355 2104 aliis
379 2039 637 2126 quibuscunque
671 2044 781 2104 causis
814 2041 985 2127 litigiosis,
1017 2047 1121 2108 sacris
1145 2044 1202 2108 161
1226 2043 1386 2128 profanis,

84 2155 274 2226 emanatas,
308 2148 363 2210 vel
396 2147 546 2230 obtenta,
579 2148 693 2212 valeat
730 2157 834 2234 etque
872 2153 996 2232 possit;
1037 2154 1242 2216 auctoritate
1274 2152 1385 2236 Regia

86 2253 288 2338 supradicta
311 2257 450 2318 irritum
474 2255 694 2320 decernentes
719 2267 753 2320 et
781 2259 891 2340 inane,
916 2259 1051 2344 siquid
1077 2265 1195 2324 contra
1217 2259 1302 2324 haec
1327 2283 1386 2343 per

85 2364 285 2446 quempiam
309 2364 457 2426 scienter
479 2363 536 2426 vel
559 2365 759 2448 ignoranter
790 2367 974 2450 contigerit
997 2369 1181 2432 attentari:
1214 2368 1385 2432 contradi-

85 2477 196 2532 ctores
232 2469 378 2556 denique
416 2479 450 2534 61
483 2471 564 2535 huic
596 2470 742 2536 Decreto
775 2494 964 2556 repugnare
1004 2480 1216 2538 attentantes
1256 2478 1385 2540 crimen

85 2576 196 2640 laesae
221 2574 417 2661 Majestatis
440 2581 613 2642 incurrere
646 2589 681 2643 61
714 2579 999 2645 irremissibiliter
1030 2581 1189 2646 volumus
1214 2582 1384 2668 condigna

1 2697 2 2750 ἶ
86 2683 219 2750 ultione
253 2686 383 2768 punire.
416 2686 581 2762 Quocirca
614 2686 713 2750 vobis
748 2689 918 2751 universis
957 2695 992 2751 61
1030 2689 1176 2772 singulis
1197 2689 1384 2778 ,Praelatis

85 2791 296 2874 Abbatibus,
320 2793 538 2877 Praepositis,
562 2791 748 2876 Prioribus,
781 2793 998 2878 Guardianis,
1022 2795 1193 2880 Capitulis
1216 2796 1384 2860 Ecclesia.-

86 2920 161 2964 rum
186 2899 444 2964 Perochialium
467 2909 501 2966 61
525 2901 743 2984 Capellarum
781 2901 997 2984 RectoribuS,
1021 2903 1098 2966 aliis
1122 2905 1227 2966 etiarn
1252 2907 1383 2966 cunctis

1 3081 2 3093 ,
85 3009 170 3071 viris
193 3007 456 3091 Ecclesiasticis,
490 3011 720 3094 cuiuscunque
753 3015 872 3092 status,
907 3011 1113 3075 conditionis
1142 3021 1176 3075 61
1201 3012 1383 3096 dignitatis

1 3100 2 3132 r
87 3118 249 3196 existant,
272 3113 371 3179 firmo
394 3116 506 3202 Regio
530 3115 594 3180 sub
632 3116 754 3198 edict0,
786 3139 849 3180 nec
882 3139 950 3182 non
982 3118 1046 3182 sub
1071 3141 1177 3200 poena
1202 3121 1324 3202 66111116
1348 3129 1383 3184 et

89 3224 294 3304 privationis
317 3222 569 3288 Beneficiorum
592 3231 627 3288 61
650 3245 765 3288 rernm
784 3225 1007 3310 singularum,
1032 3227 1272 3309 praecipiendo
1289 3250 1383 3291 man-

87 3328 216 3411 damus,
258 3337 427 3416 quatenus
469 3355 488 3395 a
531 3331 630 3396 modo
671 3331 829 3414 deinceps
867 3333 978 3397 nullas
1015 3334 1211 3398 huiusmodi
1249 3334 1383 3398 litteras

87 3435 312 3518 ApostolicaS,
335 3436 554 3521 Legatorum,
578 3437 824 3522 cardinalium,
847 3439 1057 3504 Auditorum
1073 3448 1108 3504 61
1131 3440 1277 3504 aliorum
1301 3463 1383 3526 quo-

89 3544 218 3606 rumvis
235 3542 401 3608 Judicum
417 3552 452 3609 61
468 3543 680 3610 Officialium
690 3546 814 3610 Curiae
824 3547 1009 3628 Romanae,
1029 3571 1091 3611 nec
1107 3570 1176 3611 non
1192 3549 1382 3630 citationes,

87 3647 321 3732 inhibitiones,
358 3651 549 3737 Rescripta,
587 3651 818 3717 Executiones
856 3661 891 3716 et
930 3653 1111 3718 Processus
1151 3656 1383 3739 cuiuscunque

89 3759 216 3822 tenoris
233 3761 394 3842 existant,
410 3767 483 3823 tam
505 3761 543 3824 in
567 3760 725 3824 causibus
744 3761 831 3843 (sic),
847 3761 1112 3826 Beneficialibus
1137 3783 1239 3847 quam
1255 3765 1291 3826 in
1308 3761 1381 3825 foro

1 3845 3 3902 3
88 3867 308 3947 contentioso,
333 3867 406 3930 sive
430 3869 468 3930 in
491 3867 584 3930 dicta
600 3867 756 3931 Romana
773 3867 886 3950 Curia,
911 3871 983 3932 sive
1000 3878 1106 3950 extra,
1132 3893 1191 3952 per
1215 3890 1381 3953 quoscun-

88 3971 304 4056 que-Iudices
315 3972 527 4057 Principales
543 3981 578 4037 et
594 3974 804 4038 Executores
820 3983 995 4038 emanatas
1011 3983 1046 4038 61
1062 3973 1212 4058 obtenta,
1223 3978 1381 4059 recipere,

90 4077 261 4160 publicare
286 4089 321 4143 et
345 4082 541 4144 executioni
565 4080 770 4144 demandare
795 4084 917 4166 quovis
941 4082 1042 4146 modo
1068 4085 1291 4164 praesumatis
1308 4085 1381 4148 sina

87 4195 202 4250 nostro
226 4208 392 4252 consensu
414 4195 450 4252 et
473 4187 613 4252 licentia
637 4188 777 4270 speciali
799 4196 835 4252 61
858 4188 953 4252 aliud
978 4188 1042 4254 sub
1066 4210 1173 4272 poena
1198 4192 1381 4272 praemissa

88 4291 199 4356 facere
220 4313 290 4357 non
314 4297 438 4358 ausuri.
462 4295 664 4359 Praesentes
697 4297 801 4358 etiam
829 4293 988 4359 volumus
1012 4297 1049 4358 in
1072 4294 1156 4358 locis
1180 4305 1214 4358 61
1238 4295 1380 4360 6611111116

87 4402 178 4482 aptis
200 4401 335 4484 publice
359 4401 471 4468 facere
496 4401 706 4486 proclamari.
739 4402 869 4466 Datum
897 4401 1036 4465 Posonii
1060 4401 1240 4466 Dominico
1265 4403 1320 4467 die
1344 4406 1380 4468 in

87 4513 207 4571 octava
229 4507 390 4592 Paschae,
413 4531 502 4574 anno
525 4509 666 4574 Domini
687 4507 904 4575 Moooolv.
