3142 5214
232 342 298 406 634

285 617 290 630 ,
339 539 497 635 Szegedi
527 541 554 614 J
556 537 646 613 anos
686 537 956 635 (Tripartitam
992 539 1104 614 Jaris
1132 541 1346 634 Hnnpcrici
1378 539 1515 634 Tyroci-

232 666 353 760 niara)
392 665 430 740 es
468 665 721 761 Kukuljevics
760 661 877 762 (Jura
915 667 1038 762 Regni
1078 665 1253 739 Oroatiae
1375 665 1415 738 P.
1447 659 1516 764 IL),

231 791 396 864 kiadtak
444 817 465 864 a
511 790 650 863 horvat
697 790 1103 888 tartomanygyiilesak
1146 789 1274 864 XVII.
1315 790 1515 863 szdzadbeli

232 917 411 990 czikkeit.
440 917 471 988 Ε
501 916 569 989 ket
592 917 727 990 kiada's
746 917 902 1012 alapjan
921 917 1091 989 kbzliink
1110 917 1161 990 itt
1180 916 1331 1010 nehany
1351 917 1516 990 czikket:
1567 915 1568 950 ⁴

339 1100 490 1165 Articuli
506 1099 668 1166 Statuam
685 1109 719 1165 et
735 1103 895 1166 ordinum
919 1102 1077 1166 Oroatiae
1101 1109 1135 1166 et
1160 1101 1361 1166 Sclaveniae
1386 1101 1515 1186 Regno-

234 1231 310 1273 rum
334 1207 378 1272 ab
401 1206 442 1272 Α.
469 1209 564 1272 1609.
587 1209 739 1293 adusque
766 1209 860 1273 1635.
885 1212 922 1272 in
945 1209 1090 1273 diversis
1107 1230 1224 1272 eorum
1241 1208 1517 1293 Congregationi·

234 1316 296 1380 bus
314 1315 540 1380 Generalibus
564 1316 723 1380 conclusi.
747 1315 779 1380 A
803 1316 903 1380 Ferd.
927 1316 972 1380 H.
996 1317 1087 1402 Regi
1110 1339 1148 1380 ac
1173 1316 1258 1400 Imp.
1283 1314 1372 1379 felic.
1397 1315 1517 1378 record.

236 1423 389 1488 Viennae-
413 1424 468 1488 die
492 1424 522 1487 8.
546 1424 652 1488 Mens.
676 1423 837 1510 Augusti,
860 1422 901 1488 A.
926 1424 967 1488 D.
993 1424 1088 1488 1636.
1108 1423 1309 1488 confirmati.

766 1609 947 1678 Articulus
969 1609 993 1676 I.

341 1745 523 1810 Praeterea
547 1746 652 1810 iidem
677 1746 796 1812 Status
821 1755 855 1811 et
879 1748 1024 1831 ordines,
1041 1750 1195 1812 unanimi
1211 1753 1293 1810 voto
1310 1751 1344 1809 et
1361 1757 1522 1808 consensu

236 1856 361 1935 priores
395 1851 579 1936 Articulos,
612 1853 655 1917 de
687 1875 756 1918 non
780 1855 996 1919 admittenda
1020 1854 1182 1919 libertate
1211 1855 1468 1918 Exercitiorum
1490 1853 1522 1913 in
1567 1891 1568 1946 ,

234 1960 298 2024 hoc
321 1960 443 2046 Regno
468 1960 599 2024 alienae
621 1959 824 2047 Religionis,
849 1961 1070 2043 confirmant,
1103 1963 1190 2024 etsi
1223 1961 1394 2043 quispiam
1428 1959 1523 2022 Prae·
1567 1969 1568 2020 l

233 2069 426 2132 dicatorum
459 2065 718 2150 haereticorum,
750 2071 822 2132 sive
855 2075 1049 2152 spontanee,
1082 2090 1141 2132 seu
1173 2089 1235 2150 ope
1267 2064 1459 2150 cujuspiam
1492 2068 1524 2127 in

234 2175 297 2239 hoc
316 2174 478 2259 Regnum
497 2178 631 2239 venerit
656 2182 690 2239 et
714 2175 853 2239 Zizania
878 2178 1108 2257 seminaverit,
1132 2173 1401 2258 praedicatorem
1426 2172 1524 2236 liceat

233 2283 417 2365 unicuique
451 2303 579 2365 capere,
612 2290 817 2367 captumque
845 2283 888 2347 ad
913 2282 1029 2347 Dnum
1053 2283 1197 2364 Banum,
1229 2281 1285 2345 vel
1318 2280 1525 2364 Episcopum
1567 2269 1568 2272 ¹

234 2389 405 2452 Dioecesis
430 2388 614 2453 deducere:
638 2390 896 2455 Introductores
919 2411 1001 2454 vero
1034 2391 1158 2454 talium
1191 2396 1225 2453 et
1258 2395 1525 2473 transgressores

233 2493 430 2578 hujusmodi
458 2496 685 2562 conclusionis
711 2497 876 2582 publicae,
906 2501 1094 2581 puniantur
1128 2518 1234 2581 poena
1267 2499 1304 2559 in
1336 2483 1527 2578 Trip'artito

234 2611 403 2668 contenta.

751 2709 934 2778 Articulus
955 2709 1012 2779 IV.

342 2849 438 2924 Quod
457 2870 538 2912 vero
555 2849 597 2913 ad
615 2849 700 2914 fixos
717 2859 752 2914 et
767 2850 953 2935 Indigenas
969 2847 1217 2930 malefactores
1234 2845 1375 2911 Nobiles
1401 2865 1529 2928 posses·
1567 2829 1568 2832 Ἴ

234 2958 383 3020 sicnatos
407 2964 442 3020 et
466 2955 644 3041 ignobiles,
677 2960 813 3040 attinet,
838 2963 957 3040 utpote
982 2955 1084 3040 fures,
1109 2955 1304 3039 praedones,
1328 2952 1528 3034 homicidas,

235 3069 396 3147 raptoreS,
413 3062 547 3146 publice
564 3065 730 3128 audentes
746 3067 871 3128 minari
885 3085 992 3146 necea,
1009 3062 1244 3127 verberatores
1261 3068 1296 3124 et
1313 3079 1528 3144 oppressores

235 3167 449 3252 Nobilitatis,
473 3169 704 3235 combustores
729 3177 763 3234 et
788 3170 953 3234 similium
977 3173 1167 3234 enormium
1191 3167 1382 3233 facinorum
1417 3175 1529 3250 patra
1567 3193 1568 3202 .

236 3285 344 3358 tores;
361 3280 445 3342 item
462 3280 714 3360 intoxicatores,
731 3281 935 3360 meretrices,
951 3277 1125 3341 adulteros
1142 3285 1177 3341 et
1192 3279 1328 3360 strigas,
1343 3295 1528 3359 corumque

235 3391 473 3467 receptatores,
490 3392 744 3449 conservatores
760 3393 796 3449 et
813 3385 981 3450 fautores:
1001 3385 1141 3450 Domini
1151 3383 1367 3450 ViceBanus
1383 3389 1420 3446 et
1431 3382 1528 3446 Vice»

235 3576 363 3630 fuissent
391 3577 595 3646 quaestiones,
628 3575 653 3629 S.
683 3576 850 3645 majestatis
879 3577 914 3630 R.
944 3583 1033 3647 atque
1063 3577 1212 3630 communi
1241 3573 1287 3628 SS.
1317 3579 1347 3627 et
1376 3571 1436 3626 00.
1463 3577 1528 3624 voto

234 3666 366 3720 decisum
386 3672 440 3734 est,
453 3671 488 3718 ut
507 3666 530 3718 I.
550 3671 666 3720 statuta
688 3667 846 3720 eorundem
867 3667 1070 3737 municipalia,
1089 3667 1174 3738 regia
1192 3665 1373 3718 auctoritate
1391 3664 1527 3734 specifice

235 3756 418 3824 confirmata,
449 3756 481 3808 in
513 3755 628 3809 nullam
659 3757 788 3827 amplius
819 3757 855 3810 de
886 3758 932 3810 sui
965 3756 1124 3810 validitate
1156 3755 1281 3810 veniant
1315 3755 1526 3825 quaestionem.

236 3845 275 3898 II.
296 3845 503 3899 Pariformiter
522 3847 615 3898 etiam
639 3862 692 3916 per
713 3851 768 3898 art.
792 3847 834 3899 66.
860 3847 931 3898 anni
961 3847 1036 3899 1681.
1063 3846 1202 3916 generice
1221 3843 1418 3910 confirmata,¹
1448 3842 1527 3897 salvo

235 3935 393 3989 dumtaxat
421 3936 533 4006 privati
560 3935 726 4006 cujuspiam
754 3953 791 3989 ex
819 3952 920 3989 eorum
949 3935 1049 4006 aliquo
1076 3935 1197 4005 gravati
1225 3934 1263 3987 ad
1282 3933 1319 3986 R.
1338 3933 1524 4002 majestatem

234 4041 366 4092 recursu,
393 4025 499 4078 itidem
528 4041 579 4095 pro
604 4025 714 4078 validis
739 4033 770 4078 et
794 4026 890 4079 firmis
914 4025 1090 4079 habeantur.
1120 4023 1176 4076 III.
1199 4023 1281 4088 Quae
1308 4027 1418 4076 neutro
1447 4019 1526 4076 modo

236 4113 456 4183 praedeclarato
483 4113 629 4166 hactenus
660 4114 779 4166 firmata
810 4113 955 4184 fuissent,
984 4113 1139 4183 dispositio
1169 4119 1269 4166 tamen
1301 4127 1403 4166 eorum
1432 4111 1524 4165 adhuc

235 4202 357 4255 duraret
376 4207 406 4255 et
426 4219 477 4272 pro
496 4201 599 4254 futuro
617 4201 750 4272 obligare
769 4207 883 4271 posset;
904 4219 938 4254 ea
957 4208 987 4254 et
1007 4202 1081 4255 talia
1100 4202 1179 4254 infra
1199 4203 1270 4254 anni
1292 4202 1383 4255 unius
1397 4201 1525 4272 spatium

235 4308 305 4345 snae
316 4291 468 4361 majestati
481 4309 504 4344 c.
517 4291 618 4362 regiae
632 4290 826 4360 producenda,
841 4292 972 4344 examini
990 4298 1020 4344 et
1034 4291 1252 4344 confirmationi
1265 4290 1314 4344 vel
1327 4288 1524 4360 reprobationi

235 4383 336 4452 regiae
355 4381 563 4451 subjiciantur.

345 4514 350 4536 ¹
367 4506 402 4549 ΔΖ
417 4505 508 4550 idezett
524 4505 596 4550 czikk
616 4508 658 4559 lgy
678 4504 811 4557 vegztoik:
835 4506 899 4559 Quae
920 4516 996 4557 regna
1016 4507 1106 4554 (cruat.
1130 4511 1154 4548 et
1176 4506 1234 4551 Sel.)
1254 4507 1282 4548 at
1304 4504 1328 4548 in
1350 4505 1404 4548 suis
1422 4504 1525 4560 juribus,

236 4577 382 4632 privilegiis,
398 4578 508 4631 statutis,
524 4577 638 4621 articulis
653 4581 677 4620 et
693 4576 919 4629 consuetudinibus
935 4587 995 4628 quae
1011 4577 1054 4620 hoc
1070 4578 1116 4620 loci
1137 4580 1290 4620 renovantur
1304 4581 1329 4620 et
1344 4575 1525 4627 continuantur,

235 4649 575 4702 conse1·vcntur,conclusurn
595 4655 640 4691 est.
