3142 5214
231 364 296 428 662

231 561 351 644 dendo,
374 564 448 626 sive
472 562 717 646 descendendo,
741 563 833 627 ultro
849 565 1004 646 citroque
1020 569 1182 644 meantes,
1206 561 1302 626 nullo
1318 561 1420 628 obice
1439 585 1530 646 prae-
1564 629 1565 644 ,

231 669 343 753 pediri
375 669 540 752 debeant3
576 672 755 756 navigatio
787 672 930 734 navium
962 669 1246 734 Germanicarum
1278 677 1341 735 aut
1383 669 1531 734 aliorum

231 776 449 841 subditorum
481 776 725 841 ansareorum
755 777 851 842 nullo
883 777 985 842 modo
1009 781 1117 861 possit
1149 780 1186 842 in
1216 799 1318 842 cursu
1351 798 1416 842 suo
1441 777 1530 842 ultro

232 888 386 969 citroque
401 885 664 966 incommodari;
687 885 746 948 sed
770 885 877 950 libere
901 893 1005 969 atque
1021 886 1293 951 commodissime
1309 886 1384 970 fiat,
1403 885 1530 971 ubique

232 995 269 1056 in
293 992 477 1077 praedictis
500 992 633 1057 duobus
656 991 789 1058 fluviis:
822 1001 857 1058 et
881 993 1051 1077 siquidem
1080 996 1270 1077 reciprocae
1294 997 1477 1058 amicitiae
1499 999 1531 1056 et

233 1105 373 1163 mutuae
396 1097 656 1164 benevolentiae
679 1102 919 1164 convenientia
942 1101 978 1165 id
1003 1103 1108 1165 etiam
1131 1104 1293 1185 requirat,
1322 1107 1363 1166 ut
1389 1101 1531 1184 subditi,

233 1207 421 1290 imperialis
446 1207 683 1272 Ottomanicae
709 1210 873 1292 potestati
897 1205 1054 1292 subjecti,
1079 1209 1209 1291 possint
1233 1229 1314 1272 usus
1339 1209 1532 1292 praedicto

234 1337 311 1378 rum
334 1315 518 1381 fluviorum
542 1339 614 1380 esse
638 1319 839 1400 participes;
873 1319 946 1380 sine
970 1317 1217 1399 impedimento
1249 1316 1403 1381 navibus
1429 1320 1533 1400 pisce-

235 1426 333 1487 toriis
357 1425 462 1487 etiam
494 1445 533 1486 ac
567 1422 700 1507 cymbis
724 1431 876 1488 utantur.
909 1423 1180 1488 Molendinariae
1212 1429 1329 1487 autem
1362 1445 1476 1488 naves
1499 1427 1531 1487 111

235 1531 317 1594 16616
341 1537 487 1614 1611111111,
510 1529 635 1615 quibus
658 1532 875 1616 navigationi
899 1530 1051 1614 alterius,
1073 1553 1196 1614 nempe
1212 1533 1362 1594 caesarei
1375 1531 1533 1612 dominii,

235 1638 431 1703 nullatenus
463 1638 710 1722 impedimento
742 1659 814 1702 esse
848 1645 993 1722 possent,
1026 1639 1335 1701 communicatione
1361 1637 1534 1723 guberna·

236 1755 349 1810 torum
372 1749 551 1830 utriusque
575 1746 720 1810 dominii
754 1753 789 1809 et
821 1767 986 1810 consensu
1010 1753 1198 1830 ponantur:
1231 1747 1463 1829 quinimmo,
1496 1768 1533 1808 ne

236 1853 429 1918 divectione
445 1875 611 1938 aquarum
627 1875 745 1918 cursus
762 1857 798 1917 in
814 1855 966 1919 Marusio
983 1875 1215 1918 caesareorum
1231 1855 1375 1917 navium
1407 1855 1535 1916 incom-

236 1961 375 2024 modum
399 1961 538 2045 aliquod
564 1963 758 2045 patiantur;
782 1961 979 2026 nullatenus
1004 1963 1233 2045 permittetur,
1257 1967 1296 2025 ut
1313 1963 1388 2024 sive
1407 1960 1537 2024 molen-

237 2068 404 2152 dinarum,
437 2071 511 2132 sive
534 2069 603 2132 alia
626 2071 800 2133 occasione
833 2091 874 2132 ex
903 2071 1055 2134 Marusio
1079 2091 1187 2153 aquae
1219 2068 1286 2132 alio
1319 2068 1538 2135 deriventur.

237 2197 297 2239 seu
326 2176 548 2240 deducantur.
580 2176 717 2240 Insulae
740 2198 963 2261 quaecunque
987 2178 1023 2239 in
1048 2175 1233 2258 praedictis
1266 2171 1393 2258 fluviis,
1429 2196 1539 2258 quum

238 2289 319 2346 ectu
341 2285 412 2346 sint
436 2285 473 2346 in
498 2290 667 2367 potestate
691 2305 854 2366 caesarea,
878 2289 1048 2366 maneant,
1072 2286 1126 2346 uti
1143 2283 1379 2366 possidentur:
1405 2288 1442 2346 et
1459 2281 1540 2345 sub
1569 2359 1570 2372 ,

238 2389 304 2453 diti
328 2392 507 2474 utriusque
531 2391 675 2454 dominii
708 2393 846 2454 omnino
880 2387 1019 2474 pacifice
1043 2397 1147 2474 atque
1181 2388 1367 2473 tranquille
1400 2392 1541 2467 vivant,

238 2499 518 2582 severissimeque
551 2498 673 2561 edictis
704 2497 748 2562 ab
772 2498 964 2562 insolentiis
988 2504 1023 2560 et
1047 2498 1330 2560 contraventione
1354 2503 1542 2579 pactorum

239 2607 488 2668 contineantur.

347 2709 422 2775 Art.
454 2711 518 2775 ΠῙ.
553 2710 640 2775 Cum
664 2715 760 2798 regio
784 2715 875 2776 inter
897 2710 1021 2775 fluvios
1054 2710 1232 2775 Tibiscum
1265 2717 1300 2774 et
1323 2709 1543 2792 Danubium,

238 2817 345 2904 vulgo
369 2819 466 2883 dictu
490 2818 630 2902 Batska,
653 2823 699 2884 sit
714 2823 751 2883 in
766 2819 838 2884 6616
855 2821 1063 2903 possessione
1080 2825 1116 2881 et
1140 2825 1310 2900 potestate
1326 2839 1412 2882 caes.
1432 2815 1544 2900 maje-

241 2929 362 3008 statis;
385 2931 435 2992 sic
458 2934 596 2992 maneat
620 2927 779 3010 deinceps
795 2929 901 2991 etiam
917 2929 954 2990 in
971 2924 1125 3010 praefata
1142 2931 1312 3008 potestate
1328 2933 1363 2991 et
1380 2927 1543 2990 dominio

241 3057 407 3118 66666166,
430 3059 541 3120 neque
565 3036 736 3100 Titulium
760 3037 880 3120 magia,
904 3055 1007 3119 quam
1032 3037 1203 3117 praesenti
1226 3041 1287 3116 661,
1316 3032 1542 3098 fortificetur.

239 3142 316 3208 Art.
349 3144 408 3209 IV.
432 3143 489 3207 Ab
513 3150 666 3208 extrema
690 3146 764 3226 ripa
798 3145 955 3206 citeriore
980 3140 1120 3222 Tibisci,
1152 3143 1308 3224 opposita
1336 3139 1541 3204 Titulianae

240 3255 343 3336 ripae,
376 3259 411 3315 et
444 3251 570 3338 angulo
603 3257 723 3334 terrae,
762 3249 892 3314 ibidem
927 3271 986 3333 per
1024 3244 1301 3330 conjunctionem
1334 3246 1471 3311 Tibisci
1505 3257 1540 3310 et

241 3357 396 3422 Danubii
420 3359 614 3440 terminato,
637 3358 828 3422 deducatur
850 3357 940 3421 linea
959 3363 1052 3421 recta
1068 3379 1174 3441 usque
1191 3358 1227 3418 in
1245 3358 1356 3437 ripam
1371 3353 1538 3434 Danubii,

241 3469 327 3530 item
361 3487 378 3528 6
413 3467 552 3550 regione
585 3467 753 3528 citerioris
786 3467 880 3547 ripae
913 3463 1128 3528 Tibiscianae
1160 3466 1281 3545 sitam3
1313 3469 1348 3526 et
1390 3461 1540 3526 ulterius

243 3571 463 3656 protrahatur
492 3573 621 3655 pariter
643 3579 737 3635 recta
760 3572 803 3635 ad
837 3572 1020 3636 Moravizii
1052 3573 1163 3654 ripam
1196 3572 1392 3633 citeriorem
1425 3572 1538 3632 amnis

243 3681 386 3760 Bossut;
419 3686 454 3744 et
487 3680 567 3743 inde
600 3680 643 3743 ad
677 3679 789 3742 locum
821 3700 937 3762 usque,
970 3677 1031 3742 ubi
1055 3677 1250 3760 praedictus
1274 3678 1384 3740 amnis
1410 3675 1538 3740 Bossut

243 3787 425 3870 principali
443 3786 541 3851 alveo
565 3789 602 3849 in
626 3785 754 3849 Savum
778 3785 944 3849 elabitur:
973 3793 1007 3848 et
1031 3786 1222 3849 Moravizio
1245 3786 1318 3848 sine
1342 3783 1415 3847 ulla
1441 3783 1539 3848 forti-

242 3899 402 3962 ficatione
426 3888 557 3980 relicto,
581 3898 833 3979 exstructisque
857 3901 995 3958 tantum
1019 3897 1055 3958 in
1079 3896 1235 3977 opposita
1263 3894 1440 3975 utrimque
1466 3894 1539 3974 ripa

243 4007 371 4088 apertis
402 4007 507 4090 pagis,
531 4010 733 4087 separentur
756 4025 815 4086 per
839 4002 1050 4085 praedictam
1073 4001 1208 4082 lineam,
1236 3998 1410 4063 firmatam
1434 4005 1540 4082 atque

243 4114 445 4176 distinctam
469 4115 541 4176 sive
566 4111 675 4194 fossis,
698 4114 771 4176 sive
795 4109 977 4195 lapidibus,
1000 4112 1074 4174 sive
1099 4109 1194 4192 palis,
1218 4109 1291 4171 sive
1307 4106 1375 4170 alia
1394 4109 1540 4190 ratione,

243 4224 396 4304 imperia,
428 4222 585 4304 sequenti
618 4219 727 4283 mode.
760 4220 873 4304 Regio
905 4239 1024 4281 versus
1057 4215 1283 4301 Belgradium
1315 4216 1409 4278 intra
1437 4213 1541 4277 modo

245 4329 354 4392 dictos
379 4327 506 4391 limites
531 4331 729 4411 permaneat
753 4325 816 4389 sub
840 4325 911 4389 sola
936 4319 1110 4408 potestate
1131 4321 1362 4406 potentissimi
1382 4318 1542 4383 Ottoma-

245 4458 366 4501 norum
398 4438 632 4520 imperatoris;
672 4437 767 4519 regio
801 4455 892 4518 ver0,
926 4440 1023 4498 extra
1057 4432 1268 4516 praedictam
1300 4427 1429 4492 lineam
1465 4430 1542 4510 sita,

246 4551 381 4608 maneat
405 4545 469 4608 sub
492 4543 563 4608 sola
589 4545 797 4626 possessione
813 4548 847 4605 et
865 4547 1034 4625 potestate
1059 4538 1290 4623 potentissimi
1313 4536 1413 4599 Rom.
1434 4537 1541 4618 impe-

246 4654 386 4715 ratoris:
411 4661 445 4715 et
469 4650 656 4715 secundum
677 4647 868 4731 praedictos
884 4647 1013 4711 limites
1032 4648 1159 4728 pariter
1176 4643 1416 4728 possideantur
1430 4640 1540 4724 fluvii,
