3182 5208
488 1273 937 1371 PRAEFATIO.

173 1529 349 1601 Summus
377 1530 416 1600 in
444 1529 645 1624 Hungaria
670 1553 796 1600 rerum
816 1529 1158 1600 ecclesiasticarum
1188 1535 1227 1600 et
1256 1531 1359 1600 sollo-

77 1655 286 1727 lasticarum
305 1655 527 1727 Praefectus
547 1654 608 1725 die
630 1659 688 1725 30.
709 1653 819 1726 Junii
839 1679 869 1724 a.
899 1653 1123 1724 1895smihi
1153 1653 1359 1737 mandavit,

17 1861 18 1870 ἶ
77 1789 115 1850 ut
147 1781 376 1875 principales
413 1779 594 1850 historiae
632 1779 878 1874 Hungaricae
916 1779 1039 1850 fontes
1078 1779 1116 1849 in
1149 1779 1359 1851 enchiridio

17 1917 18 2004 3
76 1907 229 1998 quodam
258 1905 406 1978 civibus
435 1905 677 1977 Academicis
707 1904 888 1976 historiae
918 1905 1095 1976 studiosis
1119 1911 1157 1975 ct
1178 1905 1359 1999 professo-

74 2031 168 2102 ribus
197 2031 413 2103 scholarum
441 2031 652 2102 mediarum
682 2030 873 2102 destinato
903 2031 1051 2101 ederem
1090 2036 1206 2123 atque
1244 2029 1360 2124 expli-

74 2181 197 2228 carem.

171 2283 216 2353 In
246 2283 317 2352 hac
345 2281 467 2376 igitur
495 2281 661 2352 editione
681 2282 901 2352 adornanda
921 2283 960 2353 id
980 2283 1071 2353 mihi
1093 2289 1175 2353 erat
1195 2285 1360 2354 maxime

74 2408 311 2502 propositum,
340 2417 384 2479 ut
413 2431 543 2478 eorum
581 2407 802 2493 rationibus,
832 2408 897 2500 qui
927 2408 1125 2479 historiam
1154 2408 1192 2478 in
1222 2409 1359 2480 scholis

17 2583 18 2588 κ
77 2533 197 2604 mediis
226 2533 365 2604 docent
394 2540 462 2604 aut
497 2533 545 2603 ad
582 2533 741 2604 docendi
771 2557 907 2604 munus
936 2557 975 2604 se
1004 2539 1244 2628 praeparant,
1274 2558 1360 2604 con-

77 2657 235 2730 sulerem.
264 2658 366 2731 Nam
395 2658 425 2729 si
455 2683 582 2730 omnes
610 2657 739 2750 sordre,
768 2659 834 2750 qui
864 2659 1024 2729 alicuius
1058 2660 1240 2730 momenti
1271 2667 1359 2730 sunt

77 2791 179 2876 atque
209 2809 325 2855 nsum·
349 2783 514 2876 aliquem
543 2785 739 2877 praebent,
774 2783 1018 2878 collegissem,
1046 2784 1158 2879 longe
1188 2809 1358 2879 egressus

77 2932 184 2980 essem
212 2913 305 2980 fines
333 2908 475 2980 talibus
514 2909 731 2980 enchiridiis
766 2911 1031 3003 praescriptos,
1068 2933 1190 3002 neque
1230 2916 1359 2982 tamen

17 3133 18 3136 Ἴ
78 3034 331 3105 satisfecissem
360 3034 563 3128 proposito.
593 3034 774 3105 Mancum
804 3037 903 3106 enim
924 3041 1039 3127 atque
1064 3035 1241 3106 mutilum
1262 3043 1359 3107 esset

17 3251 18 3254 Ἴ
77 3181 158 3252 opus
192 3183 326 3248 meum,
356 3159 386 3229 si
415 3167 567 3254 praeter
596 3183 648 3246 aa,
678 3185 775 3253 quae
804 3161 850 3231 ad
889 3163 1009 3252 sontes
1048 3161 1291 3254 explicandos
1320 3174 1358 3231 et

17 3281 18 3290 ’
77 3285 115 3354 ad
142 3285 254 3356 iidem
284 3309 414 3355 eorum
443 3285 778 3356 demonstrandam
806 3286 1009 3380 pertinent,
1030 3286 1124 3356 nihil
1146 3287 1358 3357 contineret

17 3465 19 3484 1
76 3433 186 3502 neque
209 3410 249 3480 in
269 3433 313 3481 eo
332 3410 568 3503 principalia,
588 3435 685 3503 quae
705 3417 900 3497 vocantur,
921 3418 1155 3482 'mortumeatn
1175 3411 1358 3482 historica

76 3535 228 3606 inessent
257 3542 375 3628 atque
405 3536 695 3630 explicarentur.

172 3661 299 3749 Quare
336 3666 460 3731 totum
498 3660 639 3730 librum
678 3662 717 3732 in
756 3663 850 3732 duas
879 3667 1007 3755 partes
1037 3662 1156 3732 divisi.
1187 3662 1358 3732 Primum

17 3765 18 3780 ἵ
73 3787 163 3856 enirn
201 3787 243 3856 in
281 3809 509 3879 unaquaque
556 3787 736 3858 historiae
783 3793 936 3859 nostrae
983 3792 1109 3858 aetate
1155 3790 1358 3859 tractanda

71 3911 179 4002 (ants
216 3911 442 3982 domesticos
480 3919 595 4004 atque
633 3919 818 4001 externos,
857 3913 921 4006 qui
961 3913 1196 3983 narrationes
1231 3937 1358 3984 rerum

17 4097 18 4122 p
71 4039 270 4125 continent,
318 4039 544 4125 enumeravi,
591 4046 817 4131 argumenta
866 4063 994 4109 eorum
1043 4039 1198 4132 exposui
1242 4047 1357 4130 atque

17 4393 20 4504 l

70 4163 332 4250 demonstravi,
361 4187 434 4255 quo
463 4163 618 4234 consilio
648 4169 771 4234 essent
800 4165 1004 4258 conscripti
1035 4171 1073 4234 et
1102 4171 1247 4255 quanta
1267 4164 1357 4234 fides

71 4297 158 4360 esset
188 4290 236 4360 iis
265 4289 476 4360 tribuenda.
505 4288 651 4360 Deinde
689 4290 790 4360 edidi
828 4296 1059 4361 protument
1098 4289 1280 4360 historica
1310 4290 1356 4359 ad

71 4423 229 4487 aetatem
259 4414 364 4484 illam
393 4415 632 4508 pertinentia,
661 4416 798 4508 quibus
829 4415 998 4486 iustrlutc
1027 4420 1065 4485 et
1095 4439 1218 4485 inrum
1239 4421 1357 4484 statas·

17 4567 19 4646 3
70 4540 317 4612 illustrantur.
333 4537 519 4634 Operibus
539 4542 791 4636 posteriorum
812 4541 1002 4612 historicis
1023 4546 1061 4610 et
1081 4540 1356 4632 diplomatariis

71 4667 208 4738 nullum
239 4666 327 4736 dedi
356 4665 499 4754 locum;
528 4665 650 4738 fontes
685 4673 845 4754 tantum,
876 4667 942 4759 qui
980 4667 1132 4760 proprie
1163 4676 1355 4736 vocantur.

1572 2937 1574 3046 l
