3144 5218
221 353 288 417 548

221 549 329 630 (salvo
361 555 479 612 tamen
497 544 574 630 jure
598 546 824 612 Dominorurn
847 545 1091 625 Terrestrium)
1111 541 1213 627 juxta
1237 541 1345 608 Artic.
1370 542 1396 606 Ι.
1420 543 1516 607 Anni

223 657 318 722 1608.
335 665 414 720 ante
440 655 704 721 Coronaticnem
727 654 869 739 editum,
892 653 1040 718 liberum
1064 653 1287 736 permittitur,
1314 673 1354 716 ac
1378 650 1517 714 Praedi-

221 762 380 828 cantibus
402 784 536 848 quoque
560 768 595 826 et
614 759 815 826 Scholarum
838 761 1017 845 Magistris
1032 759 1117 823 alias
1132 757 1189 822 vel
1208 759 1437 842 praescriptis
1461 755 1517 820 vel

222 878 361 955 propter
392 877 503 934 certas
535 867 721 933 reversales
755 869 871 932 munia
905 889 984 930 suae
1008 864 1235 930 Professionis
1267 886 1423 930 exercere
1449 883 1518 926 non

221 975 418 1042 valentibus
450 976 538 1040 liber
569 977 607 1038 in
637 975 799 1058 Regnum
830 974 971 1056 reditus
1003 971 1177 1057 liberaque
1210 971 1403 1058 Religionis
1436 991 1517 1034 suae

222 1083 386 1168 professio
419 1089 454 1146 et
485 1083 688 1146 exercitium
720 1083 860 1145 cassatis
893 1089 1034 1144 eatenus
1066 1081 1172 1144 etiam
1203 1081 1354 1162 ipsorum
1387 1078 1518 1142 Rever-

222 1191 351 1256 salibus
368 1191 567 1256 conceditur
582 1198 617 1254 et
633 1189 748 1253 nullus
764 1187 1032 1274 Regnicolarum
1047 1189 1084 1251 in
1099 1186 1208 1251 libero
1225 1208 1304 1250 suae
1323 1185 1520 1271 Religionis

223 1299 387 1362 exercitio
419 1319 439 1362 a
462 1295 562 1360 modo
585 1297 818 1378 imposterum,
841 1315 977 1380 quoquo
1000 1293 1101 1358 modo
1124 1292 1293 1358 turbetur.
1316 1291 1383 1357 Sed
1408 1313 1520 1375 neque

221 1405 445 1489 Augustanus
464 1410 499 1468 et
514 1402 718 1468 Helveticae
735 1401 950 1466 Confessioni
965 1401 1106 1484 addicti,
1122 1401 1165 1466 ad
1182 1402 1411 1464 caeremonias
1429 1399 1518 1462 Gon-

223 1511 363 1576 fessioni
386 1533 466 1576 suae
490 1511 678 1576 contrarias
701 1509 958 1592 compellantur.

224 1749 405 1817 Articulus
431 1747 554 1818 XXVI.
579 1747 632 1816 De
660 1745 890 1836 Templorum
914 1752 947 1814 el
970 1746 1148 1816 Locorum
1168 1766 1238 1836 pro
1265 1743 1391 1811 iisdem
1416 1741 1519 1811 nedi-

653 1854 807 1940 ficundis
832 1854 1084 1943 assignatione.

330 2046 387 2110 Ad
410 2047 495 2111 haec
513 2045 656 2128 Templa
679 2062 814 2130 quoque
838 2069 898 2130 per
912 2044 1137 2131 Augustanus
1153 2051 1188 2108 et
1204 2043 1406 2108 Helveticae
1431 2041 1522 2106 Con-

224 2154 365 2219 fessicni
387 2153 543 2218 addictos
567 2151 747 2216 aedificata
770 2160 805 2216 et
829 2155 900 2218 ritu
924 2153 1102 2218 Catholioo
1129 2153 1276 2216 necdum
1299 2149 1522 2214 reconciliata

224 2285 284 2345 per
309 2268 419 2326 certos
453 2260 711 2326 Commissarios
743 2262 872 2325 eisdem
904 2259 1118 2344 assignanda,
1151 2262 1188 2323 in
1219 2259 1297 2323 aliis
1319 2279 1402 2323 vero
1436 2258 1523 2322 locis

220 2365 323 2451 juxta
346 2368 532 2452 benignam
555 2389 635 2431 suae
658 2363 852 2450 Majestatis
871 2368 1114 2431 resolutionem
1130 2367 1204 2431 loca
1220 2388 1281 2451 pro
1297 2365 1523 2430 aedificandis

224 2476 385 2559 Templis,
409 2474 542 2540 Scholia
565 2481 600 2538 et
624 2473 800 2538 Parochiis
825 2474 1006 2559 erigendis
1040 2495 1100 2557 pro
1129 2475 1372 2539 commoditate
1397 2495 1521 2537 corun-

114 2587 115 2590 ’
166 2600 167 2604 ’
224 2583 302 2646 dem
317 2581 542 2666 Augustanae
558 2588 592 2644 et
608 2575 811 2646 Helveticae
828 2581 1044 2646 Confessioni
1060 2581 1287 2665 addictorum,
1307 2603 1367 2664 per
1382 2582 1520 2646 eosdem

225 2688 483 2753 Commissarios
507 2689 718 2772 designanda
751 2691 870 2754 ordine
894 2687 1114 2772 infrascripto
1139 2689 1379 2771 decernuntur,
1402 2711 1522 2772 quem-

214 2796 409 2862 admodum
424 2799 530 2861 etiam
545 2798 582 2860 in
598 2795 756 2861 omnibus
766 2797 881 2882 Regni
896 2796 1127 2880 comitatibus
1137 2805 1173 2860 et
1189 2796 1329 2880 quidem
1341 2799 1522 2880 signanter

224 2906 262 2968 111
285 2903 462 2968 Comitatu
485 2901 704 2966 Castriferrei
729 2924 788 2986 pro
812 2903 891 2988 illis,
923 2905 983 2987 qui
1006 2901 1247 2988 Augustanam
1271 2901 1520 2967 confessionem

224 3016 415 3095 sequuntur
437 3011 474 3073 111
497 3008 646 3073 Domolk
660 3016 696 3072 et
712 3008 903 3074 Nemescso.
927 3011 994 3074 Pro
1008 3009 1211 3072 Helveticae
1227 3029 1309 3072 vero
1326 3008 1520 3073 Confessio-

224 3120 277 3182 nis
300 3116 426 3181 Incolis
449 3118 487 3180 in
509 3113 702 3180 Felsd-Eb'r.
717 3115 761 3180 In
776 3115 952 3180 Comitatu
968 3115 1186 3198 Soproniensi
1203 3117 1240 3179 111
1256 3114 1469 3182 Vadosfalva
1487 3125 1520 3180 et

224 3224 420 3290 Nemeslier.
443 3222 485 3287 In
505 3224 704 3287 Posoniensi
727 3225 765 3286 111
779 3223 873 3287 Rhet
897 3230 931 3287 et
948 3223 1074 3287 Puszta
1091 3222 1267 3286 Fiide'mes.
1291 3222 1334 3286 In
1349 3223 1520 3288 Nitricnsi

224 3333 261 3395 in
293 3332 395 3396 Nitra
428 3325 636 3414 Szerdahely
660 3337 696 3393 et
729 3328 865 3394 Strazsa
897 3352 999 3413 penes
1023 3330 1169 3413 Vagum.
1200 3329 1244 3393 In
1275 3329 1452 3395 Barsisnsi
1485 3335 1519 3397 in

225 3437 381 3522 Simonyi
405 3445 440 3502 et
464 3436 673 3522 Szelezsdny.
707 3436 750 3502 In
773 3436 930 3518 Zoliensi,
954 3439 991 3500 in
1015 3437 1220 3502 Osztroluka
1244 3446 1278 3502 et
1302 3437 1518 3524 Garamszeg.

224 3545 267 3610 In
290 3546 497 3628 Turcciensi,
521 3548 558 3609 in
582 3545 731 3629 Neczpal
755 3553 790 3608 et
806 3544 1043 3610 Ivdnliafalva.
1066 3544 1110 3609 In
1125 3545 1351 3628 Liptoviensi,
1370 3548 1408 3610 111
1426 3547 1517 3611 Hibe

225 3663 260 3718 et
284 3655 386 3738 Nagy
410 3653 575 3737 Palugya.
606 3653 650 3716 In
673 3652 823 3716 Arvensi
855 3653 892 3716 in
915 3650 1016 3716 Felsd
1039 3652 1162 3717 Kubin
1194 3661 1229 3717 et
1251 3653 1444 3738 Isztebnye.
1478 3654 1518 3718 Iu

226 3761 495 3844 Trenchiniensi,
519 3762 556 3824 in
572 3759 723 3844 Szulyov
739 3768 773 3824 et
789 3757 1021 3844 Zay-Ugrdcz.
1044 3760 1087 3825 In
1103 3760 1326 3846 Scepusicnsi,
1350 3764 1388 3824 111
1403 3759 1518 3846 Gorgo

225 3876 260 3932 et
284 3869 444 3952 Tcporcz,
460 3869 517 3932 vel
532 3867 747 3932 Batiszfalva
762 3868 1005 3932 nonobstante
1021 3871 1222 3953 quorumvis
1239 3869 1519 3934 Contradictione

226 3985 306 4041 sunt
332 3977 502 4060 permissa.
535 3977 578 4042 In
601 3977 679 4041 aliis
701 3999 784 4042 vero
813 3977 1054 4060 Comitatibus,
1087 3977 1198 4042 veluti
1230 3979 1267 4041 111
1300 3976 1528 4061 Szaladiensi,

227 4085 501 4167 Veszprimiensi,
525 4084 708 4168 Jauriensi,
734 4083 1011 4166 Comaromiensi,
1030 4083 1305 4168 Abaujvdriensi,
1322 4085 1532 4172 Serosiensi,

226 4192 478 4275 Zempliniensi,
510 4191 716 4276 Ugochenei,
749 4192 957 4275 Beregiensi,
981 4193 1156 4275 Tomensi,
1188 4193 1413 4276 Giimbriensi,
1437 4193 1528 4258 Bor-

226 4299 383 4382 sodiensi,
407 4299 588 4382 Hontensi,
611 4299 870 4384 Neogradiensi,
894 4298 1043 4363 Szolnok
1065 4308 1100 4363 et
1124 4301 1249 4384 HeveS,
1265 4323 1327 4364 nec
1344 4322 1413 4364 ncn
1429 4301 1527 4384 Pest,

227 4407 313 4472 Pilis
345 4413 380 4470 et
404 4406 503 4472 Solth
527 4409 643 4471 unitis.
676 4406 768 4471 Ibem
791 4406 1037 4489 Szabclczensi,
1070 4408 1176 4492 Ungh
1208 4415 1243 4472 et
1267 4408 1531 4492 Szatmariensi,

227 4516 256 4577 si
279 4514 419 4599 quidem
442 4515 680 4598 de'praesenti
703 4522 817 4577 essent
840 4516 877 4577 in
909 4515 1037 4579 actuali
1061 4537 1125 4579 usu
1148 4519 1302 4580 omnium
1326 4515 1397 4580 fere
1421 4516 1525 4580 Tem-

227 4621 360 4704 plorum
383 4620 513 4685 ibidem
535 4620 743 4702 habitorum,
770 4623 847 4686 ideo
871 4621 990 4686 eadem
1024 4644 1084 4709 pro
1108 4621 1302 4687 actualibus
1334 4622 1523 4687 eonmdem
