3144 5218
211 377 276 444 562

210 597 373 641 converso
405 575 537 640 'Furcae
570 596 705 660 quoque
730 573 888 640 Confinia
915 575 1081 641 adversus
1104 575 1323 662 Hungariam
1345 573 1508 648 habeant,

211 691 246 748 et
269 687 355 767 quot
386 683 495 748 millia
526 682 706 747 hominum
738 701 798 746 seu
822 681 1111 747 Confiniariorum
1143 681 1335 747 Turcarum
1367 685 1403 746 in
1437 682 1509 746 illis

211 794 290 873 sint,
322 811 362 854 00
386 795 561 872 praeterea
585 789 622 852 111
644 787 738 852 hisce
761 787 1023 854 Gis-Maritimis
1055 795 1091 852 et
1119 788 1309 872 Europaeis
1341 788 1509 872 partibus

210 903 295 983 quot
318 900 445 961 iterum
468 897 606 959 circiter
627 894 737 959 millia
760 901 859 960 extra
883 893 1110 960 Confiniarios
1125 894 1260 979 habere,
1283 899 1320 959 et
1335 915 1509 960 assumere

211 1011 362 1090 possunt.
385 1001 527 1086 Quibus,
550 1007 590 1067 ut
616 1001 780 1088 indagare
796 1005 903 1087 potui,
926 1006 1136 1067 enumeratis
1151 1003 1391 1086 comperietur,
1414 1001 1509 1087 quod

211 1117 242 1177 si
264 1111 426 1197 Hungari
448 1112 636 1192 unanimes,
659 1117 695 1174 et
718 1110 902 1175 concordes
924 1117 1048 1194 essent,
1071 1131 1168 1194 posse
1192 1132 1249 1176 eos
1277 1114 1384 1176 etism
1406 1116 1508 1174 tanta

211 1221 372 1304 angustia
403 1239 443 1282 ac
476 1215 624 1300 defectu,
656 1217 773 1302 aliquo
805 1216 928 1281 saitem
960 1223 1102 1281 externo
1135 1215 1290 1281 subsidio
1313 1217 1509 1297 accedente,

212 1347 284 1390 sese
306 1345 476 1408 opponere
499 1322 621 1388 Turcis
644 1323 842 1408 Europaeis,
865 1345 1050 1409 eorumque
1074 1327 1292 1388 excursiones
1306 1345 1346 1389 ac
1363 1321 1510 1387 ferocias

212 1433 376 1515 devitare,
409 1437 445 1495 et
467 1429 688 1514 confundere,
721 1433 874 1516 exceptis
897 1431 1060 1496 Turbonis.
1093 1429 1141 1496 Et
1165 1432 1335 1514 imprimis
1358 1430 1510 1515 quidem,

212 1547 252 1604 ut
276 1561 295 1603 0
319 1559 459 1604 numero
483 1537 728 1622 Supremorum
750 1538 973 1604 Generalium
997 1537 1273 1622 Oapitaneorum,
1292 1537 1510 1621 0010011110-

212 1652 378 1711 neatuum
401 1647 573 1728 incipiam,
596 1651 678 1710 sunt
700 1641 901 1727 hujusmodi
923 1644 1082 1728 Supremi
1105 1643 1291 1710 Generaies
1316 1643 1509 1728 capitanei,

212 1775 273 1818 seu
296 1751 543 1837 Capitaneatus
581 1751 645 1816 sub
677 1749 921 1816 Iurisdictione
945 1749 1068 1816 Sacrae
1101 1750 1254 1816 Coronae
1287 1751 1511 1838 Hunguricae

213 1883 232 1926 a
255 1861 346 1926 Mari
368 1857 548 1924 Adriatico
571 1879 679 1944 usque
702 1859 746 1923 011
770 1859 898 1923 limites
922 1866 958 1923 et
970 1861 1136 1924 terminos
1152 1859 1424 1944 Transylvaniae
1440 1881 1512 1940 sex,

212 1973 351 2051 utpote:
400 1965 643 2048 Oassoviensis,
690 1965 808 2030 Novae
846 1963 956 2049 Arois,
1004 1965 1205 2048 Jauriensis,
1253 1967 1513 2032 Praesidiorum

212 2074 356 2139 Oanisae
380 2076 624 2157 oppositorum,
647 2071 838 2156 Slavoniae,
861 2079 897 2137 et
921 2071 1080 2138 Oroatiae
1107 2073 1317 2158 Regnorum,
1351 2072 1512 2138 Confinia

214 2179 368 2262 Banalia,
391 2177 518 2264 quibus
541 2178 658 2243 Banus
682 2177 840 2243 Oroatiae
864 2185 900 2243 01
923 2177 1105 2244 Slavoniae
1129 2186 1271 2263 praeest.

321 2283 378 2350 Ad
402 2285 598 2370 generalem
622 2285 888 2369 Capitoneatum
913 2285 1173 2350 Oassoviensem
1195 2293 1353 2369 spectant
1385 2308 1513 2352 novem

215 2391 373 2457 Confinia
392 2412 461 2456 una
485 2413 564 2456 cum
587 2392 762 2457 Praesidio
780 2392 1006 2476 Oassoviensi,
1023 2395 1060 2456 in
1075 2391 1201 2477 quibus
1212 2389 1315 2476 juxta
1330 2397 1514 2480 antiquam

214 2500 458 2564 limitationem
482 2499 576 2563 mille
600 2501 738 2564 circiter
760 2502 903 2584 equites,
921 2521 961 2564 00
984 2499 1194 2585 sesquimille
1218 2498 1351 2583 pedites
1375 2503 1411 2565 in
1435 2503 1515 2565 uni-

214 2627 353 2671 versum
376 2627 448 2669 esse
472 2604 646 2690 deberent,
670 2610 823 2690 exceptis
846 2607 1037 2690 Germanis,
1061 2609 1122 2692 qui
1146 2615 1182 2671 et
1207 2609 1274 2690 ipsi
1289 2609 1326 2671 in
1342 2606 1514 2672 confiniis

212 2715 398 2799 quingenti
413 2715 551 2777 circiter
566 2735 638 2777 esse
654 2712 829 2778 deberent.
845 2712 902 2778 Ad
918 2713 1010 2779 hunc
1029 2713 1234 2779 Generalem
1244 2712 1514 2798 Capitaneatum

216 2823 392 2905 pertinent
416 2823 522 2885 etiam
545 2821 733 2906 Haydones
749 2821 1031 2905 Transtibiscani,
1053 2824 1115 2906 qui
1137 2841 1207 2886 una
1230 2843 1309 2886 cum
1331 2821 1514 2906 Haydoni-

214 2928 280 2993 bus
303 2931 340 2992 in
364 2929 521 3012 partibus
543 2931 660 3016 Regni
683 2930 726 2994 ad
751 2929 1055 3016 Transsylvaniam
1089 2933 1249 3013 possessis
1280 2929 1513 2995 existentibus

214 3036 432 3100 constituunt
455 3036 614 3101 adminus
637 3058 696 3100 aex
720 3035 830 3100 11111110
844 3035 1024 3101 hominum
1039 3037 1083 3101 ad
1099 3057 1194 3101 arma
1209 3043 1377 3120 aptorum,
1393 3059 1513 3102 01111100

216 3140 287 3206 fere
310 3146 452 3228 equites,
477 3147 527 3208 ita
550 3152 590 3208 ut
614 3144 679 3209 soli
701 3146 808 3208 etiam
831 3143 1028 3228 Haydones,
1053 3147 1113 3229 qui
1136 3146 1172 3207 in
1195 3142 1284 3208 Suae
1307 3145 1353 3210 M.
1377 3145 1513 3210 ditione

214 3250 375 3333 resident,
400 3259 542 3334 possunt
564 3252 608 3315 ad
632 3272 727 3315 011110
750 3253 928 3336 insurgere
952 3254 1020 3315 tria
1043 3251 1162 3334 millia,
1185 3253 1339 3335 quicum
1355 3255 1392 3316 in
1407 3253 1513 3318 liber-

215 3365 287 3422 tate
310 3359 443 3442 vivant,
468 3365 631 3422 tenentur
654 3361 760 3422 etiam
784 3361 961 3444 insurgere
981 3356 1084 3442 juxta
1102 3366 1318 3424 contractum
1334 3381 1413 3424 cum
1427 3363 1513 3444 ipsis

215 3467 351 3530 initum.
1101 3471 1105 3480 '

307 3571 362 3635 Ad
396 3571 592 3658 generalem
626 3571 890 3654 Capitaneatum
922 3575 1041 3638 Novae
1079 3572 1181 3640 Arois
1212 3595 1281 3639 una
1312 3595 1390 3639 curn
1422 3573 1513 3640 Arce

216 3675 422 3762 Hajndcskd,
455 3700 560 3763 quam
596 3678 808 3744 Filckienses
840 3681 1061 3746 Praesidiarii
1094 3682 1303 3764 custodiunt,
1337 3684 1513 3766 pertinent

215 3787 476 3872 quatuordecim
499 3785 665 3870 Confinia,
698 3789 735 3851 in
767 3787 893 3872 quibus
921 3785 1024 3872 juxta
1056 3792 1236 3874 antiquam
1267 3789 1513 3854 limitationem

216 3893 383 3958 deberent
407 3916 478 3958 esse
503 3897 641 3960 circiter
664 3899 797 3980 equites
820 3896 961 3982 quidem
984 3897 1078 3962 mille
1095 3899 1256 3979 sexcenti,
1281 3897 1414 3981 pedites
1429 3917 1514 3960 vero

216 4001 270 4066 bis
293 4001 397 4084 mille,
423 4008 566 4084 excepto
589 4001 766 4067 Praesidio
789 4003 1004 4088 Germanico,
1042 4005 1132 4090 quod
1158 4027 1199 4068 ex
1224 4007 1394 4069 sexcentis
1419 4004 1515 4086 pedi-

216 4106 310 4173 tibus
344 4114 500 4172 constare
535 4108 693 4192 deberet;
730 4111 788 4174 sed
822 4109 886 4174 hoc
919 4117 1072 4194 tempore
1105 4133 1167 4174 nec
1199 4111 1263 4175 hoc
1296 4111 1515 4175 Praesidium

216 4215 460 4281 Germanicum
483 4222 537 4280 001
560 4215 660 4299 pleno
685 4238 834 4281 1111111010.

325 4321 579 4388 Gomarornium
611 4345 671 4406 per
703 4345 738 4387 00
771 4331 832 4406 001,
865 4325 956 4410 quod
990 4347 1010 4388 0
1041 4325 1137 4388 1111110
1169 4345 1326 4408 supremo
1349 4325 1514 4390 Generali

217 4427 405 4512 Capitaneo
422 4429 601 4514 dependet,
612 4427 710 4513 cujus
726 4451 827 4494 causa
844 4435 1032 4517 ignoratur.
1049 4431 1091 4496 In
1106 4431 1170 4496 hoc
1186 4431 1363 4497 Praesidio
1379 4435 1515 4519 equites

216 4535 377 4622 Hungari
401 4536 565 4601 deberent
589 4559 661 4600 esse
685 4544 832 4620 centum,
856 4537 1062 4602 Naradistae
1090 4559 1173 4603 vero
1206 4538 1339 4623 pedites
1363 4538 1515 4622 ducenti,

217 4649 391 4726 praeterea
415 4643 556 4708 ducenti
579 4643 743 4708 Germani
767 4643 995 4709 Praesidiarii.
