3124 5216
216 363 282 446 aaa

213 562 443 626 haereditario
466 561 562 646 Rege
586 561 664 642 Sue,
687 562 839 647 adeoque
866 563 972 627 etiam
994 585 1015 626 a
1047 563 1116 627 Sua
1139 559 1321 646 Majeetate
1345 561 1503 627 Sacratis

213 672 309 750 aima,
332 667 658 753 Successoribusque
681 667 755 752 ejus
780 669 981 752 Hungariae
1004 667 1169 754 Regibus,
1187 671 1333 752 propriis
1356 667 1503 753 Legibus

212 785 248 841 et
271 772 596 856 consuetudinibus,
619 795 688 838 nou
711 796 793 838 vero
816 774 860 838 ad
888 795 1044 838 normam
1067 774 1214 839 aliarum
1247 775 1503 839 Provinciamm

213 883 426 949 dictantibus
449 883 485 946 id
508 881 678 946 Articulis
701 883 730 945 3.
757 883 851 946 1715.
884 884 969 946 item
992 883 1022 946 8.
1046 891 1081 946 et
1116 884 1166 946 11.
1191 883 1286 946 1741.
1311 882 1504 965 regendum,

211 999 247 1056 et
270 990 555 1077 gubernandum.l

214 1201 395 1270 Articulus
414 1201 465 1270 12.
491 1201 543 1268 De
568 1200 789 1290 lepisluliooe
813 1207 846 1268 et
869 1202 1075 1270 executione
1097 1201 1288 1269 Poleslotis
1313 1201 1505 1269 Exercitio.

320 1365 431 1452 Leges
454 1365 596 1448 ferendi,
612 1365 811 1450 abrogandi,
836 1366 1088 1449 interpretandi
1104 1365 1316 1431 Potestatem
1332 1368 1371 1429 in
1387 1365 1507 1450 Regno

213 1475 277 1539 hoc
301 1475 510 1559 Hungariae,
534 1472 763 1557 Partibusque
786 1473 946 1536 adnexis:
970 1473 1066 1536 salva
1092 1481 1156 1536 art.
1179 1475 1210 1537 8.
1236 1474 1331 1538 1741.
1356 1473 1508 1558 Disposi-

213 1585 324 1647 tione:
358 1581 513 1667 legitime
536 1589 697 1645 coronato
730 1581 885 1665 Principi
908 1589 943 1644 et
976 1580 1133 1646 Statibus
1156 1604 1196 1646 ac
1224 1580 1293 1646 00.
1315 1582 1445 1666 Regni,
1467 1581 1506 1644 ad

211 1691 362 1754 Comitia
387 1689 541 1774 legitime
569 1687 829 1770 confluentibus,
862 1709 1077 1754 communem
1109 1711 1189 1770 esse,
1222 1711 1284 1753 nec
1316 1697 1420 1754 extra
1453 1689 1506 1753 illa

211 1799 361 1861 exerceri
395 1819 498 1881 posse,
523 1796 591 1861 Sua
615 1793 779 1879 Majestas
812 1796 1050 1860 Sacratissima
1082 1796 1175 1860 ultro
1197 1818 1237 1860 ac
1260 1803 1382 1880 sponte
1408 1817 1508 1882 agno-

210 1907 285 1986 scit,
308 1927 348 1968 ac
372 1926 407 1968 se
422 1903 488 1968 Jus
511 1903 575 1967 hoc
600 1903 762 1967 Statuum
778 1902 952 1967 illibatum
967 1909 1255 1984 conservaturam,
1277 1911 1383 1987 atque
1409 1913 1506 1986 prout

1557 579 1559 652 l

211 2012 342 2076 illude
366 2011 466 2076 Divis
499 2012 569 2074 suia
593 2007 783 2092 Majom'bus
815 2019 1000 2094 acceperat,
1035 2013 1084 2074 ita
1116 2012 1222 2074 etiam
1252 2011 1296 2074 ad
1329 2009 1507 2095 Augustos

212 2141 290 2184 suos
323 2120 540 2184 Successores
572 2119 779 2182 inviolatum
818 2121 1095 2182 transmissuram
1129 2117 1275 2203 benigne
1308 2117 1507 2196 declaravit,
1558 2125 1559 2188 ξ

212 2230 333 2293 Status
357 2237 392 2292 et
417 2227 485 2292 ΟΟ.
508 2227 624 2312 Regni
648 2249 784 2292 securos
807 2226 961 2308 reddens,
994 2249 1182 2313 numquam
1207 2249 1266 2311 per
1289 2227 1426 2305 Edicta,
1450 2247 1506 2289 seu

212 2337 260 2399 sic
293 2335 404 2399 dictas
437 2336 642 2400 Patentales
675 2357 762 2419 quae
794 2335 948 2421 alioquin
981 2337 1017 2400 in
1059 2335 1164 2401 nullis
1203 2359 1353 2422 unquam
1393 2337 1506 2420 Regni

212 2443 237 2508 J
239 2443 362 2507 udiciis
385 2445 556 2526 acceptari
580 2451 731 2526 possunt,
754 2443 916 2528 Regnum
939 2451 974 2508 et
997 2445 1119 2508 Partes
1141 2445 1291 2509 adnexas
1313 2443 1507 2530 gubernan-

214 2551 274 2615 das
298 2551 379 2633 fore,
404 2549 884 2632 ExpeditionePatentalium
902 2551 1041 2615 adeum
1064 2552 1247 2616 dumtaxat
1269 2573 1387 2616 casum
1403 2571 1507 2614 reser-
1558 2553 1559 2584 ³

213 2667 303 2740 vata,
327 2658 387 2722 ubi
411 2659 447 2720 in
471 2656 589 2721 Rebus
612 2657 699 2742 Legi
721 2657 875 2741 alioquin
899 2657 1142 2741 conformibus,
1170 2658 1365 2723 Publioatio
1389 2657 1508 2722 debito
1557 2701 1558 2732 ,

211 2789 290 2831 cum
313 2765 439 2830 effectu
462 2763 526 2828 hac
550 2767 651 2828 unica
675 2767 808 2829 ratione
832 2763 982 2828 obtineri
1005 2765 1145 2830 valeret.
1169 2765 1317 2830 Proinde

320 2874 444 2937 Forma
476 2871 696 2937 Judiciorum
727 2872 802 2956 lege
826 2871 981 2935 stabilita
1013 2881 1074 2936 aut
1107 2873 1321 2954 stabilienda,
1352 2873 1509 2938 authori-

213 2987 284 3043 tate
323 2980 434 3064 Regia
472 3000 542 3042 non
580 2977 832 3060 immutabitur,
874 3001 936 3042 nec
978 2979 1212 3065 legitimarum
1249 2980 1509 3044 Sententiarum

211 3087 449 3168 Executiones,
473 3086 648 3150 Mendetis
668 3086 908 3170 impedientur,
931 3095 992 3151 aut
1017 3109 1076 3170 per
1099 3087 1183 3151 alios
1199 3087 1358 3171 impediri
1382 3089 1510 3152 admit-

211 3201 337 3274 tentur,
353 3216 415 3256 nec
432 3194 629 3257 Sententiae
645 3193 821 3278 legitimae
837 3195 1005 3260 Fororum
1023 3195 1048 3260 J
1049 3195 1292 3274 udiciariorum
1309 3195 1511 3260 alterabun-
1556 3223 1557 3240 ¹

212 3309 278 3384 tur,
302 3303 406 3364 immo
429 3322 490 3364 uec
514 3303 551 3364 in
575 3302 797 3366 Revisionem
820 3303 968 3386 Regiam
991 3325 1052 3368 nec
1076 3303 1180 3366 ullius
1203 3303 1388 3367 Dicasterii
1425 3303 1511 3387 poli-

211 3411 273 3472 tici
297 3408 546 3492 pertrahentur,
563 3409 622 3473 sed
639 3409 826 3473 secundum
843 3410 999 3473 conditas
1021 3409 1195 3494 hucusque
1219 3411 1329 3473 autin
1347 3409 1511 3474 futurum

210 3516 403 3580 condendas
428 3517 546 3602 LegeS,
571 3523 605 3579 et
629 3523 801 3599 receptam
824 3516 939 3601 Regni
962 3516 1261 3598 Consuetudinem,
1281 3515 1425 3581 Judicia
1453 3539 1512 3601 per

210 3624 361 3703 Judices,
385 3622 512 3707 absque
545 3624 742 3687 discrimine
766 3623 959 3707 Religionis
992 3623 1199 3708 deligendos,
1231 3621 1510 3688 celebrabimtur.

321 3864 328 3889 ¹
350 3853 426 3906 1715.
447 3853 471 3906 3.
492 3853 545 3906 Ld.
566 3852 710 3906 lbnnabb.
729 3855 790 3907 692.
811 3853 830 3906 l.

318 3943 361 3996 ΑΖ
382 3942 458 3995 1741.
478 3943 503 3994 8.
524 3948 610 4009 t.-c.z.,
630 3943 709 3996 mint
723 3943 787 3996 mar
800 3943 981 4010 emlitetttlk,
996 3961 1013 3995 a
1028 3945 1140 3996 nemesi
1155 3942 1234 3995 telek
1247 3939 1509 4012 addnientesseget

209 4037 235 4088 is
255 4051 288 4086 az
307 4033 412 4102 orszlig
425 4033 592 4086 sarkalatos
607 4031 638 4086 es
652 4049 720 4102 meg
735 4049 804 4085 nem
818 4033 1040 4087 valtoztathatd
1054 4029 1329 4103 alaptbrvdnyenek
1340 4030 1458 4099 jelenti
1472 4031 1509 4084 ki

317 4124 360 4176 Az
382 4123 458 4176 1741.
481 4124 521 4176 11.
542 4129 617 4175 t.-cz.
639 4121 718 4174 arrdl
738 4121 807 4190 szdl,
828 4121 909 4193 hogy
930 4140 1054 4193 magyar
1081 4122 1213 4193 flgyeket
1241 4120 1310 4174 csalr
1338 4121 1510 4190 magyarok

209 4211 410 4265 inte'zhetnek.
431 4212 457 4264 A
477 4211 617 4281 kirtlynb'
636 4209 785 4280 kijelenti,
805 4210 886 4281 hogy
906 4210 1033 4282 felseges
1052 4211 1224 4265 udvaraban
1243 4211 1277 4276 ia,
1296 4224 1372 4260 azon
1392 4208 1510 4278 tlgyek-

210 4301 275 4368 ben,
304 4301 422 4370 melyek
451 4318 468 4353 a
496 4300 567 4353 neki
595 4300 714 4354 atadott
742 4299 947 4372 (fenntartottj
981 4299 1101 4370 legfdbb
1133 4296 1307 4351 hatalomtdl
1341 4295 1510 4368 fiiggenela

209 4390 420 4460 legniagnsabb
449 4389 551 4443 ite'lete
580 4408 594 4444 s
626 4391 737 4462 kirtlyi
767 4391 867 4460 tisztje
895 4391 1015 4458 szerint,
1044 4388 1085 4441 hil
1119 4405 1243 4458 magyar
1272 4385 1509 4440 tautcsosainak

209 4481 366 4548 muulsbjait
387 4480 417 4532 aa
437 4480 575 4533 tanacsalt
595 4479 724 4549 igenybe
744 4481 832 4532 veszi.

316 4569 476 4623 Azonfellll
497 4589 514 4622 a
533 4569 637 4622 Statue
657 4565 898 4620 minister-iambe
917 4569 943 4620 is
962 4567 1090 4620 bevenni
1117 4565 1304 4619 meltdztatik
1331 4581 1349 4617 a
1380 4583 1512 4638 mag5ar

209 4665 364 4712 nemzetet.
