3142 5214
217 351 285 417 636

218 548 371 635 ejusdem
395 549 661 633 Proto-Notarii,
686 573 727 614 ex
752 549 850 615 bonis
874 549 1059 616 mobilibus
1080 559 1115 616 01
1135 550 1379 635 111111101111111110,
1394 547 1502 634 hujus

217 658 311 723 modi
334 679 406 722 sese
429 657 644 724 absentantis
668 658 853 742 Magnetis,
876 660 995 743 vigore
1019 658 1190 724 duntaxat
1214 661 1403 743 praesentis
1417 657 1502 722 Arti-

215 765 295 849 culi,
318 765 498 851 quibusvis
522 766 684 830 Iuridicis
717 765 878 830 remediis
902 765 1038 830 obstare
1066 787 1136 831 non
1159 766 1365 849 valentibus,
1390 771 1502 851 exequi
1558 716 1565 861 1

218 877 333 956 possit,
356 895 396 938 ac
419 881 586 938 teneatur.
1558 900 1564 1005 1

695 994 877 1064 Α1110111110
904 995 1033 1063 XXIII.

325 1123 535 1210 Contingere
558 1127 746 1206 consuevit,
778 1131 818 1188 ut
851 1123 1009 1190 nonnulli
1040 1124 1259 1211 Regnicolae,
1292 1145 1360 1188 non
1394 1131 1502 1186 curato

215 1230 320 1296 Salvo
337 1231 528 1314 Conductu,
543 1229 684 1296 Diaetas
708 1231 824 1317 Regni
840 1229 994 1314 publicas
1009 1229 1250 1312 interturbare,
1267 1233 1418 1295 invicem
1440 1249 1502 1293 sese

216 1337 331 1403 verbis
364 1338 553 1403 inhonestis
586 1335 733 1422 afficere,
766 1341 963 1422 vituperare
996 1345 1031 1403 et
1064 1342 1197 1422 minari,
1230 1337 1366 1422 publice
1401 1359 1436 1402 se
1466 1336 1502 1399 ad

217 1447 370 1511 duellum
403 1466 585 1528 provocare
608 1467 678 1510 non
700 1451 894 1512 vereantur.
917 1446 1000 1512 Ideo
1023 1453 1195 1511 statutum
1227 1452 1289 1528 est,
1321 1453 1361 1509 ut
1396 1443 1502 1509 nullus

216 1553 442 1618 Dominorum
452 1561 512 1618 aut
522 1552 702 1618 Nobilium
711 1553 755 1618 ad
767 1553 920 1638 publicas
930 1555 1046 1640 Regni
1056 1557 1337 1641 congregationes
1348 1559 1503 1622 armatus.

215 1661 280 1726 sub
303 1663 485 1725 amissione
502 1661 688 1725 eorundem
703 1682 876 1726 armorum
893 1663 1029 1748 ingredi
1045 1669 1247 1746 praesumat.
1267 1661 1309 1726 In
1325 1659 1504 1724 violatores

214 1775 331 1832 autem
355 1767 443 1832 salvi
461 1765 660 1832 Conductus
677 1767 818 1852 posthac
831 1765 933 1852 juxta
950 1769 1042 1854 leges
1060 1773 1188 1854 patrias
1204 1768 1504 1834 animadvertatur.

701 1925 884 1995 Articulus
918 1925 1023 1994 XXl.

322 2071 502 2137 Statutum
527 2076 666 2157 insuper
698 2079 759 2156 est,
782 2081 822 2137 ut
846 2095 865 2137 a
889 2074 990 2137 modo
1023 2074 1183 2158 deinceps
1216 2073 1343 2138 futuris
1378 2094 1506 2156 semper

215 2179 435 2264 temporibus,
459 2179 615 2245 venditio
641 2187 676 2244 et
700 2179 870 2262 forizati0,
892 2203 1173 2266 quarumcunque
1196 2204 1311 2246 rerum
1335 2179 1506 2244 venalium

214 2287 377 2370 (demptis
402 2287 644 2371 comestilibus,
671 2310 756 2373 pane
785 2288 958 2370 videlicet,
981 2288 1131 2374 obsonio,
1154 2292 1236 2354 vino
1270 2297 1305 2354 01
1338 2285 1506 2352 fructibus

214 2393 383 2478 arborum,
400 2417 487 2480 quae
512 2398 658 2479 peractis
682 2395 830 2479 Divinis,
853 2397 958 2461 vendi
982 2397 1157 2481 1101010111)
1182 2397 1303 2462 diebus
1319 2395 1506 2460 Dominicis

214 2499 341 2586 ubique
365 2503 550 2567 interdicta
577 2505 624 2567 sit
648 2509 682 2568 et
706 2502 883 2587 habeatur,
907 2503 971 2568 sub
996 2507 1177 2570 amissione
1194 2527 1308 2570 rerum
1324 2503 1508 2568 venalium.

214 2612 250 2673 in
283 2608 371 2674 facie
404 2617 520 2673 tamen
556 2608 633 2692 fori,
665 2617 700 2674 et
733 2631 803 2675 non
834 2610 921 2676 alibi
953 2634 1013 2695 per
1040 2611 1204 2677 Dominus
1236 2618 1428 2694 terrestres,
1456 2609 1506 2674 vel

214 2717 335 2780 iisdem
359 2716 629 2802 negligentibus
654 2740 715 2802 per
737 2721 877 2801 quosvis
893 2718 977 2782 01100
993 2720 1280 2803 000111101111010111.
1300 2717 1508 2784 Celebratio

213 2825 315 2888 nibus
338 2831 454 2887 autem
478 2823 722 2888 Nundinarum
745 2821 922 2908 majorum,
946 2828 1017 2890 suis
1041 2825 1162 2891 diebus
1185 2826 1291 2891 salvis
1311 2847 1508 2909 permaneu-

214 2929 316 2994 tibua
333 2929 461 2994 Contra
482 2937 699 2995 contumaces
722 2931 1043 2996 Reverendissimus
1067 2933 1235 2998 Dominus
1251 2932 1433 2997 Praelatus
1450 2933 1508 2996 Za-

213 3036 406 3123 grabiensis
423 3040 573 3100 censuris
589 3038 841 3102 Ecclesiasticis
857 3045 985 3103 utatur.
1002 3039 1148 3104 Parochi
1163 3060 1254 3122 vere,
1264 3060 1336 3103 sese
1352 3042 1507 3122 tempori.

213 3154 248 3208 01
274 3144 391 3229 populi
414 3145 675 3210 necessitatibus
700 3149 749 3211 ita
774 3146 997 3230 conforment,
1014 3153 1053 3212 ut
1077 3148 1196 3212 divina
1219 3169 1326 3232 usque
1350 3146 1396 3209 ad
1421 3147 1507 3210 deci-

157 3339 159 3346 ,
212 3277 303 3318 1110111
327 3255 634 3319 antemeridianam
658 3255 777 3320 horam
802 3279 971 3342 peragere,
994 3263 1030 3320 et
1055 3256 1214 3340 perficere
1239 3258 1377 3339 possint.

684 3415 867 3483 Atticulae
898 3415 1038 3485 XXVII.

319 3559 406 3636 Quia
431 3582 509 3625 cum
533 3565 635 3648 gravi
658 3564 766 3626 animi
789 3584 906 3627 eorum
931 3563 1046 3627 dolore
1066 3563 1269 3649 intelligunt
1285 3562 1503 3649 Regnicolae,

213 3663 358 3747 plurima
387 3668 641 3733 Perochialium
665 3677 699 3732 et
723 3668 902 3733 Filialium
926 3669 1157 3735 Ecclesiamm
1180 3671 1277 3736 Bona
1300 3693 1339 3734 ac
1363 3671 1502 3736 10111100,

210 3794 298 3856 quae
321 3783 356 3838 et
380 3796 464 3860 quos
499 3778 607 3858 pietas
636 3774 769 3839 Christi
801 3774 957 3840 fidelium
989 3778 1061 3842 Deo
1093 3785 1193 3842 antea
1228 3777 1416 3860 dicaverat,
1450 3799 1502 3861 per

211 3881 392 3945 nonnullos
416 3881 622 3967 Regnicolas
646 3891 822 3966 occupata,
845 3890 880 3948 et
909 3892 1089 3967 usurpatos
1114 3905 1203 3948 esse:
1236 3884 1319 3949 Ideo
1351 3887 1500 3949 unanimi

210 4010 376 4053 consensu
392 3996 560 4072 statuunt,
576 3997 616 4054 ut
633 3990 884 4055 Viae-Comites
904 3991 1141 4056 Comitatuum
1165 3989 1267 4075 hujus
1291 3993 1417 4077 Regni,
1433 3993 1499 4076 qui-

212 4095 297 4160 libet
321 4100 358 4161 in
380 4117 441 4160 suo
465 4097 638 4180 Processu,
663 4098 812 4162 habeant
836 4101 956 4183 vigore
979 4097 1081 4182 hujus
1105 4099 1375 4163 constitutionis
1393 4098 1499 4182 1110110-

212 4207 297 4267 riam
321 4204 578 4288 authoritatem,
602 4205 645 4270 ad
670 4209 872 4269 instantiam
896 4205 1042 4270 Parochi
1066 4206 1121 4270 vel
1145 4204 1424 4288 Archi-Diaconi,
1449 4204 1496 4268 vel

211 4334 291 4376 vero
315 4313 385 4377 Dni
408 4315 509 4398 Eppi,
533 4313 625 4378 facta
649 4318 686 4379 in
703 4314 790 4378 facie
807 4315 874 4378 1001
890 4318 1122 4400 inquisitione,
1138 4323 1174 4378 et
1191 4313 1347 4398 partibus
1364 4317 1498 4378 interes·

210 4423 294 4484 satis
318 4422 360 4484 de
385 4425 530 4485 termino
556 4422 618 4486 tali
642 4429 677 4486 et
702 4424 924 4505 inquisitione
949 4423 1162 4486 instituenda
1187 4420 1395 4503 certificatis,
1413 4420 1497 4485 illico

211 4537 245 4591 et
269 4531 341 4591 sine
365 4531 458 4592 omni
483 4528 640 4592 ulteriori
663 4529 829 4593 Processu
852 4529 1013 4609 Iuridico,
1038 4529 1143 4610 Bona,
1167 4551 1227 4593 seu
1250 4529 1383 4594 reditus
1418 4525 1498 4611 ejus·

210 4636 304 4699 modi
320 4635 362 4698 ab
379 4635 418 4698 A.
438 4635 478 4698 D.
498 4636 591 4699 1592.
608 4645 781 4718 occupata,
806 4645 840 4700 et
864 4659 917 4700 res
941 4645 1130 4720 usurpatas,
1154 4644 1326 4720 comperta
1342 4657 1435 4700 mera
1454 4637 1496 4698 rei
