3142 5214
1323 248 1388 313 599

91 449 235 529 antiqua
259 447 478 510 immunitate
501 447 684 532 gaudeant,
708 468 770 510 nec
794 467 895 530 super
926 445 1155 510 ecclesiastico
1179 451 1272 509 statu
1296 445 1387 510 ullus
1474 473 1476 478 ·

91 554 318 617 saecularium
342 561 477 636 praeter
500 576 570 636 nos,
604 561 808 638 potestatem
832 553 958 618 habeat
979 553 1171 618 arrestandi
1193 553 1250 618 vel
1273 555 1387 635 incap-

90 661 230 725 tivandi
252 660 410 744 aliquem,
434 661 493 725 sed
517 661 791 746 archiepiscopus
814 662 901 726 tales
924 685 943 725 a
967 683 1002 725 se
1027 661 1259 745 dependentes
1282 659 1387 724 eccle·

89 771 256 852 siasticos,
295 790 438 852 poenam
479 769 630 854 aliquam
669 774 889 854 incurrentes,
934 767 1011 854 jure
1058 769 1287 834 ecclesiastico
1327 787 1386 831 seu

88 880 254 941 canonico
278 879 399 960 punire
423 885 535 962 queat.
561 877 779 943 Conferimus
803 881 907 942 etiam
940 885 975 942 et
1008 876 1247 942 confirmamus
1270 876 1386 961 graeci

87 989 181 1050 ritus
217 985 356 1070 templa,
395 989 602 1050 monasteria
634 993 669 1050 et
703 987 745 1050 ad
784 986 868 1052 haec
901 988 1100 1070 spectantia,
1139 991 1240 1068 prout
1281 985 1386 1046 etiarn

87 1091 384 1176 archiepiscopum
408 1099 443 1156 et
466 1095 641 1176 episcopos
665 1097 904 1158 concernentia
928 1093 1025 1175 bona,
1048 1091 1309 1178 qualiacumque
1326 1087 1386 1151 illa

87 1203 171 1284 sint,
216 1202 314 1264 iuxta
345 1197 563 1264 collationem
606 1202 901 1284 praedecessorum
935 1207 1131 1264 nostrorum
1164 1196 1384 1282 possidenda3

86 1329 178 1393 quae
202 1313 319 1371 autem
341 1307 471 1390 templa
494 1306 675 1371 christiani
697 1311 845 1372 nominis
868 1307 978 1372 hostis
1002 1305 1113 1370 Turca
1129 1303 1228 1370 vobis
1247 1304 1386 1384 ademit,

87 1437 130 1478 ea
154 1434 289 1498 quoque
321 1419 520 1496 recuperata
547 1413 707 1479 manibus
738 1417 864 1479 vestris
886 1417 1060 1500 resignare
1093 1411 1386 1476 demandavimus.

86 1521 357 1606 Archiepiscopo
381 1521 537 1608 denique,
570 1523 627 1588 vel
651 1526 818 1607 episeopis
840 1525 975 1606 vestris,
1007 1524 1211 1586 necessitate
1244 1521 1292 1583 sic
1316 1521 1385 1582 exi-

86 1637 204 1718 gente,
227 1635 434 1695 monasteria
449 1638 484 1695 et
500 1632 660 1696 ecclesias
675 1635 712 1696 in
727 1631 931 1696 civitatibus
954 1638 1014 1694 aut
1031 1631 1128 1714 pagis
1151 1625 1386 1708 visitantibus,

86 1761 109 1802 a
133 1741 270 1804 nemine
289 1746 361 1803 tarn
377 1739 711 1822 ecelesiastico,tam
735 1740 901 1806 saeculari
924 1739 1117 1803 molestiam
1140 1735 1262 1800 inferri
1279 1735 1385 1814 patie-
1433 1723 1436 1734 '

87 1867 176 1910 mur.
199 1843 453 1935 Adhibebirnus
468 1866 602 1930 quoque
619 1866 679 1929 pro
703 1849 796 1910 omni
821 1843 975 1930 possibili
998 1865 1134 1909 omnem
1153 1849 1322 1924 conatum,
1345 1847 1385 1904 ut

88 1976 151 2038 per
182 1955 367 2018 victoriosa
399 1975 492 2017 arma
527 1959 652 2038 nostra,
690 1953 880 2019 auxiliante
911 1953 993 2037 Deo,
1031 1953 1215 2036 repetitam
1245 1955 1384 2035 gentem

86 2061 296 2127 Rascianam
320 2081 386 2144 quo
411 2063 514 2125 citius
537 2064 574 2124 in
597 2064 772 2126 territoria
804 2083 864 2126 seu
886 2060 1119 2126 habitationes
1142 2057 1288 2123 antehac
1312 2076 1385 2140 pos-

87 2189 198 2232 sessas
221 2169 332 2232 denuo
357 2168 573 2233 introducere
602 2175 637 2233 et
670 2172 826 2234 inimicos
858 2167 984 2233 abinde
1014 2167 1178 2251 repellere
1209 2167 1384 2248 possimus.
1479 2224 1483 2234 .

87 2275 324 2360 Volumusque
348 2283 387 2340 ut
411 2275 475 2340 sub
495 2277 682 2341 directione
708 2285 742 2341 et
767 2277 989 2360 dispositione
1014 2277 1143 2360 proprii
1161 2275 1385 2358 magistratus

87 2383 208 2448 eadem
232 2405 316 2468 gens
339 2383 509 2448 Rasciana
529 2405 745 2468 perseverare
769 2392 804 2448 et
827 2387 980 2468 antiquis
1004 2382 1206 2468 privilegiis
1229 2379 1341 2444 eidem
1364 2397 1384 2439 a

87 2486 270 2572 majestate
285 2498 402 2554 nostra
419 2491 566 2576 benigne
583 2494 758 2576 concessis,
783 2489 923 2576 ejusque
940 2489 1245 2554 consuetudinibus
1262 2490 1384 2568 imper-

88 2597 228 2663 turbate
253 2595 323 2662 frui
345 2587 468 2662 valeat.
500 2598 646 2682 Insuper
668 2601 851 2664 annuimus
874 2605 909 2662 et
933 2601 969 2662 in
992 2619 1040 2681 eo,
1063 2597 1154 2682 quod
1182 2597 1212 2660 si
1235 2618 1276 2660 ex
1301 2595 1384 2677 ipsis

86 2707 204 2792 graeci
227 2707 315 2770 ritus
338 2707 411 2769 sine
435 2705 664 2770 consolatione
690 2705 836 2790 prolium
855 2713 890 2770 et
906 2708 1236 2791 consanguineorum
1258 2703 1384 2786 aliquis

86 2812 277 2896 decederet,
311 2819 460 2876 extunc
491 2813 572 2877 talis
605 2816 715 2877 omnis
746 2813 939 2877 substantia
969 2797 1009 2876 in
1032 2811 1324 2895 archiepiscopum
1347 2814 1384 2871 et

86 2919 283 3002 ecclesiam
327 2943 394 2985 non
428 2943 533 3004 sacua,
566 2924 596 2985 si
628 2921 902 3004 archiepiscopus
934 2928 970 2983 et
1002 2923 1180 3004 episcopus
1212 2919 1383 3002 quispiam

86 3029 264 3110 moriatur,
296 3028 376 3092 talis
400 3031 506 3092 etiarn
529 3031 640 3094 omnis
663 3027 858 3092 substantia
891 3031 928 3092 in
951 3027 1244 3110 archiepiscopum
1268 3022 1383 3088 devol-

85 3143 200 3200 vatur.
223 3134 388 3220 Denique,
421 3142 461 3199 ut
485 3157 601 3200 omnes
634 3135 677 3200 ab
701 3133 963 3220 archiepiscopo,
996 3142 1162 3220 tanquam
1186 3135 1298 3216 capite
1321 3150 1382 3194 suo

85 3241 325 3325 ecclesiastico,
349 3245 482 3306 tamin
506 3241 751 3325 spiritualibus,
775 3264 879 3327 quarn
902 3241 1133 3306 saecularibus
1157 3240 1382 3324 dependeant,

86 3348 351 3412 clementissime
376 3347 534 3413 volumus
558 3355 593 3412 et
612 3346 782 3432 jubemus.
806 3349 916 3427 Quam
939 3348 1294 3413 munificentissimam
1317 3345 1382 3409 cle-

86 3457 403 3540 mentissimamque
432 3460 682 3521 concessionem
705 3463 858 3522 nostram
890 3459 926 3521 in
950 3457 1049 3523 vobis
1082 3459 1174 3521 omni
1198 3461 1323 3520 conatu
1347 3461 1382 3516 et

85 3561 221 3627 viribus
245 3562 494 3647 demerendam,
526 3563 696 3648 fidemque
720 3584 759 3626 ac
783 3563 1003 3628 devotionem
1025 3571 1178 3628 vestram
1201 3559 1383 3625 inviolabi-

85 3667 169 3733 liter
191 3669 440 3734 observandam
464 3675 635 3754 continuo,
659 3669 832 3754 nullisque
850 3671 1006 3754 procellis
1022 3669 1284 3736 concutiendam
1299 3665 1381 3748 fore,

86 3774 186 3840 nobis
209 3775 356 3840 firmiter
379 3780 621 3859 promittimus.
645 3778 691 3842 Et
718 3780 754 3841 in
778 3777 909 3862 reliquo
925 3779 1024 3844 vobis
1047 3781 1236 3844 universim
1256 3782 1291 3840 et
1315 3777 1382 3838 sin-

85 3883 235 3968 gulatim
252 3887 402 3970 gratiam
421 3893 573 3950 nostram
592 3907 783 3949 caesaream
807 3889 1004 3971 regiamque
1024 3887 1288 3951 clementissime
1305 3904 1382 3946 con-

86 3990 271 4055 firmamus.
293 3990 424 4056 Datum
448 3995 484 4056 in
507 3996 650 4056 civitate
669 3999 786 4056 nostra
804 3992 937 4057 Vienna
953 3991 1125 4076 Austriae,
1142 3993 1196 4056 die
1213 3993 1380 4077 vigesima

86 4101 213 4162 mensis
228 4096 390 4184 Augusti,
405 4097 507 4164 Anno
523 4101 663 4164 Domini
679 4099 863 4165 Millesimo
881 4101 1134 4165 Sexcentesimo
1150 4099 1380 4184 Nonagesimo

84 4205 212 4290 Primo,
236 4228 419 4292 regnorum
438 4216 632 4273 nostrorum
648 4208 798 4272 Romani
821 4209 999 4294 trigesimo
1023 4215 1155 4294 quarto,
1178 4207 1379 4291 Hungariae

87 4319 122 4376 et
146 4313 356 4397 reliquorum
373 4317 551 4400 trigesimo
571 4315 725 4398 septim0,
749 4313 934 4378 Bohemiae
950 4337 1032 4379 vero
1049 4317 1226 4400 trigesimo
1250 4315 1380 4398 quintu.

86 4419 289 4502 Leopoldus.
322 4419 459 4485 Blasius
491 4422 620 4506 Jahlin,
653 4424 753 4503 episc.
786 4421 981 4507 NitriensiS,
1010 4423 1162 4488 Joannes
1185 4419 1379 4502 Maholtny.

626 4599 840 4608 ———-—.-—..-.
