3138 5212
1292 347 1357 413 399

172 545 222 608 12.
246 544 344 626 Item,
368 545 459 629 quod
485 567 561 628 pars
584 545 643 610 illa
678 547 886 629 patrimonii,
910 567 996 631 quae
1020 567 1111 610 nunc
1134 553 1187 610 est
1211 546 1275 611 sub
1300 569 1356 630 po-

69 661 188 718 testate
227 663 261 718 et
294 654 425 718 ditione
464 658 590 734 nostra,
629 655 674 716 sit
707 655 744 716 in
776 651 934 717 manibus
966 651 1061 718 Caes.
1093 649 1188 716 Matis
1220 657 1357 720 nomine

69 765 239 846 sequestri,
278 769 454 845 tamquam
492 759 583 842 apud
623 779 743 824 manus
767 779 972 840 communes,
1004 781 1112 846 usque
1144 761 1187 824 ad
1222 768 1357 846 tempus

68 871 284 934 successionis
309 875 537 951 praenotatae.

171 978 222 1041 13.
246 976 337 1040 Item
360 975 451 1061 quod
475 996 536 1040 nos
575 975 631 1040 vel
671 974 763 1040 filius
796 983 912 1039 noster
944 983 1004 1040 aut
1038 975 1180 1041 heredes
1210 977 1357 1060 predicti

66 1106 207 1169 regnum
231 1093 266 1148 et
291 1085 535 1167 possessionem
559 1085 657 1166 regni
689 1091 861 1168 nequeant
886 1104 946 1166 pro
978 1105 1013 1147 se
1038 1085 1186 1164 interim,
1210 1106 1272 1147 nec
1296 1084 1357 1148 dni

66 1191 214 1256 Praelati
238 1198 272 1254 et
296 1189 455 1270 Berones
479 1187 687 1275 Nobilesqne
712 1189 759 1269 (et
778 1189 962 1268 Civitates)
986 1211 1026 1254 ac
1049 1189 1110 1253 alii
1133 1193 1357 1274 suprascripti

64 1299 103 1361 ad
129 1297 363 1363 obedientiam
395 1299 444 1360 eis
478 1295 708 1360 exhibendam
741 1301 932 1378 teneantur,
965 1296 1072 1360 donec
1105 1296 1259 1362 Ducatus
1284 1299 1356 1380 ipse

64 1405 304 1489 Scepusiensis,
327 1425 396 1468 una
420 1425 498 1468 cum
517 1400 759 1486 jurisdictione
779 1404 926 1487 predicti
939 1404 1134 1468 Comitatus
1158 1404 1357 1488 Scepusien-

64 1517 107 1577 sis
131 1520 168 1578 et
191 1513 269 1576 aliis
293 1512 391 1576 bonis
416 1513 645 1594 praenarratis
668 1512 705 1574 in
729 1532 850 1576 manus
873 1520 908 1575 et
933 1518 1140 1593 potestatem
1163 1511 1268 1594 ducis,
1293 1511 1357 1576 filii

63 1621 194 1685 scilicet
218 1621 327 1703 ipsius
364 1619 471 1703 Regis
504 1618 650 1684 Joannis
689 1616 795 1682 fuerit
835 1619 1039 1703 assignatus,
1073 1627 1107 1683 01
1141 1639 1201 1702 pro
1234 1621 1357 1684 maiori

63 1731 246 1792 securitate
263 1726 492 1812 consequendi
507 1725 704 1790 huiusmodi
720 1725 874 1808 ducatus,
896 1732 1048 1809 tempore
1064 1728 1249 1791 iuramenti
1264 1728 1354 1812 quod

62 1837 162 1902 nobis
186 1839 224 1900 in
247 1836 366 1900 eadem
390 1834 503 1898 diaeta
538 1832 762 1916 publicandae
797 1837 888 1918 pacis
917 1833 1149 1916 praestabunt,
1174 1841 1357 1900 teneantur

63 1946 126 2027 ipsi
158 1944 259 2008 Serae
282 1943 373 2027 Regi
396 1941 549 2008 Johanni
573 1943 677 2005 etiam
701 1963 803 2024 super
825 1941 889 2005 hcc
913 1943 1024 2005 iurare
1049 1941 1139 2026 quod
1164 1962 1232 2005 non
1255 1942 1357 2006 aliter

61 2049 295 2116 observabunt
314 2048 550 2134 juramentum
573 2047 680 2130 nobis,
713 2049 942 2130 Ferdinando,
965 2047 1021 2112 vel
1045 2047 1116 2112 filio
1141 2055 1257 2112 nostro
1283 2071 1356 2132 pre-

62 2162 193 2236 stitum,
217 2179 280 2221 nec
304 2156 405 2220 aliter
433 2155 665 2220 obedientiam
698 2155 796 2220 nobis
829 2153 1052 2236 exhibebunt,
1085 2157 1152 2218 nisi
1177 2157 1271 2238 prius
1295 2155 1356 2219 du-

61 2274 139 2329 catu
163 2267 239 2348 ipso
263 2263 306 2328 ad
331 2284 451 2326 manus
474 2261 538 2326 filii
570 2263 677 2343 ipsius
710 2261 841 2326 domini
865 2261 972 2346 Regis
1004 2261 1149 2326 Joannis
1172 2264 1355 2348 assignato

62 2372 149 2437 Cum
176 2374 326 2456 primum
350 2379 466 2434 tamen
489 2369 635 2432 ducatus
659 2370 731 2452 ipse
755 2391 833 2433 oum
857 2371 979 2433 ceteris
1004 2369 1102 2434 bonis
1127 2373 1356 2452 praenarratis

62 2478 132 2544 filio
157 2501 220 2545 sno
245 2480 428 2542 restitutus
452 2475 567 2558 fucrit,
601 2497 639 2540 eo
672 2478 746 2558 ipso
779 2476 939 2558 Praelati,
973 2477 1132 2559 Berones,
1156 2475 1298 2541 Nobiles
1321 2485 1355 2541 et

60 2587 118 2651 alii
144 2586 371 2670 suprascripti
395 2591 577 2648 teneantur
615 2585 659 2648 ad
698 2587 811 2648 omnia
846 2587 1029 2667 praemissa
1062 2584 1212 2650 fideliter
1243 2584 1356 2649 obser-

59 2694 184 2758 vanda.
207 2693 255 2757 Et
279 2692 344 2756 hoo
366 2711 406 2755 eo
429 2691 530 2754 modo
554 2691 779 2775 intelligendo
812 2697 846 2754 et
880 2693 1148 2775 interpretando
1172 2691 1263 2777 quod
1288 2712 1355 2755 uno

60 2813 92 2865 et
117 2801 240 2865 eodem
264 2808 417 2883 ternpore
441 2801 656 2883 consignatio
680 2797 825 2862 ducatus
850 2799 885 2861 in
910 2799 1067 2862 manibus
1091 2798 1155 2863 filii
1171 2801 1278 2881 ipsius
1295 2799 1355 2862 dni

59 2907 168 2993 Regis
201 2907 371 2972 Johannis
409 2913 444 2968 et
483 2907 697 2990 consignatio
737 2907 835 2989 regni
873 2908 910 2969 iu
947 2905 1105 2970 omnibus
1138 2905 1286 2970 Arcibus
1320 2914 1354 2970 et

58 3017 257 3080 attinentiis
281 3017 318 3078 in
340 3035 460 3078 manus
485 3021 618 3078 nostras
650 3019 711 3076 aut
743 3013 908 3076 heredum
946 3021 1140 3077 nostrorum
1165 3013 1355 3096 praedicto-

59 3144 134 3188 rum
161 3121 238 3186 fieri
262 3121 394 3186 debeat.

168 3227 221 3292 De
246 3228 427 3311 posthumo
451 3247 584 3312 quoque
608 3226 679 3292 filio
712 3228 776 3292 hoc
809 3228 917 3310 idem,
939 3228 1030 3314 quod
1056 3229 1279 3311 praemissum
1303 3237 1353 3292 est

57 3335 287 3419 intelligatur.

168 3442 244 3519 Quo
277 3442 417 3506 tandem
445 3441 574 3505 ducatu
597 3445 797 3526 consignato
821 3451 856 3507 et
881 3446 1051 3524 restitutO,
1080 3442 1173 3507 Caes
1198 3438 1296 3506 Matls
1319 3451 1354 3505 et

57 3549 128 3614 Nos
154 3571 195 3613 ac
218 3550 328 3613 nostri
352 3547 492 3612 heredes
525 3547 719 3631 praefatum
752 3549 884 3633 ducem,
918 3549 1028 3613 filium
1060 3550 1223 3614 videlicet
1248 3553 1355 3633 ipsius

56 3659 117 3722 dni
143 3657 253 3742 Regis
277 3656 446 3722 Johannis
479 3659 619 3742 eiusque
652 3658 793 3722 heredes
828 3660 865 3722 in
897 3659 1048 3722 dominio
1081 3665 1116 3721 01
1146 3661 1353 3742 possessione

57 3766 264 3849 praescripti
297 3764 442 3828 ducatus
481 3786 520 3828 ac
554 3767 761 3847 patrimonii,
798 3765 1059 3849 Civitatumque
1092 3765 1295 3847 oppidorum
1320 3773 1353 3828 01

56 3874 311 3956 possessionum
334 3871 587 3954 praedictarum
610 3880 729 3936 contra
758 3872 930 3957 quoslibet
954 3871 1144 3956 legittimcs
1168 3881 1202 3936 et
1227 3872 1354 3957 illegit-

54 3984 163 4045 timos
187 3979 382 4044 turbatores
415 3987 449 4042 et
486 3980 707 4062 impeditores
747 3983 947 4044 successivis
987 4001 1120 4061 semper
1142 3979 1354 4061 temporibus

55 4087 246 4151 defendere
270 4091 373 4171 atque
399 4106 598 4150 conservare
623 4095 814 4152 teneantur.

170 4195 221 4258 14.
245 4192 343 4272 Item,
366 4191 457 4276 quod
482 4195 510 4256 si
535 4193 650 4257 Ser¹¹¹¹¹s
683 4195 759 4258 Rex
793 4194 968 4260 Johannes
998 4193 1090 4276 prole
1123 4191 1218 4256 virili
1251 4193 1354 4257 dcsti-

53 4310 158 4366 tutus
191 4301 307 4384 fuerit,
339 4299 383 4364 ob
416 4299 479 4364 hoa
511 4308 551 4364 ut
584 4302 677 4365 Caes.
718 4299 815 4366 Μει118
854 4303 1016 4365 maiorem
1043 4299 1169 4364 habeat
1192 4299 1236 4363 ad
1260 4301 1351 4364 istud

54 4409 222 4494 Regnum
245 4409 431 4476 tutandum
447 4419 482 4476 et
498 4411 754 4477 defendendum
777 4415 994 4478 affectionem
1017 4419 1053 4476 et
1078 4414 1353 4496 propensitatem,

55 4521 196 4602 integra
220 4515 386 4581 medietas
410 4521 517 4583 totius
542 4523 741 4603 patrimonii
773 4543 852 4585 suae
886 4521 980 4586 Caes
1004 4515 1085 4584 Mati
1116 4518 1180 4584 sub
1209 4519 1354 4583 conditi-

54 4624 184 4690 onibus
207 4632 324 4690 tamen
348 4623 578 4709 infrascriptis
612 4629 720 4710 cedat,
744 4629 811 4692 alia
836 4631 971 4713 integra
1006 4629 1192 4692 medietate
1220 4625 1262 4690 ad
1287 4626 1354 4690 dis-
