3182 5210
1304 347 1370 410 257

83 553 286 624 exornatum,
311 543 566 628 religiosissime
590 548 772 626 servatur,2
801 565 863 606 ceu
896 564 997 606 verae
1029 545 1172 606 virtutis
1197 542 1372 625 exemplar

82 661 179 736 atique
201 655 475 733 incitamentum,
500 657 577 734 post
600 653 713 734 ipsum
746 655 949 735 regnaturis.
981 649 1024 714 In
1052 673 1091 714 ea
1113 651 1371 742 disceptatione,

82 759 184 822 multa
210 759 335 841 probra
358 763 486 822 iactata
514 761 551 823 in
584 757 784 822 Ladislaum
817 758 954 840 Garam,
987 761 1084 822 cuius
1116 761 1264 821 maxime
1299 781 1371 841 per-

83 869 189 948 missu,
204 869 324 951 regina
348 887 507 931 coronam
530 887 661 930 sacram
683 869 928 949 interceperat:
952 887 1120 950 aegreque
1136 889 1156 930 a
1171 865 1370 931 volneribus

3 973 4 1048 ζ
81 987 113 1038 et
139 975 239 1038 caede
263 981 502 1056 temperatum,
526 974 760 1038 intercedente
783 995 872 1057 rege,
897 981 1036 1056 propter
1058 971 1164 1038 fidem
1186 973 1371 1040 accedendi

80 1105 113 1144 se
129 1082 232 1146 libere
248 1081 455 1166 obligatam,
480 1087 601 1164 captus
617 1087 733 1144 temen
749 1087 809 1163 est,
829 1088 863 1143 et
888 1080 1062 1144 custodiae
1085 1079 1244 1144 traditus.
1269 1081 1371 1144 Oum-

80 1211 141 1274 que
164 1211 225 1253 rex
248 1189 498 1272 deprecaretur,
518 1193 552 1252 et
577 1186 735 1251 fortunae
759 1209 803 1269 se,
828 1208 930 1271 quam
954 1185 1036 1250 fidei
1059 1190 1226 1250 iacturam
1250 1186 1374 1264 facere,

79 1300 183 1360 satius
207 1296 355 1378 diceret,
378 1299 440 1360 vix
464 1303 540 1380 post
563 1295 727 1378 triduum,
744 1301 784 1357 ut
807 1293 1020 1375 liberaretur,
1044 1297 1253 1376 impetravit.
1276 1293 1371 1358 Itum

3 1469 4 1490 ,
79 1403 198 1468 deinde
215 1402 343 1467 Albam
358 1402 534 1486 Regalem,
550 1411 590 1466 ut
607 1401 803 1466 Vladislaus
820 1407 1054 1482 coronaretur3
1071 1423 1137 1485 quo
1155 1401 1286 1483 perlata
1302 1403 1370 1464 iam

78 1519 157 1591 erat,
188 1533 229 1574 ex
254 1510 453 1594 VisegradO,
486 1509 610 1590 arsula,
643 1511 679 1571 in
711 1529 779 1594 qua
812 1507 1053 1572 custodiuntur
1085 1516 1294 1590 ornamenta,
1327 1510 1370 1572 ad

78 1619 296 1680 cerimoniam
329 1617 567 1696 coronationis
600 1615 767 1699 religiosa.
802 1613 934 1690 Quibus
967 1617 1003 1678 in
1035 1615 1187 1678 medium
1221 1614 1371 1698 prolatis⁷

78 1725 208 1788 adiecta
225 1733 287 1795 est,
305 1731 405 1805 prout
421 1729 629 1786 conventum
645 1728 883 1806 statutumque
900 1729 982 1803 erat,
999 1722 1031 1786 S.
1048 1720 1215 1804 Stephani
1239 1743 1370 1785 corona.

77 1831 259 1896 Proditum
274 1833 456 1896 memoriae
472 1839 533 1910 est,
549 1852 652 1914 quom
669 1832 818 1913 primum
829 1829 1009 1914 Hungaria
1025 1832 1124 1914 regni
1139 1851 1264 1894 nomen
1279 1852 1371 1893 acce-

77 1945 134 2023 pit,
168 1962 301 2004 sacram
334 1961 502 2023 coronam,
534 1938 761 2023 induciasque
801 1939 980 2004 initiandis
1013 1937 1152 2022 regibus
1184 1939 1370 2022 religiosae,

75 2049 104 2110 S.
122 2047 299 2130 Stephano
323 2049 433 2129 primo
457 2049 540 2130 regi,
556 2068 575 2108 a
591 2046 747 2110 Romano
764 2044 933 2128 pontifice,
950 2045 1093 2110 coelitus
1110 2049 1250 2128 monite,
1267 2046 1370 2109 desti-

74 2167 189 2231 natas,
214 2161 434 2238 servatasque
458 2155 581 2219 deinde
605 2153 737 2217 solenni
761 2156 924 2236 custodia,
948 2153 1058 2218 veluti
1082 2153 1235 2218 faustum
1258 2157 1371 2237 auspi-

74 2269 165 2327 cium
189 2262 320 2326 futuris
343 2260 490 2346 regibus,
515 2261 642 2337 eadem,
665 2284 732 2346 qua
755 2261 823 2338 ille,
846 2265 944 2347 regni
967 2261 1135 2326 felicitate
1159 2262 1370 2326 coronandis

76 2373 243 2436 Ordinem
265 2391 348 2433 vero
372 2373 545 2454 ritumque
569 2371 733 2434 initiandi
756 2369 828 2434 illic
853 2393 958 2456 reges,
987 2371 1092 2436 talem
1115 2377 1253 2435 vetusto
1277 2393 1369 2458 piore

73 2482 214 2544 servari.
250 2477 481 2559 Sacrificante,
515 2480 575 2562 qui
607 2481 643 2541 in
676 2479 857 2563 Hungaria
890 2501 1042 2544 summus
1075 2488 1126 2542 est
1160 2479 1370 2563 pontificum,

72 2585 476 2669 circumsistentibusque
509 2585 676 2666 omnibus,
707 2587 751 2648 ad
774 2608 859 2670 quos
884 2589 974 2671 regis
999 2589 1148 2670 pertinet
1172 2589 1370 2666 nominatiO,

72 2697 107 2756 in
133 2693 274 2776 temple,
298 2693 389 2778 quod
414 2697 594 2777 augustius
618 2703 678 2776 est,
703 2697 738 2757 in
764 2694 854 2758 Alba
878 2693 1012 2778 Regali,
1035 2695 1078 2757 ad
1103 2695 1210 2758 altare
1227 2695 1370 2776 sistitur,

71 2806 130 2886 qni
172 2809 225 2866 est
265 2823 325 2864 rex
364 2799 512 2864 futurus.
553 2801 747 2886 Statimque
780 2825 798 2866 a
833 2801 1015 2866 Canonicis
1057 2804 1197 2865 exuitur
1206 2825 1213 2882 ς
1246 2801 1370 2864 deinde

3 2957 4 2960 η
73 2907 239 2972 Pontifex
259 2910 470 2990 precationes
494 2907 649 2972 solennes
674 2911 792 2990 praeit,
816 2907 941 2992 quibus
966 2931 1072 2992 regno
1100 2912 1249 2994 regique,
1274 2911 1370 2971 cuius

73 3023 179 3099 «aput
203 3015 325 3080 dextra
350 3021 454 3095 tenet,
478 3013 590 3078 Deum
623 3017 796 3096 propitiet,
828 3018 1033 3100 ueniamque
1057 3025 1092 3078 et
1117 3038 1231 3097 parem
1265 3018 1370 3097 impe-

73 3132 164 3188 tret:
198 3130 238 3186 ut
271 3121 407 3204 publice
446 3145 484 3185 ac
525 3125 698 3206 privatim,
739 3121 814 3204 sibi,
854 3122 998 3204 oppidis,
1031 3125 1126 3187 vicis.
1159 3123 1370 3204 civitatibus,

74 3230 219 3314 populis
252 3229 460 3310 nationibus,
495 3229 608 3292 fauste
641 3251 679 3293 ac
713 3229 862 3293 feliciter
895 3233 988 3293 ineat
1021 3239 1185 3315 geratque
1218 3252 1370 3314 regnum,

73 3338 268 3420 tacultateS,
300 3336 501 3422 fructusque
534 3335 751 3419 multiplicet,
784 3337 868 3401 fines
907 3345 942 3400 et
982 3341 1164 3420 imperium
1197 3346 1369 3422 propaget.

3 3427 5 3434 ¹
73 3447 318 3508 auctoritatem
342 3445 488 3528 denique
512 3451 547 3510 et
569 3442 717 3526 gloriam
744 3453 878 3528 augeat.
914 3445 1003 3508 Tum
1036 3467 1156 3508 manus
1189 3447 1270 3526 eius,
1295 3446 1371 3508 dor-

73 3573 226 3636 sumque,
249 3571 372 3616 arcano
396 3550 469 3616 oleo
494 3553 664 3636 perungit,
680 3558 715 3614 et
731 3573 809 3616 mox
825 3554 948 3615 vestiri
963 3550 1072 3634 jubet.
1097 3553 1226 3616 Ornata
1246 3551 1369 3615 deiude

73 3661 180 3721 sacris
211 3657 373 3740 induviiS,
410 3680 545 3721 crucem
586 3661 744 3740 inprimis
786 3660 904 3739 tradit,
947 3683 1006 3742 per
1047 3683 1149 3744 quam
1182 3658 1370 3744 significari

74 3763 207 3846 volunt,
225 3761 284 3847 ,jus
315 3765 534 3847 Apostolicae
569 3765 760 3850 legationis,
794 3771 830 3830 in
862 3769 1085 3852 designandis
1107 3769 1295 3849 EpiscopiS,
1325 3764 1370 3828 ab

73 3873 149 3952 ipso
173 3874 273 3934 initio
297 3871 437 3956 regibus
468 3871 669 3956 Hungariae
702 3877 913 3958 permissum,
946 3875 989 3939 ab
1012 3875 1168 3940 Romano
1192 3871 1368 3938 Pontifice.

71 3978 207 4046 Deinde
231 3987 413 4062 sceptrum,
437 4001 641 4065 pomumque
665 4004 806 4045 aureum
834 3991 869 4046 et
896 3984 1073 4067 vexillum,
1092 3987 1187 4068 regia
1211 3985 1369 4066 insignia,

72 4087 223 4169 exhibet,
256 4094 291 4150 et
324 4089 599 4172 uniuscuiusque,
633 4092 724 4152 inter
751 4091 968 4171 tradendum,
997 4095 1101 4154 sacris
1125 4090 1240 4154 verbis
1265 4094 1369 4153 inter-

72 4198 302 4273 pretationem
326 4201 542 4276 prosecutus;
570 4195 718 4278 tandem,
744 4197 886 4278 prolatis
910 4201 946 4260 in
979 4199 1131 4262 medium
1162 4201 1261 4282 regui
1286 4198 1369 4280 legi-

3 4285 4 4288 *
71 4295 136 4362 bus
171 4304 377 4386 institisque,
401 4304 520 4386 exigit,
543 4311 584 4366 ut
612 4307 648 4366 in
680 4303 786 4368 verba
818 4305 970 4386 ipsorum
1003 4303 1106 4386 juret.
1142 4304 1214 4383 Ille,
1248 4303 1309 4367 ubi
1332 4307 1369 4366 in

181 4548 254 4603 'Sa
274 4547 381 4604 Istvtn
408 4548 623 4620 t'ejerelrlyejen
653 4550 720 4604 levd
747 4551 866 4605 korona.
896 4551 942 4622 (L.
971 4569 989 4604 a
1016 4569 1142 4622 rnagyar
1169 4552 1281 4606 rendek
1303 4567 1369 4604 erre

67 4636 240 4691 vonatkozo
259 4637 452 4708 kijelenteset
472 4639 549 4694 1440.
565 4639 621 4710 jul.
643 4643 684 4694 17.
704 4641 890 4711 Kovachich,
911 4641 1049 4712 Vestigia
1068 4641 1232 4712 aee-243.)

124 4761 257 4807 aaronis:
274 4763 294 4806 a
309 4773 410 4818 misya-
425 4765 535 4809 tartense
549 4765 640 4810 ultrei.
1226 4748 1260 4802 17
