3160 5212
226 323 291 388 326

225 521 332 586 i'uerit
356 525 485 586 sincere
509 544 708 606 promovere
732 531 766 587 et
790 526 819 587 si
844 526 1016 608 premissis
1039 531 1164 607 tamen,
1189 525 1366 608 signanter
1381 524 1424 587 ad
1440 545 1523 588 cau-

225 651 297 692 sam
321 629 520 694 Castrorum
544 636 688 714 vtsupra
711 631 904 712 ordinatis,³
932 653 1065 714 semper
1089 630 1203 712 saluis
1226 630 1341 715 aliqua
1365 633 1520 714 parcium

225 739 297 800 siue
322 736 452 800 domini
475 744 536 801 aut
560 758 676 802 eorum
700 738 831 802 subditi
855 740 1030 824 vtrimque
1054 741 1146 802 iuter
1169 743 1208 802 se'
1236 738 1326 802 alter
1356 739 1401 802 ad
1433 739 1521 802 alte-

225 864 302 906 rum
325 843 479 928 querelas
503 851 563 908 aut
586 847 771 927 peticiones
794 866 1013 930 quascunque
1036 845 1162 910 habere
1180 845 1424 929 protenderint,
1440 846 1524 910 illas

226 957 327 1034 prout
351 951 393 1016 de
416 950 496 1014 Iure
519 957 554 1014 et
578 973 647 1015 uon
670 951 772 1015 aliter
795 954 953 1037 prosequi
969 951 1154 1034 debebunt,
1179 972 1324 1036 quorum
1342 955 1521 1016 occasione

223 1058 367 1122 Iusticia
400 1058 443 1122 ad
477 1061 760 1143 conquerencium
793 1061 1054 1144 requisicionem
1087 1059 1246 1142 expedite
1274 1062 1340 1124 erit
1373 1059 1521 1124 admini-

225 1165 375 1246 stranda,
390 1165 481 1229 Item
497 1165 541 1227 ad
557 1163 660 1229 finem
676 1166 767 1250 quod
787 1168 919 1230 sincera
941 1166 1079 1230 affectio
1104 1165 1230 1249 prefati
1254 1166 1385 1230 domini
1408 1171 1521 1232 nostri

224 1272 454 1355 Imperatoris,
478 1293 581 1357 quam
604 1271 648 1335 ad
672 1273 804 1336 dictum
828 1275 1005 1338 dominum
1029 1281 1184 1339 nostrum
1199 1272 1369 1338 Mathiam
1385 1274 1520 1360 Regem

224 1378 336 1443 filium
359 1401 418 1444 sue
441 1380 634 1464 imperialis
657 1381 850 1445 Maiestatis
874 1389 909 1445 et
933 1365 1126 1464 pretactum
1148 1381 1310 1466 Regnum
1337 1382 1520 1466 Hungarie

224 1489 324 1570 gerit,
335 1485 482 1569 amplius
498 1486 541 1550 ab
557 1486 716 1551 omnibus
732 1491 890 1573 cognosci
906 1488 1029 1569 valeat,
1046 1510 1106 1552 sua
1122 1487 1314 1571 imperialis
1330 1487 1525 1568 Celsitudo7

224 1591 334 1658 Nobis
373 1595 578 1676 supradictis
621 1595 795 1678 Stephano
835 1595 1103 1679 Archiepiscopo
1144 1595 1298 1661 Johanui
1338 1595 1522 1678 EpiscopO,

224 1701 366 1764 Nicolao
383 1701 587 1785 Wayuode,4
604 1701 732 1766 Comiti
749 1703 909 1767 Ladislao
933 1704 974 1766 de
998 1703 1121 1766 Palocz
1136 1710 1171 1766 et
1187 1703 1369 1766 Emerico⁵
1392 1701 1521 1766 Tesan-

225 1811 323 1891 rari0,
340 1807 479 1872 Sacram
502 1808 672 1873 Coronam
695 1811 802 1892 ipsius
825 1810 940 1894 Regni
964 1810 1152 1894 Hungarie,
1176 1831 1235 1873 sue
1258 1809 1434 1874 Maiestati
1458 1831 1522 1892 per

225 1916 368 1979 condam
416 1915 674 1979 Sereuissimam
716 1917 891 1980 dominam
932 1917 1116 1981 Elizabeth
1157 1917 1329 2001 Reginam
1370 1937 1521 1981 vnacum

225 2022 447 2086 Serenissimo
471 2022 553 2085 olim
577 2021 664 2086 bone
688 2027 849 2087 memorie
873 2023 970 2108 Rege
994 2023 1154 2088 Ladislao
1178 2023 1221 2088 ad
1245 2021 1364 2090 fideles
1395 2046 1524 2088 manus

224 2133 434 2214 assignatam
466 2136 501 2192 et
533 2129 709 2214 hucusque
742 2130 892 2195 fideliter
924 2139 1058 2195 tentam
1090 2139 1124 2195 et
1158 2132 1374 2214 custoditam,
1407 2154 1449 2194 ne
1473 2133 1521 2196 ad

224 2237 353 2300 alienas
368 2258 488 2299 manus
505 2235 599 2300 illam
616 2238 777 2302 deuenire
793 2241 1018 2323 contingeret,
1036 2237 1275 2323 Oppidumque
1293 2239 1522 2322 Soproniense

224 2345 362 2407 nomine
385 2344 471 2406 dicti
494 2343 624 2407 domini
646 2349 756 2410 nostri
779 2346 911 2410 Mathis
934 2347 1042 2430 Regis
1066 2354 1101 2409 et
1133 2348 1240 2429 ipsius
1272 2347 1386 2431 Regni
1420 2346 1522 2409 Hun-

224 2451 320 2535 garie
351 2453 504 2534 graciose
537 2452 737 2535 assignauit,
771 2461 805 2516 et
829 2475 964 2518 omnem
997 2453 1247 2537 obligaoiouem
1274 2476 1376 2536 super
1397 2454 1521 2518 eodem

225 2560 366 2621 remisit.
399 2557 490 2620 Item
521 2557 564 2620 ad
598 2561 762 2624 maiorem
795 2561 1037 2625 solidacionem
1070 2563 1204 2644 paterni
1243 2563 1368 2624 amoris
1407 2569 1441 2624 et
1481 2564 1523 2626 in

224 2664 490 2728 retribucionem
516 2664 777 2730 clementissime
809 2666 1004 2732 affeccionis
1029 2670 1137 2750 ipsius
1162 2669 1291 2732 domini
1317 2671 1425 2732 nostri
1449 2668 1522 2732 Im-

225 2773 399 2854 peratoris,
432 2771 475 2833 ad
509 2771 686 2836 dominum
718 2781 874 2838 nostrum
898 2775 1068 2839 Mathiam
1091 2776 1224 2860 Regem
1247 2783 1282 2838 et
1305 2777 1417 2858 ipsum
1450 2776 1523 2841 Re-

224 2899 332 2960 gnum
364 2877 552 2961 Hungarie,
585 2878 750 2964 Quodque
783 2879 976 2962 imperialis
999 2881 1162 2944 Maiestas
1186 2903 1224 2944 eo
1250 2884 1441 2964 prompcior
1473 2885 1521 2948 ad

225 2987 333 3067 ipsius
364 2985 479 3068 Regni
512 2985 689 3049 commodo
729 2993 764 3050 et
802 2985 884 3050 boni
922 2995 1034 3051 status
1073 2990 1283 3052 incrementa
1321 2992 1525 3055 accuracius

225 3093 455 3174 promouendo
471 3092 652 3176 alliciatur,
663 3093 900 3158 Deliberatum
917 3104 951 3159 et
967 3095 1165 3160 conclusum
1181 3103 1241 3176 est,
1257 3096 1355 3174 Quod
1372 3107 1523 3163 vacante

223 3200 346 3283 Regno
379 3199 568 3284 Hungarie,
597 3200 678 3264 filiis
711 3223 770 3264 seu
802 3202 985 3285 nepotibus
1018 3202 1192 3287 legitimis,
1225 3227 1267 3267 ex
1300 3203 1426 3288 prefati
1459 3205 1524 3268 (lo-

223 3307 310 3369 mini
333 3309 442 3370 nostri
465 3307 574 3392 Regis
597 3309 730 3373 Mathie
754 3310 881 3374 lumbis
906 3313 1091 3393 procreatis
1114 3333 1183 3375 non
1216 3311 1422 3394 extantibus
1456 3333 1525 3376 sua

224 3412 416 3496 imperialis
440 3414 604 3478 Maiestas
627 3423 687 3478 aut
711 3415 803 3480 filius
827 3438 885 3479 sue
909 3416 1052 3480 Cesaree
1081 3417 1306 3482 sublimitatis
1339 3441 1440 3504 quem
1472 3422 1522 3485 ad

223 3519 287 3582 hoc
311 3520 546 3603 deputandum
570 3523 709 3586 duxerit
732 3531 766 3586 et
791 3531 866 3606 post
891 3545 949 3586 sue
982 3523 1185 3588 Serenitatis
1218 3525 1391 3590 decessum
1423 3525 1524 3592 filius

224 3627 376 3691 eiusdem
408 3649 467 3692 sue
499 3629 692 3692 Maiestatis
725 3651 826 3714 quem
858 3630 1045 3716 reliquerit,
1078 3638 1138 3696 aut
1172 3635 1200 3695 si
1234 3633 1347 3716 plures
1385 3632 1524 3699 fuerint

224 3735 345 3817 relicti,
368 3735 456 3799 alter
479 3759 520 3799 ex
544 3739 620 3800 istis
643 3760 745 3822 quem
767 3739 929 3823 Regnum
953 3742 1065 3822 ipsum
1089 3740 1300 3825 preelegerit,
1324 3744 1361 3806 in
1383 3741 1525 3825 Regem

223 3844 290 3925 ipsi
328 3843 451 3927 Regno
489 3843 668 3928 Hungarie
708 3845 905 3927 preficiatur
947 3867 1024 3910 cum
1066 3846 1166 3929 plena
1207 3849 1360 3912 eiusdem
1400 3849 1526 3934 Regni

224 3951 640 4015 administracione.1tem
657 3952 702 4036 Si,
719 3960 758 4016 vt
783 3951 963 4036 prefertur,
981 3951 1153 4036 prefatum
1176 3977 1321 4038 regnum
1336 3955 1525 4040 Hungarie

224 4061 409 4142 vaeauerit,
434 4059 607 4140 provideri
631 4059 733 4123 debet
757 4083 817 4144 per
840 4059 996 4124 Prolatos
1019 4060 1170 4124 Baroues
1194 4062 1354 4126 Proceres
1373 4059 1526 4130 Nobiles

224 4165 358 4230 incolas
382 4172 416 4228 et
439 4163 694 4230 Inhabitatores
718 4168 870 4232 eiusdem
892 4168 1008 4252 Regni
1031 4168 1123 4252 quod
1146 4168 1339 4252 Imperialis
1352 4170 1529 4237 Maiestas

333 4457 343 4486 ⁸
362 4449 388 4502 Α
403 4449 578 4504 csaszarnalr
589 4469 605 4504 a
616 4451 764 4505 saerziides
778 4455 889 4506 suerint
903 4451 1078 4523 ttengetlett
1089 4450 1200 4505 varali:
1219 4449 1337 4503 Fraknt
1348 4448 1379 4503 es
1389 4449 1527 4508 Kabold.

332 4549 342 4576 ⁴
362 4538 484 4610 Ujlaky.

333 4637 343 4664 ὅ
362 4629 534 4701 Szapolyay.
