3182 5210
174 588 349 654 XXVHI.
383 588 420 653 si
452 607 533 651 vero
567 606 703 668 compos
736 586 789 648 sui
821 584 947 646 mentis
980 581 1022 644 de
1055 579 1109 644 his
1148 579 1363 662 disposuerit,

75 697 257 761 secundum
281 696 540 778 promissionem
563 693 648 757 iuris
672 693 721 756 eis
744 692 880 774 disponi
903 687 1040 771 debent,
1072 686 1199 774 quibus
1231 685 1363 750 fuerint

75 805 280 888 appromissa
297 840 340 849 -
356 823 416 866 sen
439 801 636 864 detentione
661 805 885 884 cognatorum
908 797 1133 860 servientium
1156 801 1217 859 aut
1236 791 1365 858 officis-

77 911 158 976 lium
182 911 333 992 episcopi
356 909 626 972 intervenientis.

548 1077 627 1146 Ado
656 1079 692 1144 ts
713 1079 890 1168 pdnziipy.

177 1227 298 1292 XXX.
322 1227 421 1291 Etsi
443 1228 503 1310 qui
527 1224 687 1290 collectas
711 1223 768 1289 vel
791 1225 985 1288 exectiones
1009 1243 1229 1308 quascunque
1263 1245 1366 1306 super

76 1335 214 1422 populos
237 1333 457 1397 ecclesiarum
479 1339 515 1396 et
538 1330 708 1396 nobilium
731 1331 843 1396 fecere
867 1331 1141 1414 praesumserint,
1157 1329 1215 1394 vel
1230 1351 1365 1415 quoquo

73 1443 171 1507 modo
194 1440 326 1504 flendos
347 1439 539 1504 indixerint
563 1435 906 1519 (excommunicatio).
1329 1424 1330 1433 ’
1390 1443 1391 1450 ’

179 1547 258 1612 LX.
280 1547 372 1612 Item
395 1549 590 1631 quicunque
614 1543 781 1610 nobilium
805 1544 939 1609 lucrum
962 1565 1114 1608 camerae
1138 1545 1235 1609 iuxta
1268 1547 1367 1630 regni

73 1656 354 1722 consuetudinem
377 1653 421 1718 ab
445 1655 587 1740 antiquo
611 1653 835 1736 approbatam
859 1650 950 1716 facte
974 1651 1145 1716 dicatione
1169 1659 1204 1716 et
1219 1655 1367 1718 termino

73 1766 276 1850 congruenti
298 1761 365 1827 sibi
388 1765 563 1849 assignato
587 1762 719 1828 solvere
741 1783 811 1826 non
834 1768 1002 1843 curarent,
1026 1767 1110 1825 tunc
1143 1763 1367 1845 possessiones

73 1873 128 1936 vel
151 1873 433 1955 possessionariae
458 1872 632 1953 portiones
655 1869 735 1936 talis
766 1869 824 1935 vel
857 1868 981 1932 talium
1015 1907 1055 1915 —-
1090 1875 1267 1952 praesente
1298 1891 1367 1934 uno

73 1980 127 2044 vel
146 1977 281 2043 duobus
298 1977 527 2060 praelatorum
555 1977 690 2042 tamdiu
714 1999 773 2060 per
788 1977 948 2041 comitem
964 1975 1185 2040 Gamererum
1200 1977 1368 2062 regalium

6 2137 7 2140 ,
73 2087 176 2152 debet
200 2087 367 2168 occupari,
390 2105 566 2172 quousque
590 2085 683 2149 dicta
707 2083 832 2148 solutio
857 2121 898 2129 —
923 2083 1029 2148 fuerit
1053 2085 1233 2166 persoluta.

180 2191 373 2257 XXXVH.
398 2192 590 2256 Statuimus
614 2194 728 2272 etiem,
752 2198 792 2256 ut
817 2213 876 2274 per
899 2197 1012 2256 totum
1029 2213 1174 2277 regnum
1189 2215 1256 2256 uns
1273 2215 1370 2278 rega-

74 2301 115 2364 lis
135 2309 171 2364 et
188 2297 333 2364 celebris
349 2301 395 2364 sit
420 2307 565 2382 moneta,
588 2298 842 2384 quinquelitate
861 2297 1079 2362 combustum
1093 2299 1138 2362 ed
1154 2300 1239 2364 duos
1254 2320 1369 2364 annos.

47 2407 113 2472 'In
144 2407 287 2492 reliquis
310 2428 392 2472 vero
415 2409 514 2470 annis
537 2429 578 2471 ex
602 2413 747 2492 argento
771 2406 921 2470 decimae
945 2405 1192 2472 combustionis
1215 2406 1370 2472 confecta
1407 2439 1409 2444 ·

75 2539 134 2598 per
149 2535 269 2578 omnes
286 2516 385 2599 regni
408 2515 568 2578 civitates
591 2522 627 2578 et
650 2513 752 2578 villas
776 2512 850 2578 fora
873 2515 1088 2577 continentes
1115 2514 1268 2579 valorem
1300 2538 1370 2578 oer-

73 2635 150 2686 tum
173 2643 310 2684 currere
333 2619 466 2684 debeat.
687 2667 695 2687 .
1302 2700 1305 2704 Ι

183 2725 396 2792 XXXVHI.
429 2727 477 2791 Et
508 2731 631 2813 siqui
655 2727 824 2792 nobilium
847 2727 904 2792 vel
928 2735 1108 2810 potentum
1130 2729 1168 2792 in
1191 2725 1266 2792 foro
1289 2749 1370 2792 suae

76 2837 307 2920 possessionis,
339 2834 396 2898 vel
429 2837 534 2900 etiem
566 2835 644 2900 aliis
676 2838 713 2900 in
745 2835 837 2918 locis,
875 2837 918 2900 de
957 2837 1145 2899 commissis
1184 2835 1371 2899 secundum

74 2944 258 3027 antiquam
282 2943 572 3026 consuetudinem,
601 2951 774 3008 monetam
806 2943 950 3006 eandem
983 2963 1117 3006 currere
1149 2964 1219 3006 non
1251 2939 1372 3008 fecerit

6 3081 8 3088 ·
76 3071 117 3112 ex
151 3056 238 3112 tunc
271 3049 344 3113 iure
374 3047 442 3113 fori
465 3051 655 3132 priventur,
679 3057 714 3114 et
737 3051 850 3132 ipsum
872 3051 926 3112 ius
950 3047 1018 3113 fori
1040 3049 1084 3113 ed
1108 3047 1207 3114 illum
1239 3048 1297 3113 vel
1328 3050 1371 3114 ed

75 3155 155 3219 illos
178 3155 396 3238 devolvatur,
419 3157 480 3240 qui
506 3195 545 3201 -—
571 3155 711 3220 modum
735 3159 771 3220 in
794 3155 858 3220 hoc
883 3163 917 3219 et
934 3158 971 3220 in
987 3155 1064 3219 aliis
1081 3156 1186 3241 digno
1203 3163 1237 3220 et
1255 3156 1372 3221 debito

76 3261 237 3326 farentur
260 3261 396 3326 honore.

184 3368 365 3434 XXXIX.
388 3369 436 3433 Et
460 3368 713 3450 nichilominus,
730 3371 760 3432 si
782 3371 843 3455 qui
866 3369 1010 3433 eandem
1033 3391 1103 3433 non
1126 3373 1373 3452 assumpserint

76 3484 263 3559 monetam,
287 3477 330 3540 ed
354 3475 532 3542 collectam
565 3475 703 3541 dimidii
727 3475 871 3541 fertonis
904 3499 964 3559 per
996 3475 1149 3562 singulas
1182 3478 1374 3541 mansiones

76 3605 161 3650 suae
185 3586 406 3667 possessionis
430 3571 636 3648 teneantur.l

186 3691 264 3755 XL.
287 3690 334 3755 Et
358 3693 388 3755 si
411 3713 498 3776 quae
536 3713 676 3774 persone
710 3713 795 3756 ausu
828 3693 1009 3756 temerario
1039 3699 1212 3755 monetam
1244 3693 1281 3755 in
1313 3713 1374 3755 sua

79 3799 291 3880 possessione
313 3797 371 3863 vel
394 3799 495 3863 domo
519 3799 601 3864 cudi
624 3798 754 3880 fecerit,
778 3799 838 3863 illa
863 3801 1071 3882 possessione
1095 3798 1152 3862 vel
1176 3800 1277 3862 domo
1294 3801 1375 3882 pri-

75 3914 189 3988 vetur,
215 3926 359 3986 poensm
381 3904 468 3991 legis
491 3909 699 3989 susceptura

384 4082 412 4150 A
438 4083 604 4152 nemeselc
628 4083 788 4152 iiriilrlsse
813 4087 847 4151 ss
873 4084 1086 4174 birrosjopc.

192 4226 342 4292 LXXV.
367 4227 504 4314 Siquis
527 4228 653 4294 nobilis
677 4231 750 4293 sine
773 4229 918 4294 haerede
942 4230 1129 4294 masculino
1152 4229 1197 4294 ab
1219 4229 1282 4294 hec
1302 4231 1376 4294 luce

76 4331 267 4416 desederit,
291 4336 388 4398 ouius
410 4337 635 4417 possessiones
657 4337 699 4400 de
723 4338 796 4400 iure
820 4336 863 4399 ad
888 4358 1008 4400 manus
1032 4339 1143 4422 regias
1167 4346 1247 4402 sunt
1263 4337 1378 4403 devol-

132 4561 238 4651 vugy
255 4578 367 4635 semu
394 4580 480 4636 estu
502 4581 641 4653 ejleuca
659 4599 677 4635 a
785 4581 885 4650 sene,
926 4581 1068 4652 sapuere,
1109 4583 1223 4638 seberc
1263 4583 1378 4654 Keroly

74 4665 200 4724 lucrum
219 4667 427 4724 merae-nel:
439 4669 578 4725 kirovtsa
591 4687 609 4724 a
622 4670 677 4724 tel-
785 4671 869 4724 tltal.

1219 4774 1271 4830 13*
