3144 5218
1297 342 1365 406 515

66 541 106 602 iu
132 537 250 601 eodem
275 536 541 620 comprehensos,
566 541 614 601 ita
639 545 674 600 et
691 536 847 620 reliquos,
871 543 950 600 ante
967 545 1002 602 et
1019 544 1094 620 post
1110 542 1364 604 coronationem

64 643 253 710 modernae
286 643 318 708 S.
344 643 380 708 0.
406 651 439 706 et
463 645 506 710 R.
529 641 720 726 majestatis
753 646 789 708 in
821 665 910 708 anno
941 643 1036 708 1608.
1059 651 1093 707 et
1120 645 1215 709 1609.
1243 647 1363 732 editos,

66 754 104 814 in
131 749 291 814 omnibus
323 753 394 814 suis
427 754 571 834 punctis,
604 750 766 816 clausulis
799 757 833 813 et
857 749 1012 820 articulis
1045 772 1104 814 sua
1138 749 1298 834 majestas
1321 755 1363 820 R.

63 857 217 922 firmiter
240 865 275 922 et
295 865 419 924 ‘sancte
452 857 659 940 observabit,
693 879 753 940 per
783 857 935 942 aliosque
966 879 1083 922 omnes
1116 859 1365 924 inviolabiliter

64 964 247 1028 observari
271 964 384 1029 faciet.
409 966 458 1031 IL
483 963 643 1031 Conditio.
667 965 764 1042 Quod
792 967 1003 1049 gravamina,
1023 967 1053 1028 si
1075 987 1161 1050 quae
1190 987 1295 1052 usque
1319 968 1362 1031 ad

64 1081 208 1154 tempus
231 1073 439 1156 suscipiendi
463 1075 640 1158 regiminis
664 1069 855 1155 majestatis
878 1094 958 1136 suae
986 1072 1268 1158 qualitercunque
1287 1097 1363 1138 eve-

62 1184 203 1257 nerint;
236 1203 274 1244 ea
307 1185 426 1246 statim
450 1185 486 1244 in
511 1183 611 1244 initio
644 1181 822 1266 regiminis
854 1201 934 1244 suae
967 1177 1166 1264 majestatis,
1189 1185 1226 1246 in
1249 1182 1361 1248 diaeta

65 1292 231 1371 primitus
264 1292 354 1353 intra
387 1291 536 1373 spatium
560 1311 618 1352 sex
643 1291 816 1352 mensium·
846 1287 1060 1370 publicanda,
1093 1292 1229 1372 penitus
1255 1291 1363 1354 tollet.

61 1396 280 1460 Gravamina
303 1403 420 1460 autem
452 1398 690 1459 rmiversorum
715 1394 746 1459 S.
771 1393 803 1458 S.
827 1401 862 1457 et
886 1393 923 1458 0.
948 1393 985 1458 Ο.
1010 1397 1116 1480 regni,
1141 1396 1362 1483 quaecunque

62 1525 228 1567 successu
250 1506 414 1586 temporis
433 1502 496 1567 sub
512 1505 679 1588 regimine
704 1523 783 1565 suae
807 1499 998 1584 majestatis
1021 1506 1239 1584 emerserint,
1263 1529 1301 1570 ea
1327 1510 1362 1570 in

62 1610 216 1697 singulis
253 1611 385 1692 diaetis,
424 1632 508 1696 quas
541 1632 600 1674 sua
632 1605 792 1690 majestas
825 1611 1026 1672 successivis
1058 1611 1269 1694 temporibus
1303 1635 1362 1696 pro

60 1719 247 1782 commodo
271 1727 305 1782 et
330 1721 533 1782 necessitate
567 1719 673 1803 regni,
706 1737 773 1800 quo
806 1717 941 1798 saepius
973 1715 1048 1780 fieri
1082 1721 1217 1800 poterit,
1250 1697 1362 1783 itaut

62 1829 256 1890 terminum
280 1828 422 1889 triennii
445 1846 514 1888 non
537 1824 689 1906 excedat,
713 1821 886 1905 publicare
903 1830 937 1886 et
957 1823 1127 1888 celebrare
1152 1825 1362 1912 dignabitur,

61 1932 131 1997 sub
151 1933 272 1996 eadem
295 1934 408 1997 diaeta
433 1933 531 1996 tollet
548 1939 583 1994 et
600 1930 809 1994 effectuabit.
827 1931 897 1998 III.
922 1929 1081 1996 Oondlit'u
1104 1933 1202 2009 Quod
1226 1934 1362 2017 quando

60 2039 106 2102 de
134 2037 238 2102 rebus
262 2046 296 2101 et
315 2041 465 2124 negotiis
488 2041 586 2122 regni
610 2037 810 2122 Hungariae
833 2043 893 2100 aut
918 2039 1069 2120 partium
1083 2041 1115 2101 ei
1131 2037 1362 2122 subjectarum

61 2154 209 2232 agetur3
233 2169 272 2210 ea
289 2169 349 2230 per
372 2147 557 2230 Hungaros
581 2153 728 2208 tractare
753 2151 787 2207 et
812 2144 1005 2208 consultare
1029 2145 1239 2230 dignabitur,
1265 2149 1361 2212 iuxta

61 2253 232 2317 articulos
255 2255 337 2318 anni
363 2255 457 2318 1608.
478 2253 498 2316 9
518 2261 552 2316 et
571 2255 620 2317 10.
644 2261 724 2316 ante
748 2254 1002 2316 coronationem
1026 2252 1153 2335 editos,
1178 2257 1261 2318 item
1280 2261 1362 2320 anni

64 2363 157 2428 1559
181 2371 244 2426 art.
267 2364 297 2426 8.
326 2363 443 2446 Neque
477 2364 581 2425 etiarn
614 2361 845 2444 supplicantes
877 2369 937 2423 aut
970 2369 1148 2425 causantes
1182 2361 1362 2447 indigenas

61 2473 176 2556 regni,
200 2473 290 2534 intra
323 2469 493 2534 ambitum
526 2466 679 2551 ejusdem
711 2477 935 2549 occurrentes,
967 2469 1010 2532 ad
1044 2472 1199 2554 regimen
1228 2477 1262 2533 et
1287 2473 1360 2534 iura

61 2587 210 2644 externa
244 2575 393 2660 rejicere,
427 2577 622 2660 pertrahere
649 2583 683 2638 et
707 2574 865 2660 ablegare
900 2579 1059 2658 patietur,
1088 2579 1184 2640 iuxta
1208 2585 1360 2642 extrema

61 2685 174 2750 verba
198 2685 421 2750 articulorum
447 2685 490 2748 10
513 2691 547 2748 et
573 2683 615 2747 16
638 2690 717 2747 ante
742 2685 1005 2766 coronationem,
1029 2691 1064 2746 et
1088 2685 1217 2748 decreti
1242 2685 1361 2750 Ferdi-

61 2793 174 2858 nandi
206 2815 295 2856 anno
322 2793 417 2857 1536.
450 2799 513 2856 art.
538 2793 590 2856 41.
619 2793 714 2855 editi.
743 2791 803 2856 IV.
828 2790 987 2857 Conuicto.
1022 2789 1255 2856 Confiniorum
1279 2815 1360 2858 vero

63 2896 310 2980 praefecturaS,
334 2900 571 2980 capitaneatus
594 2905 628 2960 et
652 2897 719 2960 alia
743 2895 866 2978 officia,
899 2904 971 2960 tam
995 2899 1031 2960 in
1054 2897 1127 2980 hoc,
1150 2919 1253 2982 quarn
1283 2898 1360 2962 aliis

62 3008 185 3090 regnis
208 3009 360 3088 annexis,
384 3003 545 3086 majestas
568 3027 637 3088 sua,
662 3007 759 3068 iuxta
782 3013 846 3070 art.
872 3007 921 3069 11.
949 3013 1029 3068 ante
1053 3027 1164 3070 coron.
1187 3029 1240 3070 an.
1266 3008 1360 3070 1608.

62 3114 202 3176 editum
234 3111 395 3176 conferet.
425 3113 458 3180 l'.
483 3111 642 3178 Condiliu
666 3112 764 3189 Quod
790 3133 850 3194 pro
875 3115 1028 3174 iustitiae
1053 3112 1359 3194 administratione,

62 3224 139 3284 sine
164 3242 231 3305 qua
256 3243 361 3306 regna
386 3224 570 3284 consistere
595 3241 663 3282 non
693 3227 841 3304 possunt,
874 3220 1061 3284 secundum
1094 3221 1301 3286 laudabilem
1325 3230 1359 3284 et

62 3328 138 3392 Deo
155 3337 291 3413 gratam
309 3331 345 3391 in
360 3327 573 3393 celebrandis
598 3327 735 3391 iudiciis
758 3331 937 3412 antiquam
954 3331 1052 3412 regni
1068 3329 1359 3407 consvetudinern,

63 3437 195 3501 iudicia
227 3436 396 3500 octavalia
430 3439 522 3518 pacis
555 3445 715 3518 ternpore,
750 3443 821 3498 tarn
855 3438 891 3497 in
924 3435 1155 3518 superioribus
1187 3457 1290 3520 quam
1324 3438 1358 3498 in

63 3543 290 3609 inferioribus
305 3547 403 3630 regni
421 3544 584 3627 partibus,
602 3547 698 3608 iuxta
715 3547 997 3607 constitutionem
1013 3547 1095 3607 anni
1114 3543 1208 3608 1009.
1224 3551 1287 3608 art.
1309 3543 1359 3606 70.

60 3655 229 3716 continuo
257 3651 422 3715 celebrari
456 3650 567 3716 faciet.
601 3651 647 3715 Et
682 3654 778 3714 iuxta
812 3652 959 3714 ermdem
991 3649 1184 3732 articulum,
1217 3657 1290 3713 tarn
1323 3652 1358 3712 in

62 3758 184 3824 tabula
218 3761 321 3844 regia,
354 3781 457 3843 quam
489 3757 785 3842 appellationibus,
819 3761 891 3820 sine
930 3758 1134 3822 discretione
1173 3757 1359 3841 religionis,

64 3866 197 3930 iudices
215 3865 318 3930 fiant:
343 3889 452 3952 neque
476 3873 587 3931 status
603 3873 638 3929 et
655 3865 693 3930 0.
709 3865 746 3928 0.
763 3869 861 3950 regni
878 3865 1049 3928 mandatis
1073 3872 1170 3928 extra
1195 3867 1359 3927 terminos

63 3975 281 4054 iudiciorum,
314 3994 427 4038 coram
460 3972 632 4036 iudicibus
665 3974 763 4056 regni
795 3971 978 4035 ordinariis
1001 3971 1057 4034 vel
1082 3971 1266 4054 deputatis,
1292 3972 1359 4034 iuri

61 4089 156 4145 stare
181 4079 282 4143 etad
309 4079 567 4162 productionem
602 4079 862 4163 privilegiorum
894 4100 1023 4163 cogere,
1057 4080 1357 4162 exsecutionesque

63 4188 240 4273 legitimas
271 4207 334 4249 nec
367 4208 426 4269 per
458 4207 492 4248 se
526 4184 700 4267 impediet,
733 4207 796 4247 neo
822 4207 881 4267 per
904 4205 982 4247 suos
1010 4183 1174 4246 officiales
1199 4183 1359 4266 impediri

65 4297 235 4376 patietur:
258 4293 419 4356 similiter
441 4295 546 4356 etiarn
570 4291 752 4376 illegitima
776 4291 903 4354 iudicia
934 4297 969 4354 et
999 4290 1198 4374 illegitimas
1222 4311 1358 4353 exsecu-

64 4401 176 4462 tiones
192 4399 267 4464 fieri
283 4421 351 4463 non
367 4399 539 4463 admittet.
562 4397 769 4483 Allegantur
795 4399 902 4479 primo
922 4417 981 4480 pro
999 4397 1204 4460 iudiciorum
1222 4403 1358 4459 octava-

63 4505 150 4569 lium
183 4504 412 4570 celebratione
435 4513 498 4570 art.
524 4507 566 4569 70
589 4506 671 4568 anui
696 4505 791 4567 1600.
815 4502 962 4566 secundo
987 4523 1046 4586 pro
1080 4501 1212 4566 iuribus
1235 4499 1357 4564 nobili-

64 4615 150 4675 taris
174 4613 432 4696 praerogativae
456 4612 590 4693 tripart.
615 4609 651 4673 P.
668 4609 694 4672 I.
710 4612 763 4674 tit.
781 4609 810 4672 9.
827 4610 911 4671 item
932 4608 1032 4674 Ferd.
1049 4610 1140 4692 regis
1163 4609 1245 4671 anni
1271 4608 1357 4670 1546

1196 4727 1250 4781 3Βῆ
