3182 5210
7 319 10 374 ι

7 379 10 530 ,

1314 343 1379 406 263

7 547 9 624 ξ
90 538 280 604 infidelibus
315 542 447 602 ratione
480 541 761 623 transgressionis
794 543 926 620 statuti,
959 542 996 603 in
1030 540 1200 622 praesenti
1231 537 1381 624 Congre-

7 677 9 692 ν
88 651 220 733 gatione
244 647 360 729 fiendi,
384 655 501 712 notam
525 646 742 712 infidelitatis
765 647 1030 729 incurrentibus
1053 647 1207 732 aliisque,
1241 647 1380 732 quibus-

7 737 9 754 *
89 777 215 841 cunque
231 754 441 836 infidelibus,
451 755 612 820 similiter
627 757 699 820 sine
715 757 938 839 requisitione
949 755 1195 838 Praelatorum,
1205 755 1380 818 Baronum

7 929 9 950 ‚
88 871 118 925 et
133 863 403 948 Regnicolamm
418 865 567 947 gratiam
584 863 696 928 facere
719 871 840 948 queat,
864 864 922 926 sed
947 886 1009 926 nec
1028 863 1380 946 Archi-Episcopatus

87 981 118 1034 et
149 971 322 1036 Abbatias
360 973 505 1034 maiores
543 970 671 1056 absque
711 973 808 1052 scitu,
848 971 1027 1034 voluntate
1067 979 1101 1034 et
1141 992 1307 1034 consensu
1344 978 1379 1032 et·

87 1079 335 1142 collaudatione
359 1077 641 1142 Consiliariorum
666 1099 804 1141 suorum
828 1077 982 1142 conferre
1006 1078 1129 1142 valeat.

189 1185 301 1250 Artie.
335 1183 412 1248 VH.
441 1183 532 1248 Item
555 1183 775 1248 Gubernator
807 1184 970 1265 manebit,
1002 1185 1197 1270 ubieunque
1230 1184 1379 1248 voluerit

85 1298 117 1357 in
151 1294 295 1360 Castris.
328 1291 541 1356 Civitatibus
583 1299 617 1354 et
651 1291 795 1376 Oppidis
828 1291 1018 1376 Regalibus
1051 1301 1111 1356 aut
1142 1291 1380 1376 Reginalibus,

6 1463 8 1482 ,
84 1405 265 1485 omniaque
288 1399 419 1469 Castra.
442 1399 622 1480 Civitates
653 1398 786 1482 Oppida
820 1407 854 1462 et
886 1421 1040 1484 quaeque
1073 1399 1208 1464 Tenuta
1231 1397 1380 1482 Regales

83 1516 114 1572 et
136 1507 328 1592 Reginales
349 1506 417 1590 ¹sibi
442 1507 524 1570 dum
549 1513 583 1570 et
606 1507 877 1591 quandocunque
901 1529 940 1570 ac
972 1509 1240 1590 quotiescunque
1264 1506 1379 1570 volue-

83 1620 135 1696 rit,
159 1615 310 1680 liberum
333 1623 508 1698 praestent
532 1615 733 1700 ingressum,
762 1614 980 1699 stabuntque,
1006 1636 1083 1678 oum
1108 1615 1227 1678 eodem
1243 1635 1379 1698 empore

6 1807 7 1810 Ἴ
82 1723 323 1787 celebrationis
345 1721 473 1786 Iudicii
496 1720 706 1786 Octavarum
729 1722 798 1786 duo
821 1721 973 1786 Praelati
1001 1721 1237 1786 Ecclesiastici
1260 1731 1294 1783 et
1319 1719 1380 1784 alii

82 1831 148 1894 duo
172 1830 327 1894 Berones
351 1829 519 1894 seculares
543 1851 610 1892 una
635 1851 713 1892 eum
736 1829 895 1896 Palatino
920 1837 954 1892 et
978 1829 1096 1892 Iudice
1121 1829 1245 1894 Curiae
1264 1851 1303 1891 ac
1320 1849 1378 1890 sex

82 1935 267 2001 Nobilibus
291 1936 333 2000 ad
358 1937 395 2000 id
419 1935 617 2018 deputandi,
641 1937 754 1999 medio
778 1943 895 1999 autem
910 1943 1063 2020 tempore
1087 1958 1175 2000 unus
1200 1935 1379 2000 Praelatus

82 2058 113 2110 et
138 2067 231 2110 rmus
255 2044 344 2108 Baro
368 2052 403 2108 et
428 2044 495 2108 duo
518 2043 661 2108 Nobiles
684 2043 873 2108 manebunt
898 2067 975 2108 cum
999 2044 1127 2128 eodem,
1153 2066 1231 2107 cum
1254 2044 1379 2128 quibus

82 2154 238 2240 querelas
253 2160 288 2216 et
304 2154 525 2216 necessitates
541 2153 659 2216 audiet
670 2152 922 2216 antedictorum
932 2151 1209 2237 Regnicolarum,
1220 2173 1379 2237 quonim-

83 2285 218 2346 cnuque
240 2259 393 2326 Consilio
417 2261 545 2324 eisdem
570 2261 675 2324 faciet
698 2259 908 2324 relationem.
940 2259 1042 2324 Ultra
1066 2266 1182 2323 autem
1205 2259 1267 2322 hos
1291 2257 1379 2322 Con-

82 2370 229 2434 siliarios
263 2369 304 2432 de
341 2368 520 2450 Praelatis,
553 2367 755 2449 Beronibus
786 2367 960 2432 Militibus
993 2375 1027 2430 et
1060 2367 1245 2432 Nobilibus
1276 2366 1379 2430 huius

82 2479 197 2564 Regni
221 2476 348 2542 Incolis
372 2483 424 2540 tot
448 2485 482 2540 et
505 2483 630 2558 tantos,
654 2485 738 2561 quot
762 2481 797 2540 et
821 2477 942 2560 quanti
975 2475 1041 2540 sibi
1070 2477 1252 2539 necessarii
1284 2473 1379 2537 vide·
1487 2485 1491 2490 “

83 2584 215 2649 buntur
248 2604 310 2666 pro
336 2591 371 2646 et
404 2605 505 2666 penes
540 2606 574 2647 se
610 2605 818 2662 conservare,
845 2581 1103 2666 Consiliumque
1137 2583 1310 2667 requirere
1335 2579 1378 2643 ab

85 2693 214 2756 iisdem.
595 2739 598 2746 .

189 2800 300 2866 Artic.
328 2799 424 2863 VIII.
457 2799 548 2864 Item
581 2801 623 2864 de
659 2799 882 2884 proventibus
915 2798 1114 2884 Regalibus,
1149 2797 1273 2884 quibus
1306 2799 1378 2880 ipse

5 2905 6 2912 '
86 2909 304 2974 Gubernator
332 2929 371 2970 ac
404 2907 457 2970 sui
480 2906 678 2971 Consiliarii
710 2915 863 2989 utantur,
896 2913 931 2970 et
964 2907 1006 2969 de
1040 2905 1262 2989 dispositione
1295 2905 1378 2986 ipsis

86 3017 205 3097 fienda,
229 3017 424 3078 comittitur
446 3013 580 3078 Iudicio
604 3015 750 3079 duorum
775 3015 1012 3078 Praelatorum
1040 3021 1075 3077 et
1098 3013 1281 3092 Beronum,
1305 3015 1379 3097 qui-

88 3126 147 3190 bus
171 3125 214 3186 de
237 3120 406 3206 qualitate
431 3129 660 3204 proventuum
683 3121 869 3207 Regalium
893 3121 1025 3204 plenior
1048 3121 1230 3185 certitudo.

190 3229 267 3294 Art.
290 3228 354 3292 IX.
377 3228 468 3292 Item
491 3229 711 3294 Gubernator
738 3232 810 3312 ipse
845 3228 1013 3312 proficisci
1047 3228 1150 3293 debet
1183 3235 1218 3290 et
1251 3229 1378 3290 exerci-

88 3337 184 3418 lnari,
200 3337 283 3400 dum
302 3357 478 3400 necessum
497 3335 612 3417 fuerit,
632 3339 791 3421 exigente
811 3335 1051 3421 magnitudine
1071 3337 1120 3400 rei
1133 3357 1192 3418 per
1207 3357 1242 3398 se
1259 3341 1378 3398 contra

87 3445 207 3509 hostes

190 3553 299 3616 Artic.
324 3553 368 3618 X.
393 3553 483 3617 Item
506 3555 578 3636 ipse
611 3553 779 3616 Dominus
803 3551 1023 3616 Gubernator
1051 3551 1113 3634 bis,
1137 3552 1196 3636 qui
1229 3548 1379 3612 fideliter

88 3661 207 3724 Sacrae
229 3660 346 3745 Regni
369 3660 522 3725 Coronae
556 3663 783 3742 serviverunt,
816 3659 858 3721 de
891 3659 961 3722 illis
985 3656 1267 3738 Possessionibus,
1291 3678 1377 3741 (quae

87 3767 243 3850 deinceps
284 3767 327 3830 ad
361 3766 499 3832 Sacram
537 3767 653 3852 Regni
691 3767 861 3831 Coronam
904 3788 995 3849 pure,
1034 3766 1266 3851 legitimeque,
1304 3766 1377 3827 sine

88 3877 273 3959 cuiuspiam
296 3874 439 3939 alterius
458 3872 536 3958 jure
561 3897 620 3958 per
644 3873 818 3938 defectum
842 3876 990 3956 seminia
1014 3876 1098 3936 item
1123 3879 1262 3955 propter
1287 3871 1378 3936 dela-

88 3985 212 4046 tionem
235 3981 407 4046 falsarum
425 3982 630 4064 Literarum,
659 3989 798 4064 propter
831 3984 1004 4044 cusionem
1038 3979 1202 4044 falsarum
1227 3987 1378 4042 moneta-

87 4111 161 4154 rum
183 4099 217 4153 at
241 4087 503 4154 fabricationem
527 4088 606 4152 falsi
630 4089 754 4174 Sigilli,
783 4111 845 4152 nec
877 4111 946 4152 non
980 4097 1119 4172 propter
1142 4087 1378 4152 inductionem

87 4205 264 4260 extraneae
303 4196 484 4262 Potentiae
522 4199 559 4262 in
597 4196 661 4260 hoc
699 4197 869 4281 Regnum,
908 4219 947 4259 ac
981 4198 1184 4279 positionem
1218 4196 1308 4278 ignis
1341 4195 1377 4258 in

87 4304 211 4374 ecdem,
234 4303 366 4369 fuerint
382 4305 574 4386 devolutae,
590 4306 627 4367 in
643 4305 767 4389 quibus
784 4305 915 4368 scilicet
940 4301 1207 4387 possessionibus
1231 4303 1378 4385 triginta

86 4410 171 4475 duae
193 4413 375 4496 Sessiones,
399 4433 468 4476 non
492 4412 606 4496 plures
630 4412 770 4493 fuerint,
798 4412 855 4476 vel
878 4411 954 4476 fieri
977 4412 1130 4494 poterint
1153 4417 1188 4474 et
1212 4411 1317 4473 etiam
1341 4410 1378 4470 in

84 4517 206 4601 quibus
229 4517 323 4584 infra
346 4519 493 4584 eundem
522 4539 701 4582 numerum
735 4521 882 4602 triginta
915 4519 1060 4582 duarum
1085 4517 1281 4581 Sessionum
1305 4513 1377 4578 fue-

83 4625 155 4688 rint
176 4625 232 4690 vel
256 4624 332 4689 fieri
357 4628 517 4708 poterint,
542 4625 652 4688 facere
677 4625 792 4688 valeat
809 4627 1019 4688 donationes.
1045 4625 1083 4686 Si
1098 4643 1180 4687 vero
1197 4622 1377 4702 Civitates,
