3154 5202
195 264 266 329 424

198 460 337 544 nobiles,
362 485 465 547 qnam
487 463 672 548 Ignobiles,
696 466 785 528 sicut
809 467 878 528 iam
901 467 1035 548 saepius
1059 467 1286 529 constitutum
1311 471 1377 542 est,
1404 463 1499 547 quod

196 568 328 633 scilieet
350 573 583 656 unusquisque
607 569 782 634 Nobilium
817 577 976 635 teneatur
1006 570 1132 635 hebere
1163 571 1306 656 galeam,
1341 570 1502 636 loricam.

196 675 339 759 hastam,
364 675 537 760 frameam,
561 677 720 760 elypeum
742 685 778 740 et
800 699 927 762 equum
950 677 1038 742 bono
1062 678 1171 743 mode.

306 785 356 848 12.
395 785 493 849 Item.
533 785 756 868 Pauperiores
794 785 957 850 videlicet
995 788 1097 850 unius
1136 788 1296 851 sessionis
1335 793 1500 848 aratrum

197 893 373 974 proprium
394 891 561 956 habentes
584 898 767 956 teneantur
783 911 985 978 consurgere
1001 897 1133 979 equites
1152 893 1321 978 clypeum,
1344 891 1499 958 fremem

196 1004 232 1062 et
254 998 390 1063 hastam
413 999 587 1081 habentes
611 1001 640 1062 si
663 1001 723 1084 qui
746 1019 828 1063 vero
852 1002 1035 1065 servitores
1067 1009 1158 1084 sunt,
1190 1001 1263 1066 loco
1295 1003 1352 1064 sui
1386 1000 1500 1064 alium

196 1105 297 1170 modo
321 1106 426 1170 simili
449 1110 553 1171 armis
571 1107 703 1171 bellicis
720 1115 870 1172 statuere
887 1115 1077 1174 teneantur.
1093 1108 1167 1174 Alii
1183 1109 1296 1174 adhuc
1313 1111 1499 1192 pauperio-

197 1233 250 1276 res
273 1219 427 1278 aratrum
445 1235 519 1278 ¹non
541 1214 707 1278 habentes
730 1236 840 1299 neque
863 1237 976 1300 equos,
1009 1218 1190 1302 insurgant
1213 1217 1391 1300 pedestres
1418 1237 1498 1280 cum

196 1317 314 1401 hastis,
338 1319 476 1404 clypeis,
500 1326 535 1384 et
558 1320 742 1404 securibus
766 1320 823 1386 vel
845 1343 935 1404 arcu,
959 1329 1020 1388 aut
1043 1324 1181 1408 sagittis
1205 1323 1293 1388 bono
1317 1324 1435 1388 modo.

306 1426 357 1489 13.
380 1426 479 1490 Item.
499 1425 620 1490 Coloni
636 1448 696 1490 sex
713 1426 817 1491 boum
830 1426 981 1492 habeant
997 1427 1171 1513 frameam,
1187 1430 1356 1515 clypeum,
1372 1452 1498 1494 arcum
1561 1441 1562 1458 ¹

196 1536 342 1618 sagittas
365 1541 400 1598 et
423 1535 586 1614 securim;
614 1541 768 1596 aratrum
791 1555 872 1598 vero
896 1555 964 1598 non
987 1534 1153 1600 habentes
1176 1560 1235 1602 sex
1258 1538 1364 1603 boum
1388 1537 1497 1602 habe-

196 1647 257 1705 ant
281 1641 449 1725 elypeum,
472 1641 629 1724 cuspides
652 1649 687 1706 et
710 1643 856 1706 securim
879 1643 952 1706 sive
975 1641 1119 1707 hastam.

306 1750 356 1813 14.
380 1749 479 1814 Item.
503 1749 601 1827 Quod
625 1748 699 1813 loca
722 1749 945 1814 Camerarum
968 1757 1108 1815 teneant
1133 1773 1239 1816 unum
1263 1755 1300 1816 in
1322 1753 1388 1817 hoc
1415 1775 1495 1818 cum
1561 1751 1562 1826 J

196 1856 343 1940 Regno.⁶
1560 1887 1562 1984 Ι

306 1965 356 2028 15.
380 1965 478 2030 Item.
501 1966 600 2043 Quod
624 1968 831 2031 universitas
865 1967 1142 2050 Praepositorum
1174 1966 1322 2031 debeant
1356 1989 1497 2033 conser—
1561 1987 1562 2002 ³

197 2093 277 2136 vare
317 2072 482 2138 ducentos
520 2075 592 2138 sive
631 2075 773 2158 equites
811 2075 884 2138 sive
918 2073 1058 2157 pedites,
1091 2075 1287 2158 requiratur
1320 2072 1496 2138 Dominus

196 2177 516 2244 Reverendissimus
539 2187 579 2244 ut
602 2180 785 2264 compellet
807 2201 873 2245 eos.

306 2286 356 2350 16.
379 2287 478 2352 Item.
503 2287 627 2352 Omnes
652 2287 855 2352 Scholastici
877 2308 971 2351 arma
1000 2283 1089 2350 ferre
1118 2285 1273 2351 valentes
1304 2295 1497 2353 teneantur

197 2392 261 2456 sub
284 2394 403 2458 eadem
426 2417 533 2478 poena
549 2397 672 2478 capitis
688 2415 891 2483 consurgere
907 2399 943 2457 et
960 2391 1151 2458 defensioni
1167 2395 1281 2480 Regni
1298 2397 1496 2460 interessse.

305 2501 355 2566 17.
378 2501 477 2566 Item.
501 2501 680 2566 Scribatur
702 2502 850 2566 Domino
873 2501 1043 2585 Episcopo
1075 2502 1356 2567 transilvaniensi
1389 2523 1498 2584 super

197 2627 361 2672 consensu
386 2608 681 2673 Scholastioorum.

307 2717 357 2781 18.
379 2717 478 2781 Item.
502 2717 617 2782 Oeteri
640 2715 761 2781 Coloni
785 2737 901 2780 omnes
924 2717 1076 2801 quinon
1099 2721 1345 2799 consurgerent
1369 2723 1407 2779 et
1424 2737 1496 2780 non

197 2825 356 2888 venirent
382 2825 427 2888 ad
450 2825 657 2891 levationem
681 2823 883 2888 officialium
906 2823 1046 2887 Domini
1061 2822 1344 2887 Locumtenentis
1360 2831 1495 2888 extunc

195 2930 353 2995 Oiroator
384 2931 526 2996 Domim
558 2931 839 2995 Locumtenentis
872 2929 1059 3012 suspendat
1091 2929 1197 2993 talem
1229 2937 1265 2993 et
1303 2951 1357 2993 res
1398 2929 1495 3012 apud

197 3059 275 3101 eum
307 3039 531 3121 reperiendae,
564 3046 636 3102 tam
668 3037 799 3101 scilicet
831 3058 958 3122 equum
990 3057 1093 3122 quam
1120 3043 1242 3118 vestes,
1266 3043 1303 3100 et
1326 3040 1494 3119 pecunias

196 3143 331 3209 auferre
364 3146 487 3228 valeat,
520 3168 573 3210 res
605 3153 722 3210 tamen
753 3145 856 3209 Domi
887 3146 1083 3225 existentes,
1115 3143 1256 3208 Domini
1294 3143 1495 3208 'semestres

196 3250 385 3316 obtineant.
411 3253 447 3317 Si
470 3274 552 3317 vero
577 3252 733 3318 Circator
755 3251 896 3316 Domini
918 3252 1200 3315 Locumtenentis
1217 3250 1322 3315 talem
1337 3253 1493 3334 reperIre

198 3381 266 3422 non
289 3365 402 3443 posset
426 3362 461 3422 in
484 3359 604 3423 eodem
627 3380 793 3442 processo,
817 3365 944 3422 extunc
968 3379 1027 3440 per
1049 3355 1145 3422 Anni
1161 3377 1294 3442 quoque
1311 3357 1494 3422 Circulum

198 3489 330 3550 semper
357 3465 483 3530 habeat
506 3473 712 3549 potestatem
734 3465 821 3530 tales
846 3465 1019 3548 puniendi,
1042 3471 1078 3529 et
1101 3463 1211 3528 Iudex
1238 3470 1342 3548 atque
1377 3464 1494 3528 Iurati

199 3593 276 3637 cum
298 3573 496 3637 Iuramento
519 3573 597 3638 illos
620 3573 801 3637 extradere
825 3571 981 3636 debeant.

307 3680 357 3743 19.
381 3680 479 3745 Item.
502 3680 545 3744 In
568 3680 713 3764 singulis
736 3680 940 3745 molendinis
964 3701 1052 3743 unus
1075 3684 1213 3743 tantum
1237 3676 1495 3743 molendinator

198 3795 343 3851 maneat.
903 3873 906 3880 ⁴

306 3895 357 3957 20.
382 3893 480 3959 Item.
504 3895 672 3958 Personae
696 3895 889 3978 decrepitae
913 3893 970 3958 vel
986 3892 1125 3977 debiles,
1141 3892 1198 3958 vel
1213 3892 1297 3957 adeo
1315 3893 1493 3975 Pauperes

198 4006 238 4065 ut
270 3999 444 4064 ambulare
477 4022 546 4066 non
577 4000 741 4082 valerent,
774 4000 827 4065 illi
860 3999 962 4065 Domi
994 4021 1131 4064 manere
1163 4005 1314 4082 possunt,
1345 4005 1383 4064 et
1423 4019 1493 4062 non

198 4107 447 4191 impedientur;
480 4109 539 4172 sed
572 4109 601 4171 si
634 4107 827 4192 decrepitus
859 4106 1020 4172 habuerit
1052 4106 1289 4189 substantiam,
1322 4105 1397 4170 loco
1438 4109 1491 4170 sui

198 4213 304 4278 alium
328 4217 520 4298 appretiare
544 4214 646 4279 debet
670 4221 705 4278 et
728 4221 873 4278 tenetur.

307 4462 362 4514 “A
382 4460 573 4531 legkIvtlo'bb
595 4461 730 4515 kamarai
755 4460 930 4514 uradalmak
962 4477 979 4514 a
1010 4459 1148 4530 fogarasi,
1176 4457 1331 4530 gorgdnyi
1362 4475 1491 4514 11111101-

199 4549 307 4618 ujvlari,
326 4547 423 4617 devai,
443 4549 544 4620 lippai,
562 4550 651 4620 jandi,
671 4549 861 4604 karansebesi
881 4548 912 4603 es
930 4567 948 4602 a
967 4549 1065 4619 lugosi
1084 4548 1194 4603 voltalr.
