3160 5212
234 344 300 410 372

234 543 438 608 diversitate
462 543 554 604 inter
585 562 620 603 se
644 539 762 604 differt
786 545 821 602 et
838 541 1010 604 variatur:
1033 538 1228 604 Civitatum
1261 539 1378 623 itaque
1411 537 1537 604 libera-
1574 599 1575 616 ,

235 671 311 714 rum
335 649 421 714 aliae
446 647 592 712 subsunt
611 647 842 711 iurisdictioni
859 646 1045 729 personalis
1062 647 1273 729 praesentiae
1290 647 1405 729 regiae
1429 648 1535 709 maie·
1574 635 1575 690 l

235 758 345 839 statie,
368 764 408 820 ut
430 753 522 820 Alba
546 755 697 840 Regalis,
730 755 945 840 strigonium
969 763 1004 819 et
1027 754 1242 835 Leuchovia;
1266 753 1353 817 aliae
1378 775 1461 818 vero
1491 777 1534 818 ex

235 865 378 949 antiqua
402 865 500 948 regni
533 863 788 944 consuetudine,
821 862 1051 926 iurisdictioni
1085 863 1244 946 magistri
1277 864 1534 925 tavernicorum

235 971 413 1055 regalium,
445 972 549 1034 sicuti
582 971 691 1050 Buda,
723 969 839 1052 Pesth,
872 971 1066 1052 Posonium,
1098 968 1283 1052 rymavia,
1317 969 1536 1052 Sopronium.

236 1076 359 1142 Bartfa
382 1085 418 1140 et
442 1077 592 1158 Eperies.

344 1237 412 1302 Tit.
436 1237 500 1300 IX.
526 1233 629 1318 Quod
653 1234 744 1300 cives
763 1233 959 1301 liberorum
985 1233 1169 1300 civitatum
1196 1231 1231 1299 in
1255 1252 1380 1299 eorum
1401 1231 1535 1299 homu-

235 1341 304 1430 91'1'8
329 1340 509 1408 nobilibus
543 1341 837 1430 aequiparantur.
867 1343 1019 1420 Qirarum
1052 1342 1191 1428 quidem
1224 1344 1409 1406 civitatum
1442 1345 1536 1406 cives

236 1460 270 1516 et
295 1451 545 1516 inhabitatores
568 1453 605 1514 in
629 1472 745 1514 eorum
769 1451 939 1535 homagiis
968 1448 1141 1513 nobilibus
1164 1452 1262 1534 regni
1292 1450 1395 1513 huius
1419 1453 1536 1533 aequi·

239 1563 427 1642 paranturi
451 1561 488 1623 in
511 1559 588 1622 aliis
612 1565 729 1622 tamen
753 1556 974 1622 libertatibus
998 1555 1171 1621 nobilibus
1195 1558 1390 1643 inaequales
1406 1556 1535 1622 haben-

237 1679 302 1750 tur,
327 1675 503 1730 eteorum
527 1665 719 1750 privilegiis
743 1687 812 1729 non
839 1673 994 1728 utuntur.

345 1773 434 1837 Nam
458 1781 493 1836 et
517 1775 715 1838 testimonia
739 1776 890 1858 ipsorum
911 1776 1039 1838 civium
1064 1781 1160 1837 extra
1185 1795 1302 1837 eorum
1322 1776 1484 1837 civitates
1500 1784 1535 1837 et

238 1883 411 1945 territoria
438 1904 539 1964 penes
563 1880 696 1945 nobiles
721 1903 790 1944 non
821 1889 1061 1964 acceptantur;
1094 1902 1203 1965 neque
1237 1901 1297 1963 pro
1330 1881 1535 1944 damnorum

236 1996 296 2052 aut
329 1986 525 2052 debitorum
554 1991 820 2070 recuperatione,
853 1995 950 2052 extra
983 1990 1160 2052 civitatem
1195 1987 1409 2070 singillatim,
1444 1988 1534 2052 ultra

237 2117 343 2158 unum
367 2094 534 2158 florenum
554 2097 666 2158 iurare
685 2097 941 2178 permittuntur.

344 2251 397 2318 De
423 2252 653 2335 villanorum,
670 2275 757 2341 quos
769 2253 1018 2341 jobbcpyones
1044 2273 1296 2341 nuncupamus
1316 2253 1536 2321 conditioni-

238 2361 303 2428 bus
338 2367 370 2428 ct
401 2361 546 2448 lapibus
585 2361 650 2428 Tu.
685 2361 791 2430 XXV.
824 2364 995 2444 Ceterum,
1028 2363 1147 2430 habita
1178 2361 1309 2446 jurium
1349 2367 1536 2430 civitatum

237 2471 422 2536 liberarum
439 2494 477 2534 ac
498 2471 706 2536 defensionis
725 2480 760 2536 et
784 2473 982 2536 offensionis
996 2471 1234 2550 declaratione,
1247 2469 1319 2552 jam
1336 2471 1378 2534 de
1394 2472 1538 2537 villanis

238 2579 335 2662 (quos
358 2577 603 2663 Jobbagyones
627 2579 877 2662 nuncupamus)
901 2579 1120 2643 tractandum
1149 2587 1209 2642 est.

345 2685 497 2761 Quonim
530 2687 712 2769 multiplex
752 2695 804 2750 est
843 2686 1003 2750 conditi0.
1036 2687 1126 2750 Nam
1157 2686 1218 2750 alii
1251 2695 1331 2750 sunt
1365 2687 1539 2772 Hungari,

237 2791 297 2853 alii
321 2791 471 2855 Saxones
495 2799 529 2855 et
554 2792 727 2870 Germani,
750 2792 811 2856 alii
835 2791 979 2856 Bohemi
1003 2801 1038 2854 et
1063 2791 1187 2874 Sclavi,
1210 2792 1429 2858 Christianae
1455 2794 1538 2858 fidei

238 2897 452 2980 professores
484 2899 665 2963 Praeterea
698 2899 840 2984 quidam
864 2907 944 2962 sunt
978 2898 1121 2964 Valachi
1145 2907 1180 2962 et
1203 2899 1369 2978 Rutheni,
1393 2902 1539 2985 quidam

237 3013 353 3068 autem
385 3007 548 3070 Rasciani
581 3009 653 3070 sive
678 3007 836 3070 Serviani
868 3017 902 3068 et
936 3005 1088 3088 Bulgari,
1112 3005 1321 3072 Graecorum
1354 3017 1541 3093 sequentes

237 3133 376 3176 errores,
401 3113 489 3176 Sunt
516 3115 656 3196 insuper
679 3113 885 3176 Philistaei⁸
917 3120 952 3174 et
985 3112 1131 3177 Cumani
1165 3116 1202 3177 in
1235 3117 1336 3178 terris
1360 3115 1541 3199 regalibus

237 3221 426 3285 residentes
463 3229 498 3284 et
532 3220 739 3288 habitantes.
773 3220 1005 3283 Christianam
1039 3222 1167 3302 pariter
1199 3222 1401 3307 religionem
1437 3223 1541 3307 profi-

237 3339 359 3393 tentes
392 3330 634 3393 Ruthenorum
664 3351 745 3394 vero
778 3337 812 3391 et
836 3327 1075 3412 Bulgarorum,
1099 3327 1159 3391 alii
1192 3335 1327 3392 nostrae
1361 3329 1452 3410 fidei,
1478 3331 1540 3396 alii

237 3447 353 3500 autem
378 3437 587 3500 Graecorum
611 3439 718 3500 errori
742 3442 823 3499 sunt
847 3435 1079 3498 adhaerentes.

346 3545 392 3607 Et
431 3546 589 3628 quamvis
627 3565 743 3607 omnes
790 3545 876 3607 istae
925 3544 1080 3605 nationes
1123 3543 1285 3626 (demptis
1327 3543 1540 3614 Philistaeis.

238 3653 407 3732 Comanis.
431 3651 605 3714 Ruthenis
629 3661 663 3714 et
688 3651 849 3734 Bulgaris
873 3647 1069 3732 regalibus),
1102 3649 1166 3712 hac
1197 3649 1370 3714 libertatis
1403 3674 1542 3734 praero-

237 3760 356 3842 gativa
380 3757 545 3822 hactenus
568 3761 680 3843 gavisi
714 3757 852 3822 fuerint.
886 3765 925 3819 ut
949 3757 1031 3818 (lum
1055 3765 1090 3818 et
1114 3757 1385 3842 ‹prandocunqua
1410 3759 1541 3824 voluis-

237 3877 324 3948 sent,
358 3865 498 3928 deloco
530 3866 734 3930 residentiae
767 3867 918 3948 ipsorum
950 3864 992 3926 ad
1017 3864 1083 3927 alia
1112 3864 1184 3928 loca
1209 3885 1295 3949 quae
1326 3867 1543 3948 maluissent,

233 3970 329 4054 justo
362 3974 512 4056 terragio
536 3973 700 4056 deposito,
724 3972 917 4056 debitisque
950 3993 1066 4035 eorum
1092 3972 1281 4054 persolutis
1300 3971 1446 4037 liberam
1467 3997 1541 4038 sese

237 4087 429 4144 moraturos
462 4078 660 4142 conferendi
699 4077 900 4144 habuissent
932 4075 1143 4159 facultatem,
1184 4077 1382 4142 huiusmodi
1421 4091 1542 4146 tamen

238 4189 389 4268 ipsorum
413 4183 610 4249 libertatem
643 4186 815 4266 superiore
839 4183 903 4248 hac
930 4190 1069 4249 aestate.
1102 4191 1242 4266 propter
1273 4186 1482 4252 seditionem
1505 4197 1543 4253 et

348 4361 403 4412 *A
424 4359 511 4428 l'dpap
531 4357 561 4410 es
579 4357 727 4411 zlrszldsdr
755 4358 955 4428 homagiuma.
982 4355 1097 4426 verdija
1126 4358 1178 4410 100
1204 4357 1309 4412 marka
1327 4385 1358 4406 =
1374 4362 1430 4414 400
1449 4363 1503 4431 srt,
1524 4381 1543 4416 a

238 4447 356 4501 nemese
370 4449 405 4500 50
418 4449 530 4500 marka.
550 4449 577 4500 A
592 4449 711 4500 szlavon
731 4465 833 4502 nemas
852 4446 968 4516 ve'rdija
989 4446 1121 4500 azonban
1142 4447 1212 4500 csak
1227 4449 1279 4502 100
1291 4449 1342 4516 frt,
1356 4467 1390 4504 az
1404 4451 1544 4523 erdelyia

239 4538 308 4589 csak
327 4539 362 4590 00
381 4537 431 4590 srt.

347 4625 495 4681 1Jaszok.
