3144 5218
228 349 294 414 566

227 547 364 612 eosdem
387 549 550 629 ipsosmet
573 543 759 626 trucidant,
777 541 834 606 vel
851 545 887 608 in
902 545 1143 628 captivitatem
1158 543 1290 607 ducunt
1306 561 1384 605 curn
1400 539 1523 624 majori

227 655 340 720 adhuc
363 651 502 717 defectu
528 650 771 716 Confiniorum.
794 651 943 736 Propter
964 651 1054 715 hanc
1076 653 1219 715 nimiam
1242 649 1465 714 insolentiam
1484 647 1523 712 fit

228 765 333 827 etiam
356 762 561 844 saepissime,
575 765 616 823 ut
632 757 873 823 deficientibus
896 757 1125 841 Confiniariis,
1140 779 1258 822 eorum
1273 756 1387 822 locum
1405 756 1524 820 Domi-

228 890 360 950 norum,
376 875 411 932 et
426 865 607 932 Nobilium
630 866 771 950 subditi,
794 866 1106 952 plerumquetales,
1129 869 1190 951 qui
1204 865 1261 930 vel
1278 885 1356 930 oum
1374 863 1525 928 dominis

229 979 300 1040 suis
323 973 545 1039 terrestribus
572 974 672 1038 litem
694 972 833 1056 habent,
855 973 912 1038 vel
936 981 977 1038 ut
999 995 1143 1058 poenam
1166 979 1305 1056 propter
1328 971 1439 1035 scelus
1463 969 1523 1034 ali-

228 1083 319 1167 quod
344 1081 567 1166 infligendam
590 1083 734 1164 evitent,
757 1080 926 1164 supplent,
950 1081 1009 1145 sed
1034 1081 1076 1145 de
1098 1080 1163 1145 hoc
1185 1078 1279 1144 alibi.

337 1189 380 1254 In
394 1189 693 1253 administratione
716 1191 822 1252 etiam
845 1190 1025 1252 annonarii
1048 1194 1235 1270 proventus
1258 1189 1418 1272 ingentes
1443 1187 1524 1248 irre-

230 1303 374 1380 pserunt
406 1295 542 1379 abusus,
565 1303 600 1360 et
623 1293 849 1360 confusiones.
880 1287 983 1361 Nam
1002 1303 1075 1360 tam
1107 1294 1217 1360 fertili
1242 1294 1307 1359 hoc
1329 1293 1401 1358 solo
1425 1292 1524 1356 Hun-

228 1406 354 1487 gariae,
377 1402 439 1467 ubi
462 1403 606 1467 dimidio
637 1405 757 1486 preti0,
787 1423 891 1487 quam
914 1402 1008 1486 alibi,
1032 1401 1122 1466 forte
1144 1401 1310 1466 victualia
1334 1401 1525 1494 comparari

230 1517 376 1593 possent,
408 1509 575 1595 neglect0,
608 1507 821 1574 frumentum
844 1516 879 1574 et
901 1512 1024 1574 vinum
1055 1531 1097 1574 ex
1121 1507 1264 1574 Austris
1287 1508 1386 1593 plane
1419 1510 1525 1570 etiam

229 1623 265 1681 et
289 1617 446 1700 partibus
473 1616 702 1682 Linzensibus
734 1639 794 1700 per
826 1616 1025 1681 Danubium
1057 1617 1101 1682 ad
1133 1615 1291 1681 Confinia
1322 1616 1525 1701 Hungarica

229 1724 469 1808 demittantur,
502 1747 579 1790 curn
611 1723 855 1789 nonnullorum
887 1724 1010 1789 saltem
1041 1727 1255 1808 privatorum
1277 1723 1381 1806 lucro,
1405 1744 1425 1785 e
1450 1742 1527 1785 con-

228 1853 328 1897 verso
352 1853 431 1897 cum
458 1836 594 1920 ingenti
618 1833 700 1898 boni
725 1830 863 1916 publici,
886 1854 926 1897 ao
949 1832 1038 1898 Suae
1061 1831 1107 1897 M.
1131 1831 1264 1912 damno,
1289 1829 1351 1894 ubi
1373 1829 1432 1894 vel
1456 1829 1528 1892 sola

228 1945 380 2023 vectura,
404 1962 518 2023 naves,
542 1947 578 2004 et
600 1947 735 2021 nautas,
758 1959 798 2002 ao
820 1941 1059 2021 instrumenta,
1090 1943 1211 2021 utpote
1234 1955 1316 2000 vasa
1338 1943 1374 2000 et
1398 1936 1528 2000 similia

230 2068 291 2130 pro
315 2050 416 2111 istius
439 2067 594 2112 annonae
625 2047 826 2111 devectione
850 2045 1079 2128 accomodata,
1103 2044 1210 2129 pluris
1234 2065 1332 2128 saepe
1357 2050 1530 2126 constant,

228 2174 332 2238 qnam
357 2174 411 2217 res
442 2175 528 2238 quae
553 2152 779 2236 devehuntur,
802 2153 859 2219 vel
883 2175 1000 2218 earum
1024 2155 1182 2238 pretium.
1212 2151 1255 2216 In
1274 2151 1530 2216 munitionibus

229 2264 335 2324 etiam
367 2263 548 2344 patiuntur
578 2259 735 2326 confinia
766 2260 956 2346 hungarica
988 2281 1137 2324 summas
1170 2259 1415 2340 difficultates;
1450 2280 1529 2322 cum

229 2371 322 2432 enim
346 2371 383 2432 in
405 2368 529 2454 Regno
552 2389 618 2451 aes,
639 2389 794 2452 cuprum,
818 2367 957 2453 ferrum,
980 2368 1030 2433 sal
1054 2370 1148 2450 nitri,
1172 2367 1317 2451 sulphur
1339 2373 1373 2430 et
1397 2366 1528 2430 similia

228 2479 419 2540 necessaria
451 2474 588 2569 abunde
620 2478 704 2539 satis
736 2475 937 2558 habeantur,
970 2479 1019 2540 ita
1042 2482 1082 2539 ut
1105 2475 1194 2540 bona
1225 2476 1420 2558 provisione
1445 2495 1531 2538 non-

229 2583 330 2648 modo
353 2582 617 2648 necessitatibus
640 2583 756 2669 Regni
779 2586 880 2648 istius
897 2605 937 2648 ao
953 2582 1120 2647 Confiniis
1143 2584 1303 2665 succurri,
1327 2582 1386 2646 sed
1410 2585 1529 2646 vicine

229 2693 334 2754 etiam
359 2712 466 2775 regna
489 2697 524 2754 et
548 2693 744 2774 provinciae
768 2693 811 2754 iis
830 2688 948 2774 juvari
980 2696 1135 2773 possent:
1162 2696 1318 2753 attamen
1339 2687 1448 2772 triplo
1472 2688 1528 2752 vel

228 2796 421 2881 quadruplo
454 2799 565 2882 pretio
596 2797 681 2862 haec
712 2797 798 2862 alibi
829 2801 866 2862 in
897 2799 1025 2861 exteris
1059 2799 1245 2880 provinciis
1283 2801 1531 2879 comparantur

230 2926 421 2990 magnoque
444 2912 561 2969 sumtu
585 2907 622 2969 in
644 2903 709 2969 hoc
732 2926 877 2990 regnum
902 2905 1123 2969 inducuntur.

336 3014 483 3096 Propter
505 3011 567 3077 hos
590 3015 681 3096 ipsos
704 3011 940 3077 Confiniorum
963 3011 1120 3076 defectus
1136 3061 1263 3079 ......
1286 3011 1410 3076 saltem
1435 3010 1529 3076 infra

229 3119 480 3184 revolutionem
503 3141 689 3203 paucorum
712 3140 888 3202 annorum,
917 3126 994 3202 post
1027 3126 1201 3202 praetacta
1232 3121 1338 3182 etiam
1370 3125 1529 3202 tempora

229 3228 485 3311 disturbiorum,
508 3227 642 3313 aliquot
667 3227 775 3292 millia
791 3230 984 3292 animarum
999 3248 1095 3310 posse
1111 3229 1294 3308 numerari,
1309 3247 1397 3310 quae
1413 3225 1528 3290 diver-

229 3339 275 3400 sis
307 3335 443 3400 vioibus
465 3359 508 3399 ex
531 3357 637 3421 regno
669 3357 730 3418 per
752 3335 881 3399 'Purcas
904 3337 941 3399 in
964 3335 1205 3418 captivitatem
1232 3332 1402 3397 abductae
1436 3343 1528 3413 sunt,

229 3451 301 3508 tam
324 3467 366 3508 ex
391 3443 618 3527 ConfiniariiS,
642 3463 746 3527 quam
769 3442 951 3507 nobilitate
974 3464 1014 3506 00
1032 3444 1138 3504 etiam
1161 3443 1285 3504 misera
1310 3439 1417 3523 plebe.
1434 3439 1527 3518 Quot

229 3555 367 3615 centeni
405 3551 462 3616 vel
499 3550 632 3614 milleni
671 3556 847 3634 praeterea
886 3547 1016 3614 occisi?
1054 3548 1140 3612 Dico
1179 3549 1330 3630 pretium
1364 3547 1407 3611 ad
1442 3547 1526 3612 haec

229 3659 485 3741 redemptorum
513 3659 729 3741 captivorum
761 3678 802 3720 ex
836 3655 981 3720 Turcica
1014 3657 1218 3738 captivitate
1250 3657 1343 3718 intra
1374 3658 1524 3738 spatium

229 3772 377 3850 quatuor
399 3763 455 3829 vel
479 3767 630 3849 quinque
654 3763 698 3828 ad
722 3784 893 3827 summum
909 3785 1085 3845 annorum,
1102 3785 1145 3826 ex
1161 3760 1263 3825 bursa
1279 3761 1525 3847 Hungarorum

229 3872 382 3936 solutum
407 3879 442 3936 et
466 3875 690 3957 importatum
713 3880 765 3936 est
782 3871 903 3936 Turcis
919 3874 1056 3936 circiter
1071 3870 1127 3935 vel
1143 3870 1236 3934 ultra
1252 3869 1400 3934 ducenta
1416 3869 1525 3934 millia

228 3980 442 4062 florenorum,
465 3987 505 4043 00
528 3979 750 4044 observatum
773 3987 833 4042 est.

337 4086 408 4151 Ubi
430 4089 570 4169 insuper
600 4084 758 4150 infinitus
789 4088 888 4171 quasi
911 4105 1073 4149 numerus
1102 4084 1271 4168 pecudum
1294 4090 1330 4147 et
1354 4104 1522 4166 pecorum,

228 4216 315 4279 quae
330 4192 452 4258 abacta
467 4190 571 4257 sunt?
589 4191 645 4256 Ad
665 4193 871 4276 supplendos
888 4189 1059 4275 praefatos
1076 4189 1232 4255 defectus
1248 4191 1419 4254 dictorum
1437 4190 1524 4254 000-

228 4302 389 4366 finiorurn
411 4301 553 4365 Domini
574 4300 784 4386 ngnicolae
807 4301 942 4386 magnis
959 4297 1153 4382 sumptibus
1169 4303 1204 4361 00
1221 4299 1378 4380 expensis
1398 4317 1524 4382 cogun-

228 4419 287 4474 tur
311 4409 459 4474 militem
483 4409 690 4473 conductum
714 4412 751 4472 in
774 4408 897 4472 iisdem
921 4405 1088 4471 Oonfiniis
1112 4427 1210 4489 saepe
1239 4407 1457 4487 intertenere,
1480 4403 1522 4466 ad

228 4517 392 4582 arcendas
411 4517 543 4581 scilicet
564 4522 755 4600 praetactas
778 4514 989 4578 hostilitates
1013 4513 1184 4596 Turcicas,
1208 4511 1525 4594 conservandosque

230 4647 264 4688 se
291 4628 383 4708 ipsos
406 4646 475 4688 una
499 4645 577 4688 cum
601 4625 685 4706 ipsis
709 4621 892 4687 Confiniis:
916 4621 1005 4706 qnod
1032 4641 1167 4684 necesse
1191 4623 1313 4704 utique
1340 4639 1410 4682 non
1436 4625 1523 4681 esset
