3124 5216
213 293 279 358 728

318 487 368 553 At
391 510 481 573 vere,
505 511 583 553 cum
607 495 724 573 postea
756 489 798 554 de
832 487 983 554 uberiori
1015 487 1274 554 Reforrnatione
1303 489 1495 556 Studiorum

211 599 448 683 cogitaremus,
472 604 575 682 atque
599 605 732 662 certum
750 599 963 662 educationis
980 601 1047 662 toti
1067 599 1070 678 1
1093 619 1200 684 usque
1223 600 1291 664 Rei
1313 598 1497 664 Literariae

211 705 369 790 Systema
408 727 468 790 pro
508 705 671 788 percharo
703 707 825 792 Regno
856 713 975 770 nostro
1007 706 1217 792 Hungariae,
1251 707 1498 791 provinciisque

210 813 353 877 adnexis
377 813 546 878 elaborari
556 811 785 897 jussissemus,
801 813 956 899 illudque
972 814 1053 877 dein
1068 822 1203 880 maturo
1219 815 1362 879 consilio
1378 814 1500 878 discus

212 941 287 984 sum
302 923 509 986 auctoritate
526 942 660 1006 quoque
683 927 801 986 nostra
823 922 936 1007 Regia
959 919 1062 985 Anno
1079 921 1502 1007 1777111111111111111111110

212 1030 411 1112 cumprimis
451 1035 569 1092 autern
607 1029 650 1092 ad
689 1028 944 1094 accommodam
982 1028 1205 1094 districtuum
1246 1029 1506 1097 Literariorum..

212 1137 430 1220 ipsorumque
469 1135 716 1200 Institutorum
754 1135 970 1218 publicorum
1009 1136 1290 1202 distributionem
1329 1136 1507 1220 politicam

212 1243 433 1326 respiciendo,
458 1241 544 1306 illud
570 1243 782 1326 propositum
805 1245 919 1307 animo
947 1250 1065 1308 nostro
1093 1244 1288 1328 complexae
1313 1243 1509 1321 fuissemus

212 1371 317 1412 unam
340 1355 477 1412 tantum
501 1351 537 1412 in
562 1347 724 1432 percharo
747 1355 865 1414 nostro
880 1351 1003 1436 Regno
1022 1350 1232 1436 Hungariae,
1253 1352 1510 1434 provinciisque

211 1455 363 1540 adnexiS,
402 1458 444 1521 ad
478 1459 682 1522 servandam
713 1459 781 1524 Rei
813 1459 1003 1524 Literariae
1036 1459 1320 1544 uniformitatem,
1354 1463 1509 1523 omnium

213 1563 442 1630 Scientiarum
476 1566 750 1632 Universitatem
783 1568 1077 1632 constitutendam
1110 1589 1190 1651 asse,
1224 1567 1308 1632 illud
1343 1571 1509 1632 continuo

213 1674 249 1735 in
272 1671 386 1736 oculos
409 1678 543 1736 nostros
567 1675 722 1756 incurrit,
745 1673 788 1738 ad
812 1674 903 1758 quod
923 1671 997 1756 jam
1020 1673 1188 1760 gloriosae
1204 1675 1388 1740 memoriae
1409 1675 1509 1738 Prae

213 1779 404 1843 decessores
436 1787 579 1862 nostros,
602 1782 717 1866 Reges
739 1781 949 1866 Hungariae,
981 1781 1241 1868 sigismundum
1263 1789 1299 1846 et
1320 1782 1508 1846 Matthiam

214 1885 404 1952 Corvinum
437 1891 633 1972 respexisse,
666 1891 822 1972 superius
853 1892 1080 1972 meminimus,
1113 1887 1312 1974 hujusmodi
1344 1889 1508 1954 videlicet

213 1993 443 2058 Scientiarum
467 1995 741 2060 Universitatem
764 1998 801 2060 in
823 1999 986 2080 quopiam
1008 1997 1124 2082 Regni
1142 1997 1269 2082 angulo
1288 1998 1405 2060 minus
1421 2017 1509 2060 oom-

213 2101 312 2165 mode
335 2104 466 2185 situari,
490 2103 549 2166 sed
574 2105 688 2186 potius
713 2105 750 2166 in
772 2103 957 2185 Metropoli
994 2103 997 2182 1
1032 2103 1139 2189 regni,
1167 2102 1292 2168 Libera
1321 2111 1445 2188 utpote
1472 2126 1509 2166 ac

212 2209 324 2293 Regia
354 2207 507 2274 Civitate
536 2217 652 2274 nostra
685 2209 847 2293 Budensi,
879 2211 923 2274 ad
955 2209 1083 2276 flumen
1115 2209 1268 2274 Danubii
1290 2217 1326 2275 et
1349 2215 1451 2294 quasi
1475 2216 1509 2276 in

213 2315 407 2380 meditullio
431 2318 547 2402 Regni
570 2321 646 2398 sita,
670 2317 829 2382 collocari
852 2325 1026 2402 oportere,
1049 2319 1147 2396 Quod
1169 2321 1381 2402 propositum
1400 2317 1510 2382 Nobis

213 2445 252 2488 eo
275 2427 386 2509 magis
410 2425 627 2508 probabatur,
651 2426 742 2509 quod
766 2429 802 2490 in
826 2428 909 2509 ipsis
933 2424 1231 2491 fundationalibus
1254 2426 1365 2490 literis
1390 2424 1512 2489 Cardi-

213 2531 302 2594 nalis
331 2530 504 2616 szmany
528 2532 790 2615 aFerdinando
814 2532 858 2597 H.
882 2531 1093 2616 Imperatore
1117 2539 1152 2597 et
1175 2533 1273 2619 Rege
1298 2533 1511 2618 Hungariae,

213 2640 311 2702 iuxta
336 2662 383 2722 ea,
408 2661 494 2724 quae
523 2661 625 2722 supra
658 2640 750 2704 dicta
784 2646 874 2722 sunt,
907 2639 1126 2723 confirmatis,
1160 2643 1252 2704 inter
1284 2646 1397 2703 cetera
1431 2661 1512 2703 eum

213 2744 473 2832 Peragraphum
496 2747 690 2832 legerimus,
714 2748 804 2831 quod
838 2751 868 2811 si
900 2769 1057 2811 successu
1081 2750 1244 2831 temporis
1268 2746 1341 2810 Deo
1364 2747 1512 2832 Hungu-

214 2856 301 2917 riam
323 2875 343 2917 a
367 2853 510 2919 Turoico
535 2859 615 2940 iugo
648 2855 817 2920 liberante
850 2858 1074 2938 opportunior
1102 2855 1217 2940 aliqua
1240 2853 1323 2919 urbs
1351 2869 1512 2918 occurrat

215 2983 275 3044 pro
314 2961 560 3045 Universitate,
601 2961 748 3026 liberum
786 2965 831 3026 sit
870 2960 1025 3046 ejusdem
1057 2963 1298 3028 fundationem
1328 2984 1398 3026 una
1431 2984 1512 3026 cum
1554 2977 1555 2982 ’

214 3067 451 3133 Universitate
476 3070 543 3134 alio
569 3068 773 3150 transferre,
807 3073 844 3133 in
877 3068 1174 3135 Confirmationali
1206 3091 1288 3135 vero
1320 3069 1512 3154 diplomate

214 3175 454 3240 Ferdinandeo
477 3199 634 3260 expresse
658 3183 798 3240 cautum
821 3180 876 3258 sit,
900 3183 940 3240 ut
964 3179 994 3240 si
1016 3177 1131 3262 aliquo
1166 3184 1318 3262 tempore
1350 3175 1437 3240 haec
1463 3179 1510 3241 ita

215 3280 415 3346 confirmata
439 3283 657 3348 Universitas
681 3287 717 3348 111
740 3283 847 3347 11111111
863 3284 978 3368 Regni
994 3283 1196 3370 Hungariae
1213 3283 1326 3347 locum
1344 3283 1512 3347 transfer-

214 3396 318 3472 retur,
355 3413 396 3454 ex
430 3389 599 3454 reditibus
638 3393 743 3454 etiam
782 3388 1091 3454 Thurdcziensibus
1124 3390 1211 3454 nihil
1245 3389 1322 3474 plus
1353 3390 1511 3478 Collegio

214 3497 444 3582 Tymaviensi
475 3498 699 3582 relinquatur,
738 3520 841 3583 quam
873 3499 964 3582 quod
997 3498 1109 3562 eidem
1143 3499 1362 3575 mediocriter
1397 3503 1512 3582 provi-

215 3605 326 3668 dendo
362 3603 588 3668 suffecturum
626 3611 687 3686 est,
726 3603 901 3668 residuum
939 3611 1056 3667 autem
1094 3604 1226 3668 Massae
1259 3604 1511 3669 Universitatis

215 3711 410 3776 transferam
430 3711 434 3794 1
456 3713 518 3776 dae
543 3714 728 3777 adiicietur
751 3721 814 3776 etc.
846 3712 940 3789 Quae
973 3715 1088 3776 omnia
1120 3713 1307 3777 clarissime
1341 3713 1511 3780 indicant.

215 3818 385 3902 Liberam,
408 3822 623 3906 Regiumque
648 3819 837 3884 Civitatem
863 3819 1135 3904 'Pyrnavieusem
1168 3827 1243 3884 tum
1275 3820 1417 3904 quidem
1443 3843 1512 3885 non

215 3925 282 3990 alio
306 3929 446 4011 motivo,
464 3949 568 4012 quam
585 3927 815 4010 procurandae
832 3925 1040 3990 calamitosis
1057 3926 1125 3990 illis
1142 3925 1354 4010 temporibus
1370 3929 1512 3990 maioris

216 4032 435 4099 Scholaribus
459 4038 656 4099 securitatis
680 4057 789 4118 causa,
813 4034 982 4098 delectam
1006 4032 1121 4098 fuisse.
1146 4035 1237 4112 Quas
1260 4037 1366 4098 etiam
1385 4055 1512 4118 graves

216 4141 259 4205 ob
281 4145 439 4226 rationes
473 4143 710 4227 Maiorumqua
743 4149 938 4206 nostrorum
970 4144 1200 4226 magnanimis
1232 4140 1398 4224 exemplis
1427 4143 1513 4205 inei-

216 4255 318 4331 tatae,
351 4257 525 4332 praeterea
563 4249 641 4312 aliis
677 4251 783 4311 etiam
815 4250 955 4311 motivis
987 4246 1051 4310 hoc
1084 4246 1151 4310 fine
1184 4246 1293 4311 Nobis
1326 4251 1512 4330 propositis

217 4355 385 4438 inductae,
424 4357 567 4421 eandem
606 4355 879 4421 Universitatem
918 4360 1020 4417 antea
1056 4354 1251 4439 Tyrnaviae
1284 4358 1513 4420 constitutam

327 4589 347 4615 ¹⁰
366 4580 410 4632 Aa
432 4579 462 4648 uj
487 4580 678 4651 tanulmbnyi
697 4581 868 4635 rendtartas
896 4581 1079 4636 kihirdetese
1100 4583 1169 4636 1777
1189 4600 1256 4653 aug.
1276 4577 1364 4636 22-611
1383 4581 1511 4636 1111111111.
