3138 5212
201 333 268 398 396

201 530 374 618 hucusque
406 533 538 617 habuit,
570 543 604 598 et
638 543 676 599 ut
709 535 869 620 Regnum
902 536 995 600 istud
1028 542 1184 599 nostrum
1217 535 1417 621 Hungariae
1457 544 1492 600 et

200 639 389 722 respublica
429 642 616 706 christiana
649 642 807 707 omnibus
839 643 1076 708 communibus
1108 641 1248 707 viribus,
1279 649 1313 706 et
1351 642 1493 706 auxiliis

200 745 414 831 defendatur,
446 749 564 814 licebit
593 752 658 834 ipsi
683 750 774 836 Regi
800 751 928 817 Joanni
959 752 1140 816 admonere
1165 747 1434 814 Confoederatcs
1457 756 1492 812 et

200 855 326 918 amicos
350 855 455 936 (snos)
479 857 521 920 de
545 856 608 921 hac
632 879 713 940 pace
737 865 771 921 et
795 857 1093 923 confoederatione
1116 877 1194 920 cum
1217 855 1381 920 Caesarea
1405 855 1493 919 Mate

200 972 234 1024 et
266 960 444 1027 nobiscum
468 965 564 1045 inita,
587 974 621 1028 et
645 963 778 1028 hortari
809 986 875 1048 eoa,
899 973 939 1029 ut
962 971 998 1029 et
1021 966 1087 1048 ipsi
1110 963 1198 1027 hanc
1222 960 1494 1026 confoederatio-

200 1091 278 1133 nem
309 1069 515 1134 christianae
540 1071 746 1154 reipnblicae
779 1071 1013 1136 defendendae
1046 1067 1349 1135 (111111016111111ιθ
1374 1077 1409 1132 et
1434 1091 1495 1133 no-

201 1175 331 1240 biscum
363 1178 661 1262 amplecterentur.
693 1201 771 1243 cum
804 1201 970 1244 consensu
1005 1178 1177 1264 praefatae
1206 1178 1300 1242 Caes.
1333 1173 1430 1241 Iriatis
1458 1187 1492 1242 et

200 1293 325 1347 nostro,

307 1393 337 1455 4.
360 1390 449 1456 Item
473 1393 563 1478 qnod
587 1415 605 1456 a
630 1394 731 1458 modo
765 1395 925 1478 deinceps
948 1395 1043 1459 Caes.
1072 1391 1170 1458 Maus
1193 1401 1228 1457 et
1252 1415 1313 1457 nos
1345 1395 1382 1456 in
1416 1393 1495 1457 lite-

200 1500 247 1560 ris
285 1501 411 1563 nostris
450 1507 483 1562 et
522 1487 608 1564 alios
647 1501 774 1586 ubique
813 1501 946 1565 dictum
984 1501 1112 1565 Sermum
1157 1501 1288 1586 Regem
1321 1501 1494 1565 Joannem

200 1603 342 1669 fratrem
366 1613 520 1670 nostrum
544 1615 579 1671 et
602 1608 812 1692 Huugariae,
845 1608 1048 1690 Dalmatiae,
1080 1608 1238 1672 Oroatiae
1272 1615 1334 1670 etc.
1358 1607 1494 1692 Regem

199 1713 386 1778 scribamus
409 1721 444 1777 et
467 1717 690 1797 nominemus,
714 1716 749 1779 id
774 1717 864 1800 quod
889 1719 960 1799 ipse
984 1736 1118 1800 quoque
1143 1713 1244 1778 faciet
1269 1736 1350 1798 erga
1382 1712 1494 1777 Marem

199 1819 406 1902 Caesaream,
431 1819 502 1884 Nos
525 1829 560 1884 et
584 1820 672 1886 filios
695 1829 730 1885 et
754 1822 895 1886 heredes
919 1825 1097 1905 utriusque
1121 1827 1283 1884 nostrum.

306 1928 335 1988 ἵ).
363 1925 453 1990 Item
486 1929 566 2012 quia
601 1935 751 1991 oratores
784 1923 880 1992 Sermi
914 1928 1021 2013 Regis
1053 1927 1198 1993 Joannis
1230 1926 1359 2008 dicunt,
1394 1926 1490 1991 Caes

198 2033 296 2098 Mam
330 2033 441 2097 medio
474 2033 544 2098 Dni
568 2035 609 2099 de
633 2035 860 2100 Granvellio⁴
893 2037 994 2118 primi
1020 2034 1216 2100 Consiliarii
1239 2036 1292 2097 sui
1316 2035 1383 2116 ipsi
1398 2035 1493 2121 Regi

197 2142 331 2206 Ioanne
364 2164 398 2204 se
431 2142 474 2205 ad
503 2141 568 2205 hoc
591 2141 765 2217 obtulisse,
802 2151 841 2207 ut
875 2145 904 2206 si
938 2143 1053 2207 Ser¹¹¹¹²s
1085 2143 1161 2206 Rex
1194 2141 1345 2206 Joannes
1368 2165 1410 2206 ex
1434 2143 1493 2206 dei

199 2273 337 2314 munere
361 2251 471 2315 filium
496 2251 666 2334 habuerit,
690 2275 757 2316 una
781 2275 823 2316 ex
847 2251 984 2316 filiabus
1007 2253 1134 2315 nostris
1158 2253 1190 2314 ei
1213 2249 1418 2332 desponderi
1435 2251 1493 2314 de-

199 2358 294 2422 beat:
318 2359 394 2423 ideo
419 2367 558 2443 propter
585 2362 747 2423 maiorem
772 2358 973 2424 firmitatem
996 2367 1031 2422 et
1055 2357 1282 2424 stabilitatem
1306 2359 1432 2421 amoris
1456 2367 1493 2422 et·

199 2465 455 2530 benevolentiae
484 2473 622 2530 mutuae
647 2469 739 2531 inter
763 2467 857 2531 Caes.
881 2464 993 2530 Matem
1017 2473 1051 2530 et
1075 2466 1146 2530 Nos
1168 2467 1257 2530 hanc
1280 2465 1493 2530 oblationem

198 2595 276 2637 suae
309 2574 403 2639 Caes.
436 2571 530 2639 Matis
554 2576 667 2639 dictus
691 2576 807 2640 Serme
825 2577 901 2641 Rex
927 2577 1077 2641 Joannes
1102 2573 1264 2639 benevole
1295 2577 1492 2657 acceptavit

198 2689 232 2744 et
255 2681 320 2746 hoc
343 2685 392 2746 ita
416 2683 491 2748 fieri
515 2687 703 2766 exoptavit.
728 2685 788 2764 (Et
812 2686 970 2769 quamvis
994 2684 1035 2746 de
1060 2685 1253 2766 praemissis
1277 2681 1365 2745 nihil
1390 2681 1493 2745 nobis

197 2796 339 2872 constet,
364 2799 478 2855 tamen
502 2794 604 2856 iniis
628 2814 689 2855 nos
712 2793 754 2856 ad
780 2793 874 2856 Caes.
898 2792 1009 2856 Ma⁸⁰¹¹1
1033 2791 1264 2868 remittimus.)

305 2898 333 2960 6.
357 2897 446 2962 Item
471 2899 561 2984 quod
585 2900 679 2963 Caes
704 2897 801 2963 Matas
825 2899 921 2963 illam
954 2921 1058 2985 quam
1082 2901 1153 2981 ipse
1178 2898 1247 2962 Ser.
1274 2897 1352 2963 Rex
1384 2897 1494 2962 Joan-

198 3025 256 3068 nes
280 3006 316 3068 in
339 3026 479 3070 uxorem
513 3015 547 3069 et
581 3015 772 3070 consortem
811 3009 989 3089 acceperit,
1022 3009 1059 3070 in
1091 3004 1198 3069 filiam
1230 3005 1431 3088 adoptivam
1455 3011 1493 3067 et

197 3110 285 3176 filios
308 3112 365 3176 vel
389 3111 477 3176 filias
501 3135 543 3176 ex
567 3135 606 3176 ea
631 3115 829 3194 nascituros
859 3113 1020 3176 similiter
1042 3115 1080 3176 in
1103 3111 1191 3175 filios
1215 3119 1250 3174 et
1273 3109 1362 3174 filias
1386 3111 1493 3192 adop-

197 3222 287 3283 tiras
312 3229 451 3304 propter
473 3223 637 3285 maiorem
661 3229 695 3284 et
720 3221 915 3284 solidiorem
939 3223 1031 3284 inter
1054 3217 1244 3303 praefatam
1268 3218 1362 3283 Caes
1378 3215 1492 3282 Marem

196 3335 230 3390 et
250 3349 311 3392 nos
335 3350 373 3392 ac
398 3329 525 3394 Sermum
548 3331 681 3413 Regem
701 3330 871 3394 Joannem
888 3337 1044 3394 mutuam
1058 3330 1492 3411 connectionem,accipiat.

307 3437 333 3500 7.
358 3436 457 3517 ltem,
480 3445 649 3522 quantum
671 3438 714 3502 ad
743 3438 858 3523 Regni
891 3439 1091 3522 Hungariae
1124 3444 1254 3501 statum
1277 3445 1312 3501 et
1335 3439 1408 3501 eius
1432 3439 1493 3502 ad-

196 3545 484 3608 ministrationem
508 3547 644 3624 attinet,
669 3549 717 3609 ita
742 3548 834 3610 inter
857 3567 918 3609 nos
933 3545 1132 3609 ordinatum
1156 3552 1190 3608 et
1215 3543 1412 3608 conclusum
1428 3553 1491 3626 est,

172 3659 235 3714 ut
258 3651 405 3735 quilibet
428 3659 583 3716 nostrum
608 3676 683 3718 eam
713 3663 846 3736 partem
870 3653 994 3738 Regni,
1018 3665 1053 3716 et
1078 3654 1332 3736 provinciarum
1355 3655 1388 3716 ei
1411 3652 1492 3717 sub

197 3762 370 3840 lectarum,
404 3782 506 3844 quam
539 3781 611 3824 nun
636 3761 677 3825 de
707 3760 800 3825 facto
834 3768 938 3842 tenet,
971 3760 1086 3840 libere,
1111 3783 1153 3824 ex
1177 3762 1270 3824 omni
1293 3763 1407 3846 regiae
1434 3783 1492 3844 po-

196 3869 332 3930 testatis
356 3867 571 3950 plenitudiue
595 3877 713 3934 teneat
746 3877 780 3932 et
815 3869 995 3952 possideat,
1029 3869 1092 3932 sub
1126 3869 1295 3933 limitibus
1330 3891 1389 3952 per
1412 3881 1491 3934 octo

194 3972 349 4036 homines
371 3974 579 4058 hungaricae
604 3979 763 4058 nationis,
797 3978 857 4060 qui
886 3977 991 4039 situm
1015 3983 1050 4038 et
1075 3977 1239 4040 terminos
1263 3984 1297 4039 et
1322 3975 1491 4039 conditio

195 4102 272 4144 nem
296 4083 523 4146 comitatuum
546 4085 668 4164 sciunt,
693 4104 752 4164 per
774 4090 958 4166 utrumque
976 4089 1132 4146 nostrum
1155 4081 1339 4165 eligendos,
1364 4101 1491 4164 ponen-

195 4189 256 4269 dis,
281 4187 460 4252 Sclavonia
486 4211 564 4253 cum
588 4189 726 4254 Oroatia
746 4197 781 4253 et
798 4189 972 4253 Dalmatia
989 4191 1026 4251 in
1048 4187 1207 4251 manibus
1230 4189 1365 4268 nostris
1382 4187 1491 4252 Tran-

195 4296 339 4360 silvania
371 4317 452 4360 vero
485 4296 679 4360 subditione
714 4303 950 4380 potestateque
985 4289 1081 4359 Sermi
1114 4295 1222 4379 Regis
1245 4295 1391 4360 ‚Ioannis
1416 4317 1491 4378 per-

195 4411 362 4486 manente,
386 4416 421 4468 et
445 4404 509 4468 hoc
533 4407 606 4469 vita
631 4407 737 4487 ipsius
761 4405 869 4488 Regis
892 4405 1038 4469 Ioannis
1062 4403 1217 4466 durante.
1241 4402 1244 4480 1

303 4553 313 4578 ⁴
341 4541 504 4596 Granvellc
528 4543 673 4596 Perrenot
695 4541 813 4610 Miklds,
842 4542 957 4596 eldkcld
984 4541 1244 4595 francho-comtei
1272 4539 1430 4608 csaltdbdl,
1454 4538 1489 4592 V.

194 4631 308 4702 Karoly
332 4631 447 4686 osaszar
469 4631 683 4684 allamtitkara.
