<?xml version="1.0" encoding="UTF-8"?>
<!DOCTYPE html PUBLIC "-//W3C//DTD XHTML 1.0 Transitional//EN"
    "http://www.w3.org/TR/xhtml1/DTD/xhtml1-transitional.dtd">
<html xmlns="http://www.w3.org/1999/xhtml" xml:lang="en" lang="en">
 <head>
  <title>
</title>
<meta http-equiv="Content-Type" content="text/html;charset=utf-8" />
  <meta name='ocr-system' content='tesseract 3.04.00' />
  <meta name='ocr-capabilities' content='ocr_page ocr_carea ocr_par ocr_line ocrx_word'/>
</head>
<body>
  <div class='ocr_page' id='page_1' title='image "./enchiridionfont00marcgoog_0163.png"; bbox 0 0 3192 5214; ppageno 0'>
   <div class='ocr_carea' id='block_1_1' title="bbox 83 529 731 937">
    <p class='ocr_par' dir='ltr' id='par_1_1' title="bbox 83 529 731 937">
     <span class='ocr_line' id='line_1_1' title="bbox 127 529 730 616; baseline 0.007 -22"><span class='ocrx_word' id='word_1_1' title='bbox 127 531 178 594; x_wconf 77' lang='lat'>24.</span> <span class='ocrx_word' id='word_1_2' title='bbox 194 531 350 598; x_wconf 76' lang='lat' dir='ltr'>Comites</span> <span class='ocrx_word' id='word_1_3' title='bbox 366 533 517 616; x_wconf 87' lang='lat' dir='ltr'>Camere,</span> <span class='ocrx_word' id='word_1_4' title='bbox 535 529 730 616; x_wconf 88' lang='lat' dir='ltr'>Monetarij,</span> 
     </span>
     <span class='ocr_line' id='line_1_2' title="bbox 86 635 731 723; baseline -0.002 -21"><span class='ocrx_word' id='word_1_5' title='bbox 86 635 255 723; x_wconf 86' lang='lat' dir='ltr'>Salinarij,</span> <span class='ocrx_word' id='word_1_6' title='bbox 289 645 324 703; x_wconf 86' lang='lat' dir='ltr'>et</span> <span class='ocrx_word' id='word_1_7' title='bbox 359 636 560 722; x_wconf 79' lang='lat' dir='ltr'>Tributarij,</span> <span class='ocrx_word' id='word_1_8' title='bbox 598 637 731 702; x_wconf 87' lang='lat' dir='ltr'>nobiles</span> 
     </span>
     <span class='ocr_line' id='line_1_3' title="bbox 83 745 731 832; baseline -0.002 -22"><span class='ocrx_word' id='word_1_9' title='bbox 83 745 307 832; x_wconf 86' lang='lat' dir='ltr'>Regni(sint),</span> <span class='ocrx_word' id='word_1_10' title='bbox 323 745 564 830; x_wconf 89' lang='lat' dir='ltr'>Hysmahelite</span> <span class='ocrx_word' id='word_1_11' title='bbox 580 755 615 810; x_wconf 88' lang='lat' dir='ltr'>et</span> <span class='ocrx_word' id='word_1_12' title='bbox 631 745 731 810; x_wconf 83' lang='lat' dir='ltr'>Iudai</span> 
     </span>
     <span class='ocr_line' id='line_1_4' title="bbox 84 853 415 937; baseline 0.003 -20"><span class='ocrx_word' id='word_1_13' title='bbox 84 853 158 918; x_wconf 83' lang='lat' dir='ltr'>fieri</span> <span class='ocrx_word' id='word_1_14' title='bbox 181 874 250 918; x_wconf 90' lang='lat' dir='ltr'>non</span> <span class='ocrx_word' id='word_1_15' title='bbox 274 856 415 937; x_wconf 79' lang='lat' dir='ltr'>possint.</span> 
     </span>
    </p>
   </div>
   <div class='ocr_carea' id='block_1_2' title="bbox 84 977 731 1280">
    <p class='ocr_par' dir='ltr' id='par_1_2' title="bbox 84 977 731 1280">
     <span class='ocr_line' id='line_1_5' title="bbox 129 977 731 1063; baseline 0 -21"><span class='ocrx_word' id='word_1_16' title='bbox 129 980 180 1042; x_wconf 73' lang='lat'>25.</span> <span class='ocrx_word' id='word_1_17' title='bbox 206 977 302 1043; x_wconf 83' lang='lat' dir='ltr'>Sales</span> <span class='ocrx_word' id='word_1_18' title='bbox 325 982 362 1043; x_wconf 91' lang='lat' dir='ltr'>in</span> <span class='ocrx_word' id='word_1_19' title='bbox 385 978 498 1043; x_wconf 89' lang='lat' dir='ltr'>medio</span> <span class='ocrx_word' id='word_1_20' title='bbox 525 979 640 1063; x_wconf 83' lang='lat' dir='ltr'>Regni</span> <span class='ocrx_word' id='word_1_21' title='bbox 663 998 731 1042; x_wconf 91' lang='lat' dir='ltr'>non</span> 
     </span>
     <span class='ocr_line' id='line_1_6' title="bbox 84 1084 731 1170; baseline -0.003 -20"><span class='ocrx_word' id='word_1_22' title='bbox 84 1095 276 1170; x_wconf 88' lang='lat' dir='ltr'>teneantur,</span> <span class='ocrx_word' id='word_1_23' title='bbox 292 1088 360 1152; x_wconf 87' lang='lat' dir='ltr'>nisi</span> <span class='ocrx_word' id='word_1_24' title='bbox 375 1093 513 1151; x_wconf 85' lang='lat' dir='ltr'>tantum</span> <span class='ocrx_word' id='word_1_25' title='bbox 528 1089 566 1150; x_wconf 77' lang='lat' dir='ltr'>In</span> <span class='ocrx_word' id='word_1_26' title='bbox 581 1084 731 1150; x_wconf 86' lang='lat' dir='ltr'>Zoloch¹</span> 
     </span>
     <span class='ocr_line' id='line_1_7' title="bbox 85 1188 677 1280; baseline -0.005 -22"><span class='ocrx_word' id='word_1_27' title='bbox 85 1197 182 1258; x_wconf 86' lang='lat' dir='ltr'>etin</span> <span class='ocrx_word' id='word_1_28' title='bbox 207 1193 359 1280; x_wconf 88' lang='lat' dir='ltr'>Soegoed</span> <span class='ocrx_word' id='word_1_29' title='bbox 382 1200 417 1258; x_wconf 89' lang='lat' dir='ltr'>ct</span> <span class='ocrx_word' id='word_1_30' title='bbox 439 1196 478 1260; x_wconf 91' lang='lat' dir='ltr'>in</span> <span class='ocrx_word' id='word_1_31' title='bbox 500 1188 677 1274; x_wconf 87' lang='lat' dir='ltr'>Confinijs.</span> 
     </span>
    </p>
   </div>
   <div class='ocr_carea' id='block_1_3' title="bbox 83 1318 733 1706">
    <p class='ocr_par' dir='ltr' id='par_1_3' title="bbox 83 1318 733 1706">
     <span class='ocr_line' id='line_1_8' title="bbox 129 1318 732 1402; baseline -0.007 -18"><span class='ocrx_word' id='word_1_32' title='bbox 129 1321 183 1384; x_wconf 70' lang='lat'>⁸26.</span> <span class='ocrx_word' id='word_1_33' title='bbox 207 1321 441 1386; x_wconf 85' lang='lat' dir='ltr'>Possessiones</span> <span class='ocrx_word' id='word_1_34' title='bbox 457 1324 555 1382; x_wconf 85' lang='lat' dir='ltr'>extra</span> <span class='ocrx_word' id='word_1_35' title='bbox 569 1318 732 1402; x_wconf 83' lang='lat' dir='ltr'>Regnum</span> 
     </span>
     <span class='ocr_line' id='line_1_9' title="bbox 84 1421 733 1508; baseline -0.011 -15"><span class='ocrx_word' id='word_1_36' title='bbox 84 1449 154 1492; x_wconf 91' lang='lat' dir='ltr'>non</span> <span class='ocrx_word' id='word_1_37' title='bbox 187 1426 417 1492; x_wconf 88' lang='lat' dir='ltr'>conferantur.</span> <span class='ocrx_word' id='word_1_38' title='bbox 450 1424 488 1490; x_wconf 86' lang='lat' dir='ltr'>Si</span> <span class='ocrx_word' id='word_1_39' title='bbox 520 1423 633 1508; x_wconf 90' lang='lat' dir='ltr'>alique</span> <span class='ocrx_word' id='word_1_40' title='bbox 666 1421 733 1487; x_wconf 92' lang='lat' dir='ltr'>col-</span> 
     </span>
     <span class='ocr_line' id='line_1_10' title="bbox 84 1531 733 1616; baseline -0.006 -18"><span class='ocrx_word' id='word_1_41' title='bbox 84 1535 163 1607; x_wconf 78' lang='lat' dir='ltr'>late,</span> <span class='ocrx_word' id='word_1_42' title='bbox 197 1534 253 1599; x_wconf 90' lang='lat' dir='ltr'>uel</span> <span class='ocrx_word' id='word_1_43' title='bbox 285 1533 436 1614; x_wconf 88' lang='lat' dir='ltr'>uendite,</span> <span class='ocrx_word' id='word_1_44' title='bbox 461 1532 585 1616; x_wconf 85' lang='lat' dir='ltr'>populo</span> <span class='ocrx_word' id='word_1_45' title='bbox 617 1531 733 1615; x_wconf 86' lang='lat' dir='ltr'>Regni</span> 
     </span>
     <span class='ocr_line' id='line_1_11' title="bbox 83 1637 612 1706; baseline -0.008 -1"><span class='ocrx_word' id='word_1_46' title='bbox 83 1643 125 1705; x_wconf 88' lang='lat' dir='ltr'>ad</span> <span class='ocrx_word' id='word_1_47' title='bbox 152 1639 392 1706; x_wconf 90' lang='lat' dir='ltr'>redimendum</span> <span class='ocrx_word' id='word_1_48' title='bbox 415 1637 612 1702; x_wconf 88' lang='lat' dir='ltr'>reddantur.</span> 
     </span>
    </p>
   </div>
   <div class='ocr_carea' id='block_1_4' title="bbox 84 1979 735 2277">
    <p class='ocr_par' dir='ltr' id='par_1_4' title="bbox 84 1979 735 2277">
     <span class='ocr_line' id='line_1_12' title="bbox 129 1979 734 2046; baseline -0.008 -1"><span class='ocrx_word' id='word_1_49' title='bbox 129 1981 184 2046; x_wconf 78' lang='lat'>27.</span> <span class='ocrx_word' id='word_1_50' title='bbox 208 1979 401 2044; x_wconf 87' lang='lat' dir='ltr'>Marturine</span> <span class='ocrx_word' id='word_1_51' title='bbox 433 1980 531 2043; x_wconf 82' lang='lat' dir='ltr'>iuxta</span> <span class='ocrx_word' id='word_1_52' title='bbox 556 1985 734 2042; x_wconf 89' lang='lat' dir='ltr'>consuetu-</span> 
     </span>
     <span class='ocr_line' id='line_1_13' title="bbox 86 2083 735 2172; baseline -0.005 -22"><span class='ocrx_word' id='word_1_53' title='bbox 86 2087 216 2172; x_wconf 87' lang='lat' dir='ltr'>dinem,</span> <span class='ocrx_word' id='word_1_54' title='bbox 239 2109 259 2150; x_wconf 91' lang='lat' dir='ltr'>a</span> <span class='ocrx_word' id='word_1_55' title='bbox 286 2085 496 2150; x_wconf 88' lang='lat' dir='ltr'>Colomanno</span> <span class='ocrx_word' id='word_1_56' title='bbox 528 2083 624 2170; x_wconf 88' lang='lat' dir='ltr'>Rege</span> <span class='ocrx_word' id='word_1_57' title='bbox 658 2105 735 2148; x_wconf 91' lang='lat' dir='ltr'>con-</span> 
     </span>
     <span class='ocr_line' id='line_1_14' title="bbox 84 2192 469 2277; baseline -0.008 -18"><span class='ocrx_word' id='word_1_58' title='bbox 84 2197 260 2277; x_wconf 84' lang='lat' dir='ltr'>stitutam,</span> <span class='ocrx_word' id='word_1_59' title='bbox 283 2192 469 2258; x_wconf 88' lang='lat' dir='ltr'>soluantur.</span> 
     </span>
    </p>
   </div>
   <div class='ocr_carea' id='block_1_5' title="bbox 85 2621 736 2921">
    <p class='ocr_par' dir='ltr' id='par_1_5' title="bbox 85 2621 736 2921">
     <span class='ocr_line' id='line_1_15' title="bbox 130 2621 734 2709; baseline -0.008 -20"><span class='ocrx_word' id='word_1_60' title='bbox 130 2626 186 2690; x_wconf 77' lang='grc'>28.</span> <span class='ocrx_word' id='word_1_61' title='bbox 211 2624 248 2689; x_wconf 84' lang='lat' dir='ltr'>Si</span> <span class='ocrx_word' id='word_1_62' title='bbox 280 2626 357 2709; x_wconf 86' lang='lat' dir='ltr'>quis</span> <span class='ocrx_word' id='word_1_63' title='bbox 390 2621 509 2687; x_wconf 89' lang='lat' dir='ltr'>ordine</span> <span class='ocrx_word' id='word_1_64' title='bbox 547 2621 734 2686; x_wconf 89' lang='lat' dir='ltr'>Iudiciario</span> 
     </span>
     <span class='ocr_line' id='line_1_16' title="bbox 85 2727 736 2814; baseline -0.011 -16"><span class='ocrx_word' id='word_1_65' title='bbox 85 2733 196 2798; x_wconf 81' lang='lat' dir='ltr'>firerit</span> <span class='ocrx_word' id='word_1_66' title='bbox 230 2731 508 2814; x_wconf 65' lang='lat' dir='ltr'>condemnatae,</span> <span class='ocrx_word' id='word_1_67' title='bbox 540 2727 656 2792; x_wconf 89' lang='lat' dir='ltr'>nullus</span> <span class='ocrx_word' id='word_1_68' title='bbox 680 2749 736 2812; x_wconf 86' lang='lat' dir='ltr'>po-</span> 
     </span>
     <span class='ocr_line' id='line_1_17' title="bbox 86 2833 676 2921; baseline -0.012 -16"><span class='ocrx_word' id='word_1_69' title='bbox 86 2852 228 2906; x_wconf 89' lang='lat' dir='ltr'>tentum</span> <span class='ocrx_word' id='word_1_70' title='bbox 252 2859 330 2902; x_wconf 91' lang='lat' dir='ltr'>eum</span> <span class='ocrx_word' id='word_1_71' title='bbox 353 2839 460 2921; x_wconf 87' lang='lat' dir='ltr'>possit</span> <span class='ocrx_word' id='word_1_72' title='bbox 484 2833 676 2900; x_wconf 83' lang='lat' dir='ltr'>defendere.</span> 
     </span>
    </p>
   </div>
   <div class='ocr_carea' id='block_1_6' title="bbox 1 2959 738 3474">
    <p class='ocr_par' dir='ltr' id='par_1_6' title="bbox 1 2959 738 3474">
     <span class='ocr_line' id='line_1_18' title="bbox 131 2959 737 3029; baseline -0.012 0"><span class='ocrx_word' id='word_1_73' title='bbox 131 2965 187 3029; x_wconf 80' lang='lat'>29.</span> <span class='ocrx_word' id='word_1_74' title='bbox 212 2963 365 3028; x_wconf 77' lang='lat' dir='ltr'>Comites</span> <span class='ocrx_word' id='word_1_75' title='bbox 396 2961 476 3026; x_wconf 88' lang='lat' dir='ltr'>Iure</span> <span class='ocrx_word' id='word_1_76' title='bbox 510 2964 563 3026; x_wconf 87' lang='lat' dir='ltr'>sui</span> <span class='ocrx_word' id='word_1_77' title='bbox 586 2959 737 3026; x_wconf 88' lang='lat' dir='ltr'>Comita-</span> 
     </span>
     <span class='ocr_line' id='line_1_19' title="bbox 1 3065 736 3160; baseline -0.012 -22"><span class='ocrx_word' id='word_1_78' title='bbox 1 3122 6 3160; x_wconf 74' lang='lat'>,</span> <span class='ocrx_word' id='word_1_79' title='bbox 87 3084 145 3137; x_wconf 88' lang='lat' dir='ltr'>tus</span> <span class='ocrx_word' id='word_1_80' title='bbox 180 3077 318 3136; x_wconf 89' lang='lat' dir='ltr'>tantum</span> <span class='ocrx_word' id='word_1_81' title='bbox 351 3067 520 3152; x_wconf 86' lang='lat' dir='ltr'>fruantur,</span> <span class='ocrx_word' id='word_1_82' title='bbox 554 3074 665 3131; x_wconf 87' lang='lat' dir='ltr'>cetera</span> <span class='ocrx_word' id='word_1_83' title='bbox 693 3065 736 3130; x_wconf 90' lang='lat' dir='ltr'>ad</span> 
     </span>
     <span class='ocr_line' id='line_1_20' title="bbox 86 3172 738 3264; baseline -0.008 -21"><span class='ocrx_word' id='word_1_84' title='bbox 86 3199 207 3264; x_wconf 88' lang='lat' dir='ltr'>regem</span> <span class='ocrx_word' id='word_1_85' title='bbox 223 3177 442 3261; x_wconf 85' lang='lat' dir='ltr'>pertinencia,</span> <span class='ocrx_word' id='word_1_86' title='bbox 453 3175 585 3239; x_wconf 86' lang='lat' dir='ltr'>scilicet</span> <span class='ocrx_word' id='word_1_87' title='bbox 595 3172 738 3258; x_wconf 86' lang='lat' dir='ltr'>Cybrio-</span> 
     </span>
     <span class='ocr_line' id='line_1_21' title="bbox 3 3273 738 3366; baseline -0.011 -15"><span class='ocrx_word' id='word_1_88' title='bbox 3 3273 4 3280; x_wconf 30' lang='lat'>¹</span> <span class='ocrx_word' id='word_1_89' title='bbox 87 3307 160 3366; x_wconf 76' lang='lat' dir='ltr'>nee,</span> <span class='ocrx_word' id='word_1_90' title='bbox 184 3282 341 3366; x_wconf 79' lang='lat' dir='ltr'>Tributa,</span> <span class='ocrx_word' id='word_1_91' title='bbox 364 3282 477 3347; x_wconf 86' lang='lat' dir='ltr'>Boues</span> <span class='ocrx_word' id='word_1_92' title='bbox 500 3289 535 3346; x_wconf 88' lang='lat' dir='ltr'>et</span> <span class='ocrx_word' id='word_1_93' title='bbox 559 3280 644 3346; x_wconf 91' lang='lat' dir='ltr'>duas</span> <span class='ocrx_word' id='word_1_94' title='bbox 664 3301 738 3362; x_wconf 88' lang='lat' dir='ltr'>par-</span> 
     </span>
     <span class='ocr_line' id='line_1_22' title="bbox 87 3388 663 3474; baseline -0.012 -17"><span class='ocrx_word' id='word_1_95' title='bbox 87 3405 141 3456; x_wconf 82' lang='lat' dir='ltr'>tes</span> <span class='ocrx_word' id='word_1_96' title='bbox 167 3391 376 3474; x_wconf 77' lang='lat' dir='ltr'>Castrorum,</span> <span class='ocrx_word' id='word_1_97' title='bbox 399 3389 476 3455; x_wconf 85' lang='lat' dir='ltr'>Rex</span> <span class='ocrx_word' id='word_1_98' title='bbox 499 3388 663 3453; x_wconf 86' lang='lat' dir='ltr'>obtineat.</span> 
     </span>
    </p>
   </div>
   <div class='ocr_carea' id='block_1_7' title="bbox 1342 335 1404 398">
    <p class='ocr_par' dir='ltr' id='par_1_7' title="bbox 1342 335 1404 398">
     <span class='ocr_line' id='line_1_23' title="bbox 1342 335 1404 398; baseline 0 -1"><span class='ocrx_word' id='word_1_99' title='bbox 1342 335 1404 398; x_wconf 86' lang='lat'>141</span> 
     </span>
    </p>
   </div>
   <div class='ocr_carea' id='block_1_8' title="bbox 785 529 1429 830">
    <p class='ocr_par' dir='ltr' id='par_1_8' title="bbox 785 529 1429 830">
     <span class='ocr_line' id='line_1_24' title="bbox 831 529 1429 614; baseline 0 -18"><span class='ocrx_word' id='word_1_100' title='bbox 831 532 882 596; x_wconf 87' lang='grc'>31.</span> <span class='ocrx_word' id='word_1_101' title='bbox 905 531 1064 596; x_wconf 75' lang='lat' dir='ltr'>Monetae</span> <span class='ocrx_word' id='word_1_102' title='bbox 1084 538 1119 595; x_wconf 87' lang='lat' dir='ltr'>et</span> <span class='ocrx_word' id='word_1_103' title='bbox 1136 529 1281 614; x_wconf 83' lang='lat' dir='ltr'>Salibus,</span> <span class='ocrx_word' id='word_1_104' title='bbox 1297 553 1336 596; x_wconf 92' lang='lat' dir='ltr'>ac</span> <span class='ocrx_word' id='word_1_105' title='bbox 1352 531 1429 596; x_wconf 87' lang='lat' dir='ltr'>aliis</span> 
     </span>
     <span class='ocr_line' id='line_1_25' title="bbox 785 637 1429 723; baseline 0 -19"><span class='ocrx_word' id='word_1_106' title='bbox 785 639 932 723; x_wconf 86' lang='lat' dir='ltr'>publicis</span> <span class='ocrx_word' id='word_1_107' title='bbox 956 637 1089 721; x_wconf 69' lang='lat' dir='ltr'>officim,</span> <span class='ocrx_word' id='word_1_108' title='bbox 1121 639 1242 705; x_wconf 89' lang='lat' dir='ltr'>Iudaei</span> <span class='ocrx_word' id='word_1_109' title='bbox 1274 645 1308 704; x_wconf 89' lang='lat' dir='ltr'>et</span> <span class='ocrx_word' id='word_1_110' title='bbox 1333 639 1429 705; x_wconf 87' lang='lat' dir='ltr'>Sara-</span> 
     </span>
     <span class='ocr_line' id='line_1_26' title="bbox 785 745 1224 830; baseline -0.005 -18"><span class='ocrx_word' id='word_1_111' title='bbox 785 749 860 812; x_wconf 87' lang='lat' dir='ltr'>ceni</span> <span class='ocrx_word' id='word_1_112' title='bbox 883 768 953 812; x_wconf 90' lang='lat' dir='ltr'>non</span> <span class='ocrx_word' id='word_1_113' title='bbox 976 745 1224 830; x_wconf 81' lang='lat' dir='ltr'>praeficiantur.</span> 
     </span>
    </p>
   </div>
   <div class='ocr_carea' id='block_1_9' title="bbox 786 1321 1433 1924">
    <p class='ocr_par' dir='ltr' id='par_1_9' title="bbox 786 1321 1433 1924">
     <span class='ocr_line' id='line_1_27' title="bbox 833 1321 1432 1408; baseline -0.003 -20"><span class='ocrx_word' id='word_1_114' title='bbox 833 1323 883 1388; x_wconf 74' lang='lat'>32.</span> <span class='ocrx_word' id='word_1_115' title='bbox 907 1322 1139 1387; x_wconf 86' lang='lat' dir='ltr'>Possessiones</span> <span class='ocrx_word' id='word_1_116' title='bbox 1155 1328 1252 1386; x_wconf 90' lang='lat' dir='ltr'>extra</span> <span class='ocrx_word' id='word_1_117' title='bbox 1270 1321 1432 1408; x_wconf 87' lang='lat' dir='ltr'>Regnum</span> 
     </span>
     <span class='ocr_line' id='line_1_28' title="bbox 786 1429 1432 1515; baseline -0.002 -21"><span class='ocrx_word' id='word_1_118' title='bbox 786 1451 855 1494; x_wconf 90' lang='lat' dir='ltr'>non</span> <span class='ocrx_word' id='word_1_119' title='bbox 888 1429 1127 1510; x_wconf 80' lang='lat' dir='ltr'>conferantur3</span> <span class='ocrx_word' id='word_1_120' title='bbox 1167 1437 1203 1493; x_wconf 89' lang='lat' dir='ltr'>et</span> <span class='ocrx_word' id='word_1_121' title='bbox 1235 1431 1265 1494; x_wconf 90' lang='lat' dir='ltr'>si</span> <span class='ocrx_word' id='word_1_122' title='bbox 1297 1429 1432 1515; x_wconf 78' lang='lat' dir='ltr'>aliquae</span> 
     </span>
     <span class='ocr_line' id='line_1_29' title="bbox 787 1535 1433 1620; baseline -0.002 -19"><span class='ocrx_word' id='word_1_123' title='bbox 787 1545 867 1602; x_wconf 88' lang='lat' dir='ltr'>sunt</span> <span class='ocrx_word' id='word_1_124' title='bbox 900 1536 1053 1620; x_wconf 85' lang='lat' dir='ltr'>collatae,</span> <span class='ocrx_word' id='word_1_125' title='bbox 1085 1537 1142 1600; x_wconf 89' lang='lat' dir='ltr'>vel</span> <span class='ocrx_word' id='word_1_126' title='bbox 1174 1535 1347 1619; x_wconf 76' lang='lat' dir='ltr'>venditae,</span> <span class='ocrx_word' id='word_1_127' title='bbox 1376 1558 1433 1620; x_wconf 92' lang='lat' dir='ltr'>po-</span> 
     </span>
     <span class='ocr_line' id='line_1_30' title="bbox 788 1643 1433 1730; baseline -0.002 -21"><span class='ocrx_word' id='word_1_128' title='bbox 788 1645 868 1728; x_wconf 93' lang='lat' dir='ltr'>pulo</span> <span class='ocrx_word' id='word_1_129' title='bbox 883 1645 999 1730; x_wconf 86' lang='lat' dir='ltr'>Regni</span> <span class='ocrx_word' id='word_1_130' title='bbox 1022 1643 1065 1708; x_wconf 92' lang='lat' dir='ltr'>ad</span> <span class='ocrx_word' id='word_1_131' title='bbox 1096 1643 1335 1708; x_wconf 91' lang='lat' dir='ltr'>redimendum</span> <span class='ocrx_word' id='word_1_132' title='bbox 1358 1644 1433 1708; x_wconf 90' lang='lat' dir='ltr'>red-</span> 
     </span>
     <span class='ocr_line' id='line_1_31' title="bbox 788 1749 1433 1836; baseline 0 -20"><span class='ocrx_word' id='word_1_133' title='bbox 788 1752 924 1834; x_wconf 87' lang='lat' dir='ltr'>dantur,</span> <span class='ocrx_word' id='word_1_134' title='bbox 956 1749 1012 1816; x_wconf 91' lang='lat' dir='ltr'>vel</span> <span class='ocrx_word' id='word_1_135' title='bbox 1036 1750 1240 1834; x_wconf 89' lang='lat' dir='ltr'>simpliciter</span> <span class='ocrx_word' id='word_1_136' title='bbox 1267 1755 1433 1836; x_wconf 86' lang='lat' dir='ltr'>recipian-</span> 
     </span>
     <span class='ocr_line' id='line_1_32' title="bbox 787 1868 854 1924; baseline -0.03 0"><span class='ocrx_word' id='word_1_137' title='bbox 787 1868 854 1924; x_wconf 92' lang='lat' dir='ltr'>tur.</span> 
     </span>
    </p>
   </div>
   <div class='ocr_carea' id='block_1_10' title="bbox 789 1983 1435 2606">
    <p class='ocr_par' dir='ltr' id='par_1_10' title="bbox 789 1983 1435 2606">
     <span class='ocr_line' id='line_1_33' title="bbox 835 1983 1434 2070; baseline 0 -22"><span class='ocrx_word' id='word_1_138' title='bbox 835 1985 886 2048; x_wconf 88' lang='lat'>33.</span> <span class='ocrx_word' id='word_1_139' title='bbox 909 1984 999 2048; x_wconf 90' lang='lat' dir='ltr'>Item</span> <span class='ocrx_word' id='word_1_140' title='bbox 1024 2005 1084 2067; x_wconf 89' lang='lat' dir='ltr'>pro</span> <span class='ocrx_word' id='word_1_141' title='bbox 1117 1983 1271 2070; x_wconf 79' lang='lat' dir='ltr'>Singulis</span> <span class='ocrx_word' id='word_1_142' title='bbox 1304 1985 1434 2048; x_wconf 89' lang='lat' dir='ltr'>Martu-</span> 
     </span>
     <span class='ocr_line' id='line_1_34' title="bbox 789 2089 1435 2176; baseline -0.003 -20"><span class='ocrx_word' id='word_1_143' title='bbox 789 2095 874 2156; x_wconf 88' lang='lat' dir='ltr'>rinis</span> <span class='ocrx_word' id='word_1_144' title='bbox 897 2098 1045 2176; x_wconf 88' lang='lat' dir='ltr'>quatuor</span> <span class='ocrx_word' id='word_1_145' title='bbox 1059 2089 1212 2156; x_wconf 84' lang='lat' dir='ltr'>Pondere</span> <span class='ocrx_word' id='word_1_146' title='bbox 1241 2091 1435 2174; x_wconf 87' lang='lat' dir='ltr'>persolvan-</span> 
     </span>
     <span class='ocr_line' id='line_1_35' title="bbox 789 2199 1434 2284; baseline -0.002 -20"><span class='ocrx_word' id='word_1_147' title='bbox 789 2208 855 2264; x_wconf 90' lang='lat' dir='ltr'>tur.</span> <span class='ocrx_word' id='word_1_148' title='bbox 880 2199 1202 2284; x_wconf 76' lang='lat' dir='ltr'>Quantumcumque</span> <span class='ocrx_word' id='word_1_149' title='bbox 1234 2201 1272 2264; x_wconf 87' lang='lat' dir='ltr'>in</span> <span class='ocrx_word' id='word_1_150' title='bbox 1296 2222 1334 2263; x_wconf 89' lang='lat' dir='ltr'>ea</span> <span class='ocrx_word' id='word_1_151' title='bbox 1360 2220 1434 2282; x_wconf 86' lang='lat' dir='ltr'>pro-</span> 
     </span>
     <span class='ocr_line' id='line_1_36' title="bbox 789 2305 1435 2392; baseline 0.002 -22"><span class='ocrx_word' id='word_1_152' title='bbox 789 2309 925 2371; x_wconf 85' lang='lat' dir='ltr'>venerit</span> <span class='ocrx_word' id='word_1_153' title='bbox 942 2309 1045 2372; x_wconf 86' lang='lat' dir='ltr'>tertia</span> <span class='ocrx_word' id='word_1_154' title='bbox 1065 2329 1141 2392; x_wconf 85' lang='lat' dir='ltr'>pars</span> <span class='ocrx_word' id='word_1_155' title='bbox 1151 2307 1299 2372; x_wconf 90' lang='lat' dir='ltr'>Domino</span> <span class='ocrx_word' id='word_1_156' title='bbox 1309 2305 1435 2390; x_wconf 85' lang='lat' dir='ltr'>Fundi,</span> 
     </span>
     <span class='ocr_line' id='line_1_37' title="bbox 790 2413 1435 2499; baseline -0.002 -20"><span class='ocrx_word' id='word_1_157' title='bbox 790 2423 825 2479; x_wconf 86' lang='lat' dir='ltr'>et</span> <span class='ocrx_word' id='word_1_158' title='bbox 858 2415 945 2480; x_wconf 89' lang='lat' dir='ltr'>duae</span> <span class='ocrx_word' id='word_1_159' title='bbox 978 2421 1091 2499; x_wconf 88' lang='lat' dir='ltr'>partes</span> <span class='ocrx_word' id='word_1_160' title='bbox 1123 2415 1272 2479; x_wconf 91' lang='lat' dir='ltr'>Domino</span> <span class='ocrx_word' id='word_1_161' title='bbox 1311 2413 1435 2478; x_wconf 85' lang='lat' dir='ltr'>Terrae</span> 
     </span>
     <span class='ocr_line' id='line_1_38' title="bbox 791 2521 1037 2606; baseline -0.008 -18"><span class='ocrx_word' id='word_1_162' title='bbox 791 2521 1037 2606; x_wconf 85' lang='lat' dir='ltr'>persolvantur.</span> 
     </span>
    </p>
   </div>
   <div class='ocr_carea' id='block_1_11' title="bbox 791 2973 1439 3702">
    <p class='ocr_par' dir='ltr' id='par_1_11' title="bbox 791 2973 1439 3596">
     <span class='ocr_line' id='line_1_39' title="bbox 838 2973 1437 3040; baseline -0.008 0"><span class='ocrx_word' id='word_1_163' title='bbox 838 2977 889 3040; x_wconf 85' lang='lat'>34.</span> <span class='ocrx_word' id='word_1_164' title='bbox 913 2974 1065 3040; x_wconf 81' lang='lat' dir='ltr'>Comites</span> <span class='ocrx_word' id='word_1_165' title='bbox 1099 2977 1172 3038; x_wconf 85' lang='lat' dir='ltr'>iure</span> <span class='ocrx_word' id='word_1_166' title='bbox 1205 2976 1258 3038; x_wconf 89' lang='lat' dir='ltr'>sui</span> <span class='ocrx_word' id='word_1_167' title='bbox 1287 2973 1437 3037; x_wconf 89' lang='lat' dir='ltr'>Comita-</span> 
     </span>
     <span class='ocr_line' id='line_1_40' title="bbox 791 3080 1438 3165; baseline -0.008 -16"><span class='ocrx_word' id='word_1_168' title='bbox 791 3091 848 3148; x_wconf 89' lang='lat' dir='ltr'>tus</span> <span class='ocrx_word' id='word_1_169' title='bbox 865 3087 934 3148; x_wconf 91' lang='lat' dir='ltr'>sint</span> <span class='ocrx_word' id='word_1_170' title='bbox 951 3084 1113 3165; x_wconf 88' lang='lat' dir='ltr'>contenti,</span> <span class='ocrx_word' id='word_1_171' title='bbox 1125 3088 1237 3145; x_wconf 89' lang='lat' dir='ltr'>cetera</span> <span class='ocrx_word' id='word_1_172' title='bbox 1253 3080 1296 3144; x_wconf 91' lang='lat' dir='ltr'>ad</span> <span class='ocrx_word' id='word_1_173' title='bbox 1306 3081 1438 3165; x_wconf 89' lang='lat' dir='ltr'>Regem</span> 
     </span>
     <span class='ocr_line' id='line_1_41' title="bbox 793 3187 1439 3276; baseline -0.005 -21"><span class='ocrx_word' id='word_1_174' title='bbox 793 3193 1011 3276; x_wconf 84' lang='lat' dir='ltr'>pertinentia,</span> <span class='ocrx_word' id='word_1_175' title='bbox 1022 3188 1153 3252; x_wconf 87' lang='lat' dir='ltr'>seilicet</span> <span class='ocrx_word' id='word_1_176' title='bbox 1166 3187 1439 3270; x_wconf 67' lang='grc' dir='ltr'><strong>0101101100,Τή-</strong></span> 
     </span>
     <span class='ocr_line' id='line_1_42' title="bbox 792 3293 1439 3382; baseline -0.011 -17"><span class='ocrx_word' id='word_1_177' title='bbox 792 3301 886 3382; x_wconf 91' lang='lat' dir='ltr'>buta,</span> <span class='ocrx_word' id='word_1_178' title='bbox 902 3298 1007 3362; x_wconf 87' lang='lat' dir='ltr'>boves</span> <span class='ocrx_word' id='word_1_179' title='bbox 1024 3303 1059 3359; x_wconf 90' lang='lat' dir='ltr'>et</span> <span class='ocrx_word' id='word_1_180' title='bbox 1076 3295 1162 3358; x_wconf 84' lang='lat' dir='ltr'>duae</span> <span class='ocrx_word' id='word_1_181' title='bbox 1179 3293 1439 3377; x_wconf 86' lang='lat' dir='ltr'>partesCastro-</span> 
     </span>
     <span class='ocr_line' id='line_1_43' title="bbox 793 3401 1439 3491; baseline -0.011 -19"><span class='ocrx_word' id='word_1_182' title='bbox 793 3430 879 3491; x_wconf 87' lang='lat' dir='ltr'>rum,</span> <span class='ocrx_word' id='word_1_183' title='bbox 911 3405 955 3470; x_wconf 89' lang='lat' dir='ltr'>ad</span> <span class='ocrx_word' id='word_1_184' title='bbox 987 3404 1096 3488; x_wconf 85' lang='lat' dir='ltr'>Regis</span> <span class='ocrx_word' id='word_1_185' title='bbox 1130 3401 1355 3483; x_wconf 82' lang='lat' dir='ltr'>voluntatem,</span> <span class='ocrx_word' id='word_1_186' title='bbox 1384 3404 1439 3466; x_wconf 85' lang='lat' dir='ltr'>cui</span> 
     </span>
     <span class='ocr_line' id='line_1_44' title="bbox 793 3510 1166 3596; baseline -0.016 -18"><span class='ocrx_word' id='word_1_187' title='bbox 793 3515 880 3596; x_wconf 89' lang='lat' dir='ltr'>vult,</span> <span class='ocrx_word' id='word_1_188' title='bbox 904 3510 1166 3576; x_wconf 88' lang='lat' dir='ltr'>distribuantur.</span> 
     </span>
    </p>

    <p class='ocr_par' dir='ltr' id='par_1_12' title="bbox 840 3613 1439 3702">
     <span class='ocr_line' id='line_1_45' title="bbox 840 3613 1439 3702; baseline -0.013 -18"><span class='ocrx_word' id='word_1_189' title='bbox 840 3622 891 3684; x_wconf 76' lang='lat'>35.</span> <span class='ocrx_word' id='word_1_190' title='bbox 923 3619 1022 3700; x_wconf 86' lang='lat' dir='ltr'>Item,</span> <span class='ocrx_word' id='word_1_191' title='bbox 1060 3616 1343 3702; x_wconf 80' lang='lat' dir='ltr'>quandocumque</span> <span class='ocrx_word' id='word_1_192' title='bbox 1379 3613 1439 3678; x_wconf 89' lang='lat' dir='ltr'>ali-</span> 
     </span>
    </p>
   </div>
   <div class='ocr_carea' id='block_1_12' title="bbox 794 3721 1478 4437">
    <p class='ocr_par' dir='ltr' id='par_1_13' title="bbox 794 3721 1478 4437">
     <span class='ocr_line' id='line_1_46' title="bbox 794 3721 1440 3814; baseline -0.011 -21"><span class='ocrx_word' id='word_1_193' title='bbox 794 3749 878 3814; x_wconf 86' lang='lat' dir='ltr'>quos</span> <span class='ocrx_word' id='word_1_194' title='bbox 911 3725 1030 3790; x_wconf 89' lang='lat' dir='ltr'>ordine</span> <span class='ocrx_word' id='word_1_195' title='bbox 1065 3721 1249 3808; x_wconf 87' lang='lat' dir='ltr'>judiciario</span> <span class='ocrx_word' id='word_1_196' title='bbox 1282 3724 1440 3786; x_wconf 90' lang='lat' dir='ltr'>convinci</span> 
     </span>
     <span class='ocr_line' id='line_1_47' title="bbox 795 3831 1440 3920; baseline -0.014 -20"><span class='ocrx_word' id='word_1_197' title='bbox 795 3837 1013 3920; x_wconf 85' lang='lat' dir='ltr'>contingerit,</span> <span class='ocrx_word' id='word_1_198' title='bbox 1046 3835 1082 3898; x_wconf 91' lang='lat' dir='ltr'>in</span> <span class='ocrx_word' id='word_1_199' title='bbox 1115 3831 1295 3896; x_wconf 89' lang='lat' dir='ltr'>voluntate</span> <span class='ocrx_word' id='word_1_200' title='bbox 1323 3835 1440 3893; x_wconf 89' lang='lat' dir='ltr'>nostra</span> 
     </span>
     <span class='ocr_line' id='line_1_48' title="bbox 795 3942 1441 4026; baseline -0.012 -18"><span class='ocrx_word' id='word_1_201' title='bbox 795 3947 869 4026; x_wconf 87' lang='lat' dir='ltr'>erit,</span> <span class='ocrx_word' id='word_1_202' title='bbox 893 3943 989 4006; x_wconf 90' lang='lat' dir='ltr'>Bona</span> <span class='ocrx_word' id='word_1_203' title='bbox 1013 3942 1165 4024; x_wconf 87' lang='lat' dir='ltr'>ipsorum</span> <span class='ocrx_word' id='word_1_204' title='bbox 1189 3959 1290 4022; x_wconf 85' lang='lat' dir='ltr'>penes</span> <span class='ocrx_word' id='word_1_205' title='bbox 1314 3957 1375 4000; x_wconf 90' lang='lat' dir='ltr'>nos</span> <span class='ocrx_word' id='word_1_206' title='bbox 1391 3958 1441 4000; x_wconf 88' lang='lat' dir='ltr'>re-</span> 
     </span>
     <span class='ocr_line' id='line_1_49' title="bbox 795 4043 1478 4132; baseline -0.015 -16"><span class='ocrx_word' id='word_1_207' title='bbox 795 4055 913 4132; x_wconf 88' lang='lat' dir='ltr'>tinere,</span> <span class='ocrx_word' id='word_1_208' title='bbox 937 4047 993 4112; x_wconf 88' lang='lat' dir='ltr'>vel</span> <span class='ocrx_word' id='word_1_209' title='bbox 1017 4047 1094 4111; x_wconf 88' lang='lat' dir='ltr'>aliis</span> <span class='ocrx_word' id='word_1_210' title='bbox 1118 4043 1291 4130; x_wconf 85' lang='lat' dir='ltr'>provallo</span> <span class='ocrx_word' id='word_1_211' title='bbox 1324 4048 1440 4107; x_wconf 87' lang='lat' dir='ltr'>nostro</span> <span class='ocrx_word' id='word_1_212' title='bbox 1474 4069 1478 4076; x_wconf 93' lang='lat'>·</span> 
     </span>
     <span class='ocr_line' id='line_1_50' title="bbox 795 4151 1442 4224; baseline -0.014 -1"><span class='ocrx_word' id='word_1_213' title='bbox 795 4155 1010 4224; x_wconf 86' lang='lat' dir='ltr'>distribuere.</span> <span class='ocrx_word' id='word_1_214' title='bbox 1072 4151 1275 4218; x_wconf 88' lang='lat' dir='ltr'>Incendium</span> <span class='ocrx_word' id='word_1_215' title='bbox 1325 4157 1442 4216; x_wconf 90' lang='lat' dir='ltr'>tamen</span> 
     </span>
     <span class='ocr_line' id='line_1_51' title="bbox 795 4257 1442 4342; baseline -0.011 -12"><span class='ocrx_word' id='word_1_216' title='bbox 795 4268 891 4330; x_wconf 89' lang='lat' dir='ltr'>mitti</span> <span class='ocrx_word' id='word_1_217' title='bbox 924 4260 1082 4326; x_wconf 90' lang='lat' dir='ltr'>nolumus</span> <span class='ocrx_word' id='word_1_218' title='bbox 1115 4280 1216 4342; x_wconf 89' lang='lat' dir='ltr'>super</span> <span class='ocrx_word' id='word_1_219' title='bbox 1248 4257 1358 4322; x_wconf 88' lang='lat' dir='ltr'>Villas</span> <span class='ocrx_word' id='word_1_220' title='bbox 1389 4279 1442 4323; x_wconf 89' lang='lat' dir='ltr'>eo-</span> 
     </span>
     <span class='ocr_line' id='line_1_52' title="bbox 796 4370 961 4437; baseline -0.024 0"><span class='ocrx_word' id='word_1_221' title='bbox 796 4370 961 4437; x_wconf 88' lang='lat' dir='ltr'>rumdem.</span> 
     </span>
    </p>
   </div>
   <div class='ocr_carea' id='block_1_13' title="bbox 204 4631 1366 4712">
    <p class='ocr_par' dir='ltr' id='par_1_14' title="bbox 204 4631 1366 4712">
     <span class='ocr_line' id='line_1_53' title="bbox 204 4631 1366 4712; baseline -0.013 -14"><span class='ocrx_word' id='word_1_222' title='bbox 204 4642 360 4711; x_wconf 69' lang='grc'><strong>18101009,</strong></span> <span class='ocrx_word' id='word_1_223' title='bbox 380 4639 648 4712; x_wconf 74' lang='lat' dir='ltr'>Biharmcgydben.</span> <span class='ocrx_word' id='word_1_224' title='bbox 667 4639 716 4693; x_wconf 86' lang='lat' dir='ltr'>Ha</span> <span class='ocrx_word' id='word_1_225' title='bbox 734 4655 836 4710; x_wconf 87' lang='lat' dir='ltr'>ugyan</span> <span class='ocrx_word' id='word_1_226' title='bbox 856 4653 924 4692; x_wconf 85' lang='lat' dir='ltr'>nem</span> <span class='ocrx_word' id='word_1_227' title='bbox 943 4635 1077 4689; x_wconf 74' lang='lat' dir='ltr'>irtshiba</span> <span class='ocrx_word' id='word_1_228' title='bbox 1097 4632 1220 4686; x_wconf 83' lang='lat' dir='ltr'>Szolnok</span> <span class='ocrx_word' id='word_1_229' title='bbox 1240 4631 1366 4702; x_wconf 88' lang='lat' dir='ltr'>helyett.</span> 
     </span>
    </p>
   </div>
   <div class='ocr_carea' id='block_1_14' title="bbox 0 0 1613 5214">
    <p class='ocr_par' dir='ltr' id='par_1_15' title="bbox 0 0 1613 5214">
     <span class='ocr_line' id='line_1_54' title="bbox 0 0 1613 5214; baseline 0 0"><span class='ocrx_word' id='word_1_230' title='bbox 0 0 1613 5214; x_wconf 95' lang='lat' dir='ltr'> </span> 
     </span>
    </p>
   </div>
  </div>
 </body>
</html>
