3144 5218
317 577 543 646 ,lssecurutio
568 577 752 667 Hunqaris
776 599 798 646 α
823 578 992 646 Bohemis
1017 579 1116 648 datu.

176 739 248 807 Nos
286 739 439 806 Adamas
479 741 521 805 de
561 739 749 826 Sternberg
765 791 771 808 .
788 791 818 808 ..
854 739 1009 806 Adamus
1042 742 1167 807 Junior
1198 742 1287 807 Baro
1321 743 1362 806 de

71 847 251 912 Valdstein
274 851 310 912 in
333 849 496 913 Hradeok
513 901 518 914 .
536 900 566 913 ..
591 850 768 914 Mattheus
790 849 984 932 Leopoldus
1007 849 1190 933 Poppelius
1215 848 1296 913 baro
1320 849 1362 913 de

68 955 335 1038 Lobkowitz,...
359 955 510 1020 Joannes
534 956 575 1019 de
601 955 872 1020 Olenduczko...
892 955 1061 1040 Georgius
1080 955 1362 1021 Gersderffius...

68 1071 101 1127 et
135 1063 161 1128 J
163 1084 287 1126 oannes
320 1063 549 1128 Wostrowetz
565 1115 572 1128 .
590 1114 620 1128 ..
654 1071 808 1127 statuum
841 1069 875 1126 et
914 1063 1074 1126 ordinum
1113 1063 1226 1126 incliti
1264 1067 1362 1147 regni

67 1168 272 1251 Bohemiae;
297 1167 438 1234 Carolus
462 1192 481 1233 a
505 1170 765 1234 Liechtenstain
782 1220 789 1233 .
806 1220 812 1232 .
830 1221 836 1232 .
860 1169 1080 1252 Weykardus
1099 1168 1144 1232 Os
1163 1191 1182 1232 a
1199 1168 1292 1233 Salm
1309 1221 1315 1234 .
1331 1220 1362 1234 ..

67 1279 237 1362 Georgius
261 1277 444 1362 Hodiczky
461 1329 467 1342 .
484 1329 490 1342 .
508 1329 514 1342 .
538 1277 756 1342 Guilhelmus
780 1277 919 1362 Zaubeg
935 1328 942 1341 .
959 1327 988 1341 ..
1014 1277 1219 1342 Venoeslaus
1238 1277 1363 1342 Zahra-

67 1385 188 1450 deczlri
205 1435 211 1450 .
229 1436 258 1448 ..
278 1384 478 1449 Guntherus
494 1383 599 1448 Golcz
616 1435 623 1450 .
640 1436 646 1448 .
664 1436 670 1448 .
687 1383 943 1448 marchionatus
959 1384 1146 1463 Moraviae3
1163 1383 1187 1448 J
1188 1383 1362 1448 oachimus

65 1491 229 1557 llaldzan
254 1531 294 1537 —
319 1491 516 1556 Friderieus
539 1514 559 1556 a
583 1491 737 1556 Ratzbor
753 1541 759 1554 .
777 1541 783 1554 .
801 1542 807 1554 .
828 1489 1094 1573 Christophorus
1114 1491 1292 1554 Henscher
1308 1541 1314 1554 .
1332 1541 1361 1556 ..

66 1600 257 1663 ducatuum
280 1601 465 1681 superioris
489 1605 523 1661 et
556 1597 729 1662 inferioris
762 1596 919 1678 Silesiae3
953 1596 1103 1662 Joannes
1136 1597 1310 1662 Fabianus
1342 1620 1362 1662 a

64 1705 258 1770 Ponnilraw
275 1755 281 1769 .
299 1756 329 1769 ..
354 1714 388 1769 et
413 1703 653 1788 Sigismundus
677 1705 867 1769 Kindlerus
901 1741 941 1750 —-
975 1705 1229 1768 marchionatus
1258 1704 1362 1787 Supe-

64 1815 185 1892 rioris;
210 1817 244 1875 et
268 1811 537 1876 Maximiliamus
561 1833 581 1874 a
605 1811 743 1876 Leoben
767 1850 807 1856 —
833 1818 867 1874 et
891 1809 1067 1874 Abraham
1091 1810 1254 1875 Civitatis
1278 1811 1362 1874 Gul-

64 1923 171 1985 iensis
204 1917 373 2004 Syndious
391 1971 397 1982 .
416 1969 422 1982 .
440 1970 469 1982 ..
503 1917 676 1984 inferioris
709 1919 871 1984 Lusatiae
905 1918 1020 2002 legati,
1053 1920 1234 1982 memoriae
1273 1939 1362 1982 com-

63 2028 276 2110 mendamus,
301 2027 391 2111 quod
416 2027 560 2090 eumad
585 2027 765 2110 sopiendos
790 2065 830 2072 —
859 2031 898 2090 at
928 2047 1034 2108 surpra
1068 2065 1108 2071 —-
1142 2027 1213 2090 Nos
1245 2027 1361 2109 itaque

62 2137 213 2217 nomine,
237 2139 271 2198 et
295 2156 337 2197 ex
362 2133 609 2217 plenipotentia
633 2134 731 2199 nobis
748 2157 768 2197 a
783 2136 909 2198 nostris
934 2132 1188 2217 principalibus,
1213 2133 1361 2197 statibus

62 2245 165 2327 regni
189 2240 372 2305 Bohemiae
396 2241 573 2325 eidemque
594 2244 888 2325 incorporatarum
904 2242 1158 2324 provinciarum
1173 2240 1360 2324 attributa,

61 2350 248 2415 accedente
282 2369 447 2412 consensu
480 2357 514 2412 et
547 2349 757 2412 authoritate
786 2348 872 2412 bene
906 2347 1078 2431 praefatae
1112 2370 1225 2412 sacrae
1258 2347 1361 2432 maje-

61 2459 176 2538 616116,
200 2455 305 2520 libere
329 2463 364 2518 et
388 2477 456 2519 non
479 2465 594 2519 coacte
619 2455 831 2538 spondemus,
856 2461 891 2518 et
916 2455 1128 2538 praedictum
1152 2455 1192 2519 D.
1217 2455 1361 2521 Botshai

62 2568 310 2647 miiversosque
343 2561 375 2626 S.
409 2562 440 2627 S.
474 2571 508 2626 et
542 2562 579 2626 Ο.
604 2562 641 2626 Ο.
673 2565 770 2646 regni
794 2563 993 2645 Himgariae
1027 2570 1061 2626 et
1085 2561 1361 2627 Transsilvaniae

60 2691 306 2753 assecuramus,
330 2671 420 2754 quod
445 2669 512 2733 Sua
537 2667 699 2752 Majestas
722 2669 810 2733 hanc
834 2669 1153 2752 reconciliationem,
1169 2691 1247 2734 cum
1263 2672 1361 2735 Hun-

59 2779 159 2862 garis
183 2775 318 2860 factam,
342 2798 411 2840 non
435 2776 545 2840 solum
569 2776 817 2840 inviolabiliter
849 2779 887 2840 in
909 2779 1002 2839 omni
1036 2784 1131 2860 parte
1155 2775 1360 2861 observabit,

60 2885 121 2949 sed
164 2885 268 2948 etiam
307 2891 418 2948 status
456 2891 490 2948 et
523 2885 659 2948 ordines
692 2883 804 2947 inoliti
837 2885 935 2966 regni
966 2883 1151 2948 Bohemiae
1182 2886 1361 2970 eidemque

60 2996 360 3074 incorporatamm
384 2994 646 3074 provinciarum,
670 2991 758 3055 nihil
778 2997 896 3054 eontra
912 2992 1104 3074 HungaroS,
1129 2993 1218 3076 quod
1238 2995 1361 3057 vicini-

60 3103 149 3164 tatis
173 3101 226 3162 ius
250 3099 382 3163 laedere
407 3101 522 3184 possit,
546 3098 778 3163 attentabunt.
812 3099 903 3176 Quin
926 3101 1039 3182 imme,
1063 3101 1249 3163 secundum
1273 3102 1361 3163 anti-

59 3231 131 3294 qua
158 3191 256 3290 pacta
289 3214 323 3271 et
357 3207 502 3292 foedera,
536 3230 622 3292 quae
647 3206 862 3290 presentibus
894 3206 987 3270 hisce
1021 3229 1223 3270 renovamus
1256 3214 1291 3270 et
1324 3210 1360 3270 in

59 3319 248 3397 integrum,
282 3336 321 3378 ao
354 3316 383 3377 si
417 3336 603 3399 numquam
626 3314 756 3380 violata
790 3314 944 3396 fuissent,
978 3315 1201 3396 restituimus
1236 3313 1360 3378 bonam

58 3423 283 3486 vicinitatem
315 3429 349 3484 et
373 3428 532 3484 mutuum
557 3442 706 3484 amorem
731 3423 860 3484 sincere
885 3419 1005 3501 colent,
1032 3426 1066 3483 et
1091 3419 1181 3482 ultro
1206 3421 1359 3504 citroque

58 3531 306 3592 commercium
324 3527 598 3591 Christianorum
614 3527 761 3590 liberum
777 3525 935 3591 omnibus
952 3527 1154 3612 relinquent,
1171 3548 1239 3590 non
1255 3550 1359 3610 sesua,

57 3659 99 3700 ac
126 3637 157 3699 si
181 3637 247 3698 ista
272 3638 386 3698 omnia
403 3636 439 3697 in
455 3633 601 3718 publicis
618 3637 766 3698 comitiis
782 3637 878 3718 regni
895 3635 1087 3718 Bohemiae,
1104 3634 1359 3698 marchionatus

58 3745 248 3826 Moraviae,
273 3743 459 3806 ducatuum
484 3740 632 3824 Silesiae,
656 3765 717 3805 neo
746 3764 814 3806 non
846 3742 1143 3806 marchionatuum
1176 3743 1359 3824 superioris

58 3861 95 3916 et
120 3849 297 3914 inferioris
320 3849 482 3914 Lusatiae
511 3857 588 3913 acta
621 3858 655 3913 et
688 3851 845 3913 conclusa
879 3849 1043 3933 fuissent,
1076 3850 1176 3914 modo
1209 3849 1359 3933 idipsum

57 3981 199 4046 quoque
222 3957 266 4022 ab
289 3958 490 4042 Hungarioa
513 3961 659 4040 natione,
684 3957 870 4021 secundum
902 3960 1053 4040 ipsorum
1086 3957 1228 4040 litteras,
1261 3956 1359 4020 nobis

58 4074 243 4152 propterea
267 4063 461 4150 specialiter
483 4067 681 4150 assignatae,
707 4071 906 4149 praestetur.
929 4064 971 4127 ln
994 4061 1091 4146 cujus
1115 4063 1359 4127 corroboratio-

57 4195 142 4238 nem
160 4178 353 4255 praesentes
367 4179 500 4234 nostras
516 4171 708 4256 sigillorum
725 4178 919 4234 nostrorum
935 4172 1139 4252 appensione
1156 4171 1358 4234 communiri

57 4283 218 4346 fecimus,
256 4278 385 4343 Actum
418 4279 571 4344 Viennae
604 4277 774 4362 Austriae,
807 4277 863 4340 die
896 4277 948 4340 26.
981 4278 1105 4340 mensis
1139 4275 1357 4360 Septembris,

56 4409 153 4455 anno
177 4387 298 4451 salutis
324 4385 420 4450 1606.

172 4515 367 4612 Ugyanily
405 4515 629 4588 okiratokat
665 4515 770 4587 irtak
800 4512 860 4586 ala
889 4538 910 4585 a
939 4511 1236 4599 fels6·ausztriai,
1264 4507 1357 4584 also-

56 4641 244 4716 ausztriai
273 4641 311 4716 66
340 4639 458 4733 stajer
485 4641 628 4714 rendek
656 4641 697 4712 is.

116 4794 248 4840 Marcmli:
263 4796 283 4838 Α
298 4805 400 4848 magyar
415 4793 526 4837 1111161161
541 4792 631 4836 111111ὅί.
1213 4772 1248 4826 32
