3160 5212
235 350 301 414 310

235 549 409 630 possimus
437 547 524 611 Cum
540 555 664 630 autem,
684 570 784 612 causa
800 551 1003 632 requirente,
1028 552 1120 612 exire
1136 548 1357 638 voluerimus,
1381 571 1532 634 regnum

235 655 320 718 illud
345 654 433 718 bono
458 655 575 718 ordine
599 663 701 739 atque
726 656 949 738 dispositione
973 655 1215 740 relinquamus

342 763 370 826 9.
404 762 502 845 Item,
534 763 626 847 quod
658 763 741 827 dum
774 766 810 827 in
842 763 1023 848 Hungaria
1055 763 1278 848 manebimus,
1306 763 1533 844 consiliarios,

234 869 461 950 cancellarios,
501 869 760 952 thesaurarium,
802 870 1037 954 cubicularios
1079 870 1281 953 dapiferum,
1321 873 1532 953 pincernam,

234 980 374 1040 comites
408 998 618 1040 camerarum
651 984 685 1040 et
717 978 925 1062 generaliter
956 999 1071 1041 omnes
1105 975 1278 1060 officiales
1315 979 1459 1041 maiores
1495 984 1533 1040 et

234 1087 390 1165 minores,
414 1083 597 1168 Hungaros
622 1091 797 1148 teneamus
820 1091 856 1148 at
880 1085 1074 1149 habeamus,

344 1191 394 1254 10.
418 1189 516 1272 Item,
540 1191 676 1274 quando
700 1192 742 1254 de
766 1191 867 1254 rebus
887 1197 921 1254 et
937 1194 1085 1276 negotiis
1110 1195 1207 1276 regni
1231 1193 1444 1276 Hungariae,
1469 1197 1533 1252 aut

236 1301 385 1380 laertium
401 1297 468 1361 sibi
484 1296 715 1380 subjectarum
738 1306 869 1385 agetur,
893 1321 961 1362 non
978 1321 1055 1362 cum
1074 1299 1160 1381 aliis,
1187 1306 1424 1384 praeterquam
1451 1319 1532 1360 curn

233 1406 398 1490 hungaris
432 1406 634 1469 consiliariis
667 1413 852 1470 tractemus
876 1414 911 1470 et
935 1407 1174 1490 consultamus;
1200 1413 1235 1471 et
1258 1407 1342 1471 alios
1367 1405 1530 1486 forenses,

233 1513 384 1598 aliasque
408 1517 563 1577 nationes
587 1514 630 1576 ad
654 1513 759 1577 talem
782 1514 1076 1598 consultationem,
1100 1515 1237 1600 taleque
1261 1514 1443 1578 consilium
1461 1535 1531 1576 non

233 1621 463 1685 admittemus.

343 1731 393 1792 11.
417 1729 515 1811 Item,
532 1729 622 1813 quod
649 1729 812 1793 beneficia
836 1731 1074 1813 ecelesiastica,
1102 1732 1301 1812 praesertim
1317 1751 1398 1792 vero
1417 1729 1531 1792 arehi-

233 1840 455 1920 episcopatus,
476 1839 698 1920 episcopatus,
718 1835 883 1920 abbatias,
908 1840 1166 1921 praeposituras
1191 1843 1407 1920 caeterasque
1435 1859 1534 1918 prae

232 1945 370 2026 laturas,
394 1946 531 2007 nonnisi
564 1945 749 2029 Hungaris,
772 1945 829 2010 vel
853 1949 1017 2029 quisunt
1049 1965 1191 2008 coronae
1215 1943 1424 2028 abantiquo
1450 1944 1534 2008 sub-

229 2048 323 2135 jecti,
348 2052 476 2136 absque
500 2073 658 2134 expresso
682 2073 846 2116 consensu
871 2059 905 2116 et
931 2051 1038 2116 libera
1062 2075 1100 2115 ac
1128 2058 1314 2136 spontanea
1346 2051 1535 2115 voluntate

233 2160 449 2222 dominorum
474 2159 703 2242 praelatorum
720 2165 754 2223 et
770 2158 945 2242 baronum,
968 2163 1133 2245 regnique
1158 2159 1431 2223 consiliariorum
1451 2180 1537 2222 con-

234 2265 323 2329 ferre
339 2265 531 2346 valeamus;
556 2265 769 2330 conferamus
794 2271 909 2330 autem
926 2271 1077 2350 personis
1095 2265 1265 2348 probitate
1281 2289 1320 2328 ae
1336 2265 1537 2329 virtutibus

232 2373 318 2436 bene
343 2376 483 2437 meritis

343 2483 392 2545 1‘2.
408 2481 506 2560 Item,
522 2479 613 2564 quod
628 2479 895 2564 Waywodatum
912 2481 1258 2565 Transylvanieusem
1274 2486 1309 2543 et
1323 2483 1538 2544 comitatum

233 2589 425 2653 Siculorum
458 2611 496 2650 ac
529 2586 813 2668 Themesiensem,
856 2589 1105 2669 Posoniensem,
1146 2594 1319 2670 praeterea
1358 2587 1537 2651 baustum

233 2695 442 2777 Sclaveniae,
467 2694 660 2758 Dalmatiae
678 2703 711 2758 et
729 2695 895 2770 Oroatiae,
919 2718 1066 2759 necnon
1085 2697 1359 2761 Zewriniensem.
1383 2695 1540 2758 Nandor

233 2803 419 2867 Albensem
444 2809 478 2866 et
502 2803 543 2865 de
566 2799 688 2884 Iajeza.
721 2803 855 2886 aliaque
889 2804 961 2867 loca
985 2810 1019 2866 et
1043 2810 1153 2866 castra
1182 2803 1338 2883 finitima,
1372 2825 1434 2864 nec
1462 2825 1539 2866 non

234 2913 393 2974 civitates
418 2910 558 2994 regaleS,
582 2931 650 2972 non
673 2909 750 2972 aliis
773 2932 875 2993 quam
899 2910 1063 2994 hungaris
1089 2931 1149 2992 pro
1173 2908 1362 2973 officiolatu
1386 2909 1471 2972 dare
1500 2919 1542 2975 et

233 3019 386 3083 conferre
411 3017 593 3098 valeamus
620 3017 705 3080 bene
730 3021 870 3081 meritis

343 3127 393 3189 13.
417 3126 515 3206 Item,
533 3129 756 3208 possessiones
781 3132 816 3189 et
839 3128 913 3188 iura
939 3128 1207 3207 possessionaria,
1232 3146 1300 3188 non
1324 3123 1543 3208 forensibuS,

232 3236 290 3299 sed
315 3235 401 3297 bene
426 3236 566 3316 meritis,
591 3233 710 3296 incolis
734 3239 850 3296 tamen
873 3236 972 3318 regni
996 3239 1031 3296 et
1055 3254 1196 3296 coronae
1222 3232 1422 3317 Hungariae
1451 3233 1544 3297 sub-

228 3341 340 3426 jectis,
366 3345 460 3404 iuxta
485 3363 602 3403 eorum
627 3344 748 3403 merita
773 3347 807 3403 et
831 3340 1001 3426 obsequia,
1030 3339 1254 3404 conferamus
1491 3421 1496 3430 Ι

342 3450 391 3512 14.
425 3449 523 3522 Item,
562 3448 651 3531 quod
685 3451 722 3511 in
755 3447 983 3511 celebratione
1016 3455 1225 3527 octavarum,
1255 3444 1389 3530 judices
1428 3451 1546 3532 regni

232 3557 433 3641 Hungariae
458 3555 622 3618 ordinarii
650 3555 873 3638 personaliter
889 3557 1058 3618 intersint.
1078 3593 1117 3600 —-
1135 3554 1206 3636 Ipsi
1223 3561 1338 3616 autem
1355 3559 1388 3616 et
1408 3573 1545 3618 eorum

232 3668 483 3748 viceagerentes
522 3670 557 3726 et
590 3685 821 3743 eoassessores,
861 3662 1012 3742 liberam,
1053 3661 1187 3744 plenam
1223 3669 1258 3724 et
1294 3660 1547 3725 omnimodam

232 3772 381 3835 habeant
405 3771 616 3845 facultatem,
648 3769 805 3834 omnibus
839 3769 1067 3852 causantibus
1092 3767 1322 3852 cujuscunque
1356 3773 1474 3831 status
1505 3779 1551 3834 et

233 3880 439 3943 conditionis
472 3900 532 3941 seu
564 3879 745 3962 dignitatis
778 3880 936 3958 existant,
969 3876 1096 3960 absque
1125 3879 1218 3938 omni
1241 3879 1372 3956 timore,
1396 3895 1550 3941 meram

232 3995 267 4051 et
290 3990 466 4070 sinceram,
492 3989 585 4049 iuxta
611 3989 709 4071 regni
733 3989 910 4069 antiquam
930 3994 964 4048 et
988 3983 1210 4067 approbatam
1235 3981 1550 4068 consuetudinem,

228 4095 402 4178 justitiam
427 4093 700 4157 administrandi.
725 4094 773 4157 Et
796 4093 885 4177 quod
911 4085 1081 4155 neminem
1101 4089 1259 4174 judicum
1283 4088 1554 4171 compellamus

231 4204 289 4265 vel
313 4202 567 4286 adstringamus
591 4203 627 4263 in
652 4201 805 4263 favorem
838 4201 992 4282 alieuius,
1026 4198 1287 4262 consuetudines
1317 4203 1351 4259 et
1376 4217 1553 4265 cominu-

231 4333 310 4372 nem
335 4307 597 4390 oliserarantiam,
630 4331 669 4370 uc
689 4305 777 4390 juris
810 4307 965 4370 ordinem
998 4309 1191 4386 immutare,
1223 4327 1283 4367 seu
1316 4303 1555 4392 perturbare,

231 4416 286 4478 vel
314 4421 413 4497 prout
438 4417 473 4477 in
497 4437 586 4478 novo
611 4415 747 4478 (laureto
772 4414 878 4477 fuerit
902 4419 1124 4497 expressirm.⁸

341 4555 395 4605 ⁸A
418 4571 546 4606 »novum
565 4553 734 4606 decretum«
755 4569 789 4605 az
810 4549 1191 4621 last-ikitorve115,1nely
1215 4546 1448 4602 termeszetesen
1474 4553 1558 4628 leg.

230 4642 342 4696 inkabu
361 4640 471 4695 szemet
491 4641 592 4695 siu-ta
611 4661 628 4695 a
647 4641 834 4711 kivldtsagos
860 4641 1039 4694 rendekuelr.
