3138 5212
207 325 274 390 432

207 547 249 589 61
274 525 400 589 11116116
423 545 596 588 sacrarum
619 523 842 588 Maiestatum
874 547 977 608 super
998 547 1037 588 ea
1061 548 1097 590 re
1120 526 1165 589 ad
1198 529 1288 610 ipsos
1320 525 1504 590 mittendis

207 631 393 696 clarissime
417 641 631 717 cognoscent,
658 641 693 695 et
717 631 905 696 movebunt
937 633 995 696 vel
1027 635 1063 696 in
1095 641 1209 698 totum
1240 633 1297 698 vel
1319 656 1361 698 ex
1395 641 1503 716 parte,

209 761 268 824 pro
292 741 487 804 litterarum
510 743 683 824 regiarum
707 749 833 804 tenore.
1255 797 1258 806 .

315 849 344 912 5.
368 847 503 932 Oppida
527 847 722 911 Siculicalia
745 869 832 932 quae
855 847 900 912 ab
922 848 1001 912 aliis
1023 847 1149 912 Siculis
1170 848 1290 913 avulsa
1318 857 1407 931 suut,
1439 850 1502 914 illa

207 959 298 1020 euim
321 955 614 1020 contribuciouem
646 955 788 1020 reddere
820 964 991 1040 cogimtur
1021 957 1065 1020 ad
1098 960 1336 1022 necessitatem
1367 958 1501 1022 excelse

209 1071 313 1148 porte,
329 1085 391 1127 uec
409 1070 549 1147 possunt
565 1061 718 1145 dupplici
731 1083 831 1127 onere
849 1066 966 1146 premi,
981 1071 1018 1128 et
1033 1085 1113 1128 sane
1130 1063 1260 1147 placuit
1275 1067 1379 1128 sacris
1395 1064 1501 1129 Maie-

207 1171 356 1238 statibus
371 1171 431 1236 illa
454 1171 579 1254 oppida
603 1173 641 1234 iu
658 1173 729 1234 suis
752 1169 973 1236 libertatibus
995 1174 1189 1236 conservari
1213 1171 1501 1257 quemadmodum

207 1280 393 1344 clementer
416 1277 537 1343 favent
559 1277 753 1343 Siculorum
784 1281 962 1343 universis.

316 1386 345 1450 6.
368 1385 552 1450 Judicibus
571 1387 675 1470 regiis
698 1383 814 1449 officia
837 1383 1066 1468 conferentur,
1091 1393 1132 1450 ut
1154 1387 1399 1451 cousuetudine
1428 1385 1502 1450 lau-

208 1493 298 1574 data,
320 1501 356 1557 et
379 1493 551 1578 dignitate
583 1513 756 1556 sacrarum
779 1493 1003 1557 Maiestatum
1035 1496 1270 1575 conveniente,
1294 1495 1332 1557 in
1353 1493 1502 1578 siugulis

208 1598 346 1664 sedibus
368 1605 521 1680 utentur,
544 1621 607 1662 uec
630 1599 757 1662 mulcte
781 1605 842 1662 aut
867 1597 1018 1684 birsagia
1044 1621 1104 1684 pro
1123 1598 1268 1664 arbitrio
1297 1597 1501 1664 officialium

207 1710 301 1792 exigi
325 1709 582 1791 permittuntur,
605 1726 713 1790 neque
739 1713 854 1770 tamen
879 1706 955 1770 illos
986 1710 1037 1772 ita
1060 1707 1192 1793 negligi
1224 1729 1316 1772 sacre
1340 1707 1502 1772 Maieste

207 1825 259 1880 tes
292 1818 484 1898 paciuntur,
516 1822 556 1878 ut
588 1821 649 1877 aut
683 1813 906 1897 proventibus
947 1816 1185 1900 quoquomodo
1227 1818 1407 1900 priventur
1439 1823 1501 1879 aut

208 1927 298 1987 inter
321 1931 450 1987 ceteros
475 1924 573 2005 parvi
594 1920 796 2002 habeantur,
820 1919 1184 2008 flottipendanturque,
1198 1925 1281 2009 quia
1298 1926 1391 1987 enim
1406 1944 1501 1988 sacre

208 2031 406 2094 Maiestates
430 2028 542 2112 palam
565 2028 687 2092 vident
710 2036 804 2092 etex
819 2031 1027 2094 testimoniis
1049 2030 1263 2114 singularum
1286 2029 1419 2094 sedium
1436 2030 1502 2096 sub

208 2136 273 2200 fide
314 2137 489 2220 productis
526 2143 643 2218 aperte
682 2135 861 2220 colligimt,
898 2133 1034 2219 judices
1071 2139 1184 2221 regios
1222 2140 1314 2201 inter
1349 2135 1502 2222 reliquos

207 2251 317 2307 status
342 2243 534 2307 Siculorum
566 2241 802 2328 negligencius
833 2241 962 2326 haberi,
995 2265 1057 2308 uec
1089 2265 1231 2309 onerum
1262 2243 1500 2329 birsagialium

208 2352 349 2436 dignam
374 2353 575 2434 porcionem,
599 2357 639 2413 ut
663 2359 781 2433 paret
805 2353 1011 2414 conveniens
1039 2359 1139 2433 esset,
1161 2360 1197 2416 et
1220 2349 1385 2416 officiales
1409 2354 1502 2434 priu-

207 2463 322 2542 cipum
364 2461 493 2541 optimo
531 2453 609 2540 jure
651 2466 872 2540 mererentur,
914 2458 983 2522 illis
1022 2458 1265 2540 administrari,
1303 2465 1503 2525 statuerunt

207 2569 323 2650 itaque
347 2573 387 2629 ut
410 2565 569 2646 deinceps
588 2561 722 2646 judices
745 2568 833 2650 regii
857 2569 894 2630 in
916 2565 1062 2650 singulis
1095 2565 1233 2631 sedibus
1258 2566 1502 2631 Siculicalibus

208 2675 244 2736 in
267 2672 393 2737 honore
416 2679 452 2736 61
474 2674 732 2735 existimacione
748 2672 853 2756 digna
872 2671 1073 2756 habeantur,
1089 2681 1124 2737 61
1141 2676 1178 2737 in
1192 2695 1232 2737 eo
1248 2676 1319 2738 siut
1333 2681 1501 2757 respectu,

207 2800 274 2866 quo
299 2781 461 2862 principis
485 2779 638 2863 dignitas
661 2799 750 2859 vere,
774 2785 900 2861 aperte,
923 2786 958 2843 et
986 2763 1024 2844 iu
1056 2779 1205 2844 solidum
1227 2779 1358 2844 elucere
1384 2785 1502 2863 possit,

208 2909 346 2971 persone
385 2889 476 2950 enim
513 2901 572 2950 sue
611 2893 647 2948 et
685 2886 867 2971 dignitatis
908 2908 1001 2950 sacre
1040 2888 1239 2951 Maiestates
1279 2891 1500 2972 praecipuum

207 3003 398 3077 respectum
422 2992 541 3058 haberi
564 2993 695 3056 volunt.

316 3101 343 3164 7.
366 3099 487 3185 Itaque
507 3098 614 3184 judex
639 3102 762 3185 regius,
786 3100 1010 3183 personaliter
1037 3103 1066 3164 si
1090 3103 1126 3165 in
1149 3104 1303 3166 serviciis
1326 3123 1501 3166 sacrarum

207 3207 428 3272 Maiestatem
470 3208 527 3272 vel
565 3211 664 3292 regni
702 3217 886 3290 occupatus
925 3229 993 3272 non
1026 3207 1141 3289 fuerit,
1176 3207 1318 3292 judiciis
1351 3208 1501 3292 publicis

207 3313 364 3378 omnibus
387 3317 550 3379 iuteresse
574 3313 723 3398 debebit,
747 3318 776 3378 61
804 3337 885 3379 vero
918 3319 989 3398 ipse
1023 3317 1059 3379 in
1092 3337 1234 3399 persona
1267 3337 1327 3380 sua
1360 3324 1502 3399 propter

207 3424 350 3485 servicia
374 3425 467 3506 regia
491 3429 551 3486 aut
575 3424 681 3506 regni,
705 3422 762 3485 vel
793 3422 860 3485 alia
884 3429 977 3486 certa
1009 3424 1255 3504 impedimenta
1286 3431 1321 3487 et
1354 3425 1501 3486 occasio-

207 3551 266 3592 nes
289 3532 452 3592 interesse
476 3551 545 3593 non
569 3532 703 3611 poterit,
728 3529 956 3593 substitutum
979 3529 1087 3594 alium
1114 3533 1310 3616 quempiam
1333 3531 1406 3595 loco
1439 3549 1500 3594 suo

206 3635 362 3720 delegare
387 3636 518 3700 debeat.

313 3745 342 3806 8.
367 3744 488 3808 Sontes
512 3753 627 3808 autem
651 3753 686 3807 et
710 3743 929 3826 maleficiarii,
957 3767 1016 3827 per
1039 3745 1130 3829 leges
1154 3743 1292 3828 publica
1324 3747 1499 3808 sentencia

85 3863 89 3874 '
206 3851 455 3934 condempnati,
479 3873 539 3935 pro
563 3852 808 3915 consuetudine
831 3855 930 3935 regni
955 3861 990 3916 et
1010 3851 1258 3916 deliberacione
1282 3852 1499 3916 dominorum

206 3959 464 4042 regnicolarum,
488 3957 610 4022 ultimo
635 3959 800 4042 supplicio
832 3958 926 4022 affici
949 3957 1133 4041 debebunt,
1156 3982 1218 4023 uec
1243 3957 1500 4042 pactacionibus

207 4065 285 4128 ullis
309 4064 576 4148 eliberabuntur,
600 4069 666 4130 nisi
691 4065 780 4129 forte
803 4069 919 4151 grecia
945 4069 1107 4148 principis
1135 4068 1348 4130 succurrerit.

313 4173 341 4234 9.
375 4172 417 4235 In
441 4171 607 4256 Birsagiis
641 4171 766 4254 furum,
795 4174 1074 4254 homocidiorum,
1099 4171 1378 4254 fornicacionum,
1401 4173 1498 4236 adul-

206 4282 293 4344 terii.
318 4277 494 4342 effusionis
511 4283 697 4364 sanguinis,
714 4281 988 4344 mutillaeionum
1005 4279 1244 4346 membrorum.
1262 4282 1497 4361 periuriorum,

208 4409 449 4470 percussorum,
473 4386 581 4450 livida
605 4387 757 4450 membra
780 4391 1031 4472 generaneium,
1051 4384 1158 4470 judex
1183 4389 1298 4471 regius
1320 4388 1357 4450 in
1382 4390 1497 4472 singu·

208 4495 248 4558 lis
272 4495 409 4559 sedibus
432 4496 554 4578 Marce,
589 4496 787 4576 dearhel,
821 4498 986 4581 Arauyas,
1019 4496 1130 4580 Chyk,
1162 4495 1335 4582 GyergyO,
1368 4496 1495 4581 Kyzd),v

205 4609 240 4664 et
265 4599 366 4684 Orbaj
392 4602 573 4667 habiturus
597 4613 649 4666 661
683 4606 852 4688 integram
884 4605 1032 4668 mediam
1063 4613 1202 4686 partem,
1226 4603 1394 4688 reliquam
1416 4622 1497 4666 vero
