3178 5210
229 409 295 472 594

229 609 298 669 sint
314 606 473 687 exempti.
497 603 527 668 Ε
545 610 663 668 contra
681 624 740 686 pro
757 603 883 667 tuenda
901 603 1012 686 patria
1030 604 1174 685 propriis
1191 603 1353 684 impensis
1369 601 1519 667 militare

228 711 387 776 obstricti
400 717 630 793 permaneant,
640 731 709 774 non
720 717 836 774 tamen
851 709 1102 774 subintellectis
1118 711 1255 774 rusticis
1272 707 1328 774 vel
1340 706 1520 795 jobbagio-

227 817 329 882 nibus
352 817 500 882 Siculis⁹

337 923 599 1006 Decimoquiato.
622 923 796 1008 Liberum,
812 927 915 990 sicuti
931 925 994 990 sub
1011 923 1229 1008 Principibus
1244 922 1322 1005 fuit,
1338 931 1519 1007 quaestum

228 1052 286 1096 seu
311 1034 512 1096 commercia
536 1051 649 1095 rerum
673 1035 825 1096 omnium
849 1033 1074 1116 concedimus
1103 1031 1250 1116 benigne
1282 1029 1445 1112 volentes,
1479 1039 1517 1094 ut

227 1145 262 1201 et
286 1138 455 1202 nobilium
479 1140 738 1222 praerogativae
762 1160 801 1202 ac
826 1139 1008 1224 privilegia
1033 1138 1096 1203 hoc
1112 1141 1150 1202 in
1165 1159 1267 1220 passu
1285 1137 1517 1202 observentur.

335 1245 567 1312 Decimoseato.
600 1243 759 1309 Decimus
782 1249 896 1328 etiam,
920 1254 1081 1310 consveta
1105 1245 1271 1310 hactenus
1302 1247 1393 1330 apud
1427 1250 1518 1330 ipsos

226 1354 353 1418 arenda
377 1352 500 1417 redimi
532 1352 659 1436 solitae,
692 1354 840 1418 dominis
872 1353 1093 1418 terrestribus
1124 1353 1357 1437 relinquimus,
1390 1354 1517 1418 urenda

226 1471 343 1526 tamen
366 1461 446 1526 fisco
475 1467 657 1525 reservata.

335 1569 469 1633 Decimo
487 1567 630 1651 septimo,
646 1568 784 1654 Magnis
807 1575 842 1632 et
866 1589 935 1632 101
957 1567 1156 1632 necessariis
1180 1567 1367 1650 praesidiis,
1391 1569 1519 1650 partim

226 1697 267 1740 ex
305 1675 431 1739 militia
464 1675 627 1761 indigena
660 1675 891 1759 instituendis,
924 1683 959 1739 et
991 1697 1033 1739 ex
1065 1683 1182 1740 nostro
1214 1677 1345 1738 aerario
1376 1673 1519 1754 alendiS,

226 1784 437 1866 provinciam
452 1803 522 1845 non
537 1781 770 1864 onerabimus;
787 1781 990 1846 Generalem
1006 1789 1122 1846 tamen
1137 1789 1172 1846 et
1189 1787 1291 1865 caput
1307 1779 1520 1845 Germanum

226 1889 295 1956 illis
311 1888 553 1973 praeficiemus,
569 1891 630 1974 qui
649 1893 855 1972 reciprocam
870 1910 949 1952 cum
964 1889 1201 1954 Gubernatore
1218 1888 1369 1954 Consilio
1389 1887 1520 1964 Status,

225 2003 261 2060 et
285 1995 447 2060 Generali
471 1995 617 2060 militiae
642 1995 948 2080 Transsylvanicae
972 1999 1009 2060 in
1030 1995 1190 2061 omnibus
1213 1998 1362 2082 negotiis
1385 1994 1520 2058 bellicis

225 2103 559 2184 correspendentiam
575 2101 764 2185 habiturus,
778 2103 864 2186 aliie,
880 2104 923 2167 ad
937 2104 1150 2187 praedictum
1166 2101 1303 2167 Statum
1315 2100 1519 2166 1116111111-

225 2213 322 2274 nium
346 2208 607 2293 pertinentibus,
631 2232 666 2273 se
690 2231 759 2274 non
783 2213 925 2295 ingeret.
1431 2273 1434 2278 .

332 2317 587 2382 Dcolmooctoau.
611 2315 778 2380 Tollimus
794 2340 814 2382 a
831 2317 1017 2382 Saxonicae
1041 2319 1198 2401 11110111,
1214 2323 1249 2380 et
1265 2319 1373 2380 totius
1389 2315 1518 2400 ubique

225 2427 367 2489 miserae
407 2423 516 2508 plebis
555 2423 755 2507 cervicibus
796 2447 855 2508 per
889 2425 1034 2490 abusum
1066 2429 1294 2490 inveteratam
1326 2426 1519 2510 gratuitam

223 2534 396 2596 viatorum
420 2529 572 2614 cujusvis
595 2534 730 2617 generis
753 2531 809 2597 vel
834 2530 1052 2596 Conditionis
1069 2533 1332 2614 victitationem,
1351 2551 1519 2614 equorum

223 2661 262 2704 ac
294 2642 404 2703 omnis
437 2642 572 2723 generis
606 2636 843 2722 jumentorum
881 2643 1161 2725 angariaticnem,
1194 2647 1229 2704 et
1261 2640 1519 2724 quartiriorum,

223 2745 374 2829 aliosque
414 2744 551 2827 similes,
590 2749 790 2828 praesertim
823 2749 859 2810 in
892 2747 1021 2810 dictam
1053 2745 1256 2810 Saxonicum
1287 2747 1461 2809 nationem
1498 2765 1517 2806 a

223 2850 415 2916 viatoribus
438 2849 604 2916 hactenus
626 2857 794 2917 exercitos
817 2853 960 2936 abusus;
985 2852 1247 2916 clementissime
1273 2851 1456 2934 evadendc,
1481 2859 1518 2915 et

219 2952 381 3042 jubend0,
398 2966 437 3022 ut
456 2967 582 3043 postas,
601 2964 741 3030 remissa
766 2964 860 3044 prius
883 2961 926 3024 ad
951 2960 1065 3024 aulam
1087 2967 1240 3024 nostram
1263 2957 1519 3040 informatione,

222 3089 242 3129 a
264 3065 416 3130 Consilio
440 3065 567 3150 Status,
592 3068 780 3132 diversoria
802 3089 884 3132 vero
908 3089 968 3151 pro
993 3066 1156 3132 benevole
1187 3065 1401 3150 recipiendis,
1419 3063 1519 3148 justa

223 3175 365 3255 pecunia
381 3181 416 3236 et
433 3178 542 3257 pretio
562 3174 717 3239 cibandis
741 3174 994 3258 itinerantibus,
1019 3197 1039 3238 a
1064 3175 1212 3239 dominis
1235 3171 1457 3238 terrestribus
1482 3183 1518 3238 et

223 3279 434 3344 Civitatibus
458 3284 721 3345 constituantur.

330 3385 400 3450 Nos
421 3391 546 3472 itaque,
566 3390 626 3472 qui
650 3390 901 3470 pientissimum
925 3389 1012 3473 regii
1036 3389 1186 3452 muneris
1202 3387 1321 3451 Nostri
1337 3393 1519 3453 executuri

223 3491 385 3576 officium,
409 3497 647 3559 universorum
671 3502 706 3558 et
729 3495 943 3581 singulorum
968 3495 1123 3560 fidelium
1147 3495 1302 3578 salutem,
1335 3517 1518 3562 commune

223 3598 358 3684 bonum,
382 3601 671 3685 tranquillitatem
696 3601 876 3685 publicam,
894 3605 943 3667 rei
966 3603 1172 3667 christianae
1197 3605 1457 3687 incrementum,
1483 3613 1518 3668 et

222 3705 456 3770 charissimam
489 3707 801 3793 Transsylvaniam,
834 3708 937 3791 nullo,
977 3709 1049 3773 Dec
1082 3709 1283 3794 opitulante,
1322 3710 1520 3774 Minotauri

222 3813 359 3878 Turcici
374 3814 600 3900 Labyrinth0,
617 3817 776 3900 deinceps
796 3816 1039 3900 implicandum
1063 3817 1158 3882 cordi
1180 3817 1350 3899 duximus,
1369 3819 1458 3881 visis
1484 3828 1518 3881 et

222 3923 426 3985 examinatis
459 3921 643 4004 praedictis
675 3922 831 3987 articulis
863 3931 896 3986 et
932 3926 1077 4006 punctis,
1102 3932 1283 4008 pensantes
1311 3944 1367 3988 eos
1392 3923 1520 3989 honori

221 4148 322 4213 luerit,
342 4147 413 4200 talis
433 4151 587 4218 quantitas
606 4151 678 4205 salis
698 4151 783 4205 Fisco
803 4158 903 4206 nostro
917 4152 1020 4222 Regio,
1035 4151 1146 4206 effluxo
1159 4151 1362 4206 arendationis
1375 4153 1520 4220 termino,

221 4240 307 4288 extra
325 4236 439 4290 crificia
457 4238 700 4293 salistbdinsrum
720 4241 839 4293 restitui
859 4239 973 4294 debeat.
992 4275 1028 4283 -
1047 4241 1091 4293 Aa
1118 4239 1256 4310 orsztgra
1282 4237 1345 4293 1611
1373 4239 1521 4296 terhekre

220 4322 312 4377 necve
332 4341 365 4376 11
385 4326 582 4381 Alvincziana
601 4329 756 4383 Resolutio
775 4329 855 4382 11111
875 4330 1055 4400 vigasztalja
1068 4347 1086 4382 a
1098 4329 1249 4399 rendelret,
1263 4329 1343 4400 hogy
1357 4328 1518 4398 hajobbra

221 4412 319 4466 l'ordul
339 4431 372 4468 11
392 4415 448 4482 ide,
467 4421 484 4471 ὅ
503 4416 615 4488 l'elsege
633 4419 838 4488 gondcskodni
856 4419 906 4489 sog
926 4437 943 4472 1
962 4419 1062 4473 lehetd
1080 4417 1332 4490 kdnnyiteeekrdl.

332 4508 403 4560 ’Az
422 4508 621 4562 Alvincziana
640 4509 795 4563 Resolutio
814 4527 832 4562 1
856 4509 1083 4580 Szekelyekrdl:
1112 4509 1267 4563 Consentit
1294 4525 1348 4562 suu
1371 4509 1518 4581 Majostss

221 4594 464 4664 clementissime,
483 4605 518 4652 ut
537 4599 630 4652 Siculi
644 4599 896 4670 Transsylvaniae
915 4599 1026 4653 tinibus
1045 4615 1105 4652 non
1124 4599 1298 4666 educantur,
1316 4599 1379 4652 nisi
1399 4603 1518 4670 patriae
1563 4647 1564 4654 ,

220 4685 314 4755 ipsius
340 4687 483 4741 tutandae
501 4689 579 4740 ratio
597 4695 627 4740 et
646 4689 806 4742 necessitas
826 4688 855 4740 id
875 4687 1068 4758 postularent.
