3160 5212
691 609 881 681 Secunda
905 630 1013 700 para.

315 808 383 871 Tit.
407 807 452 871 Π.
479 802 570 888 Quot
594 801 710 869 modis
729 801 899 870 Genernlc
924 801 1103 868 decretum
1126 800 1379 889 intellipcturt'
1410 803 1502 868 Con-

208 918 406 980 stitutiones
438 915 549 998 igitur
582 915 775 997 principum
808 936 867 977 seu
905 913 1040 977 decreta
1075 914 1172 995 regni
1205 919 1351 995 quatuor
1388 911 1502 974 modis

207 1024 415 1088 considerari
439 1029 588 1105 possunt.
1341 1032 1345 1041 '

316 1130 491 1208 Quaedam
515 1132 605 1194 enim
630 1131 893 1194 constitutiones
919 1135 998 1192 sunt
1032 1151 1073 1191 ex
1098 1135 1171 1191 1010
1206 1149 1264 1209 per
1297 1130 1502 1210 posteriores

209 1240 403 1322 abrogatae,
427 1237 697 1325 simpliciterque
720 1245 909 1302 revocatae.

315 1344 415 1409 Aliae
439 1367 521 1408 vero
546 1347 671 1430 partim
695 1345 853 1427 abolitae,
879 1347 1004 1428 partim
1027 1343 1243 1426 approbatae.

317 1452 492 1529 Quaedam
515 1461 631 1516 autem
655 1451 792 1515 silentio
817 1453 1030 1534 praeteritae.

316 1561 363 1624 Et
386 1560 554 1645 quaedam
583 1559 808 1622 introductae.

315 1668 358 1732 In
380 1667 435 1732 his
466 1669 575 1752 igitur
608 1665 921 1747 constitutionibus,
954 1687 1040 1750 qnae
1073 1687 1115 1727 ex
1139 1669 1213 1727 toto
1246 1669 1325 1725 sunt
1359 1661 1501 1744 deletae,

210 1776 325 1854 (sicuti
360 1771 530 1856 judicium
569 1771 769 1850 Palatinale,
808 1771 1023 1835 Proclamata
1062 1771 1291 1854 congregatio
1329 1769 1500 1833 Iudicium

210 1882 316 1946 duelli
354 1889 387 1945 et
421 1878 672 1944 Trineforensis
706 1877 965 1960 proclamatio)5
981 1876 1242 1941 attendendum
1275 1882 1327 1940 est
1365 1884 1501 1959 tempus

209 1971 415 2054 abolitionis.
449 1987 536 2064 Quia
570 1985 697 2050 futuris
732 1995 766 2048 et
799 2006 868 2049 non
902 1988 1089 2069 praesentis
1129 1987 1238 2048 causis
1275 2006 1314 2046 ac
1352 1984 1503 2066 negotiis

209 2097 373 2161 videntur
396 2096 506 2180 legem
530 2097 711 2176 imponere.

317 2203 359 2266 111
383 2205 493 2266 causis
517 2211 641 2282 tamen,
669 2203 787 2285 vigore
821 2200 1005 2264 earundem
1037 2201 1215 2278 inchoatis,
1239 2202 1368 2265 servari
1399 2199 1504 2264 debet

210 2311 331 2374 modus
356 2311 529 2393 pristinus,
553 2329 620 2393 quo
644 2310 736 2390 ipsae
760 2329 879 2371 causae
903 2307 1082 2372 inchoatae
1115 2307 1220 2372 fuisse
1244 2308 1504 2392 dignoscuntur,

211 2440 279 2482 non
302 2427 470 2502 qnantrnn
494 2416 537 2480 ad
567 2437 683 2479 00111111
707 2417 832 2478 iterum
857 2415 1129 2498 celebrationem,
1153 2417 1211 2480 sed
1236 2417 1346 2502 quoad
1373 2437 1505 2499 proces-

211 2548 309 2589 suum
334 2527 485 2608 ipsarum
515 2523 797 2588 observationem.

320 2634 422 2698 Secus
460 2639 557 2712 esset,
596 2633 625 2694 si
659 2652 718 2712 per
749 2630 854 2694 verba
887 2631 1005 2694 eadem
1039 2633 1284 2695 constitut-ione
1318 2633 1437 2714 posita,
1468 2638 1505 2694 et

211 2743 411 2823 conscripta,
435 2739 527 2824 leges
551 2761 589 2802 ac
623 2739 885 2802 constitutiones
918 2738 1115 2802 huiusmodi
1147 2739 1366 2802 traherentur
1397 2739 1506 2801 etiam

210 2849 252 2912 ad
279 2849 471 2932 praeterita.
495 2846 585 2910 Nam
608 2844 828 2927 simpliciter:
861 2847 1123 2909 constitutiones
1147 2868 1216 2910 non
1239 2847 1281 2909 ad
1309 2846 1506 2928 praeterita,

211 2955 269 3019 sed
295 2954 411 3019 futura
436 2953 556 3037 ligant.

321 3063 475 3129 Securulc
498 3082 588 3142 ver0,
612 3061 748 3146 quando
773 3059 903 3123 scilicet
928 3063 1053 3143 partim
1085 3069 1165 3124 sunt
1189 3061 1404 3144 approbatae,
1430 3082 1506 3142 par-

212 3173 275 3234 tim
292 3191 373 3234 vero
390 3169 548 3246 abolitae,
568 3169 795 3252 innitendum,
819 3176 855 3232 et
875 3169 1142 3233 incumbendum
1165 3176 1216 3232 est
1241 3168 1360 3232 formis
1383 3167 1508 3232 verbo-

173 3311 177 3320 ·
211 3301 296 3354 rum,
321 3280 357 3340 in
381 3279 464 3360 ipsis
488 3276 792 3341 constitutionibus
816 3283 851 3340 et
875 3277 1021 3340 decretis
1046 3279 1233 3360 positorum
1257 3284 1297 3340 ut
1316 3275 1507 3358 approbata

212 3393 401 3467 serventur,
425 3383 554 3448 abolita
577 3393 693 3448 autern
717 3380 918 3466 rejiciantur
942 3391 976 3447 et
1000 3405 1069 3448 non
1091 3383 1324 3448 observentur.

323 3491 442 3560 Tertio,
482 3491 618 3574 quando
658 3492 786 3574 priores
825 3490 917 3574 leges
959 3490 1016 3554 vel
1057 3493 1320 3556 constitutiones
1362 3491 1507 3554 suerrmt

212 3599 348 3662 silentio
374 3601 639 3682 praetermissae,
663 3601 711 3663 sic
737 3599 827 3684 qnod
851 3598 945 3662 nulla
971 3602 1100 3664 mentio
1123 3601 1293 3664 habeatur
1317 3600 1359 3662 de
1384 3601 1507 3682 priori-

213 3706 284 3786 bus
311 3727 370 3788 per
394 3708 603 3788 posteriores,
628 3729 729 3790 super
752 3709 943 3770 variatione
967 3707 1023 3770 vel
1047 3709 1286 3771 immutatione
1310 3706 1507 3772 earundem.

213 3813 309 3876 Tunc
335 3813 462 3895 priores
495 3813 587 3896 leges
616 3816 771 3898 vigorem
804 3813 929 3878 habere
953 3814 1218 3898 dignoscrmtur:
1253 3815 1290 3880 Si
1313 3817 1508 3879 contrarius

212 3941 293 3982 usus
317 3919 433 4001 populi
456 3919 525 3983 illis
549 3942 618 3983 non
650 3918 947 4004 praejudicaverit.
978 3922 1067 3984 Nam
1101 3944 1180 3985 usus
1214 3923 1314 3987 realis
1338 3931 1373 3987 et
1397 3925 1508 3986 conti-

213 4048 300 4089 nuus
324 4047 422 4108 saepe
446 4026 557 4112 legem
585 4026 687 4091 101111.

207 4133 209 4136 ’
321 4135 447 4213 12110110
469 4157 568 4199 vero:
593 4135 676 4198 (lum
703 4135 867 4200 videlicet
900 4157 1009 4200 novae
1042 4137 1134 4221 leges
1167 4135 1298 4200 fuerint
1331 4135 1509 4199 introduc-

213 4253 286 4303 tae:
310 4241 406 4304 Tunc
431 4243 617 4306 secundum
641 4243 717 4306 illas
742 4241 914 4325 oportebit
948 4244 1107 4326 iudicare,
1141 4247 1212 4307 sive
1247 4246 1316 4308 sint
1340 4241 1508 4323 efficaces,

321 4471 394 4522 ‘Az
423 4471 483 4524 01οὅ
511 4471 630 4524 1111111101
659 4489 692 4524 az
713 4471 839 4524 1486-1111
867 4471 1020 4525 decretum
1049 4471 1155 4524 turolte
1185 4471 1220 4524 el.
1250 4473 1276 4524 Α
1299 4471 1510 4527 trineforensis

213 4559 428 4629 proclamatidt,
448 4561 555 4630 vagyis
574 4577 591 4612 a
611 4559 779 4614 htromszor
808 4560 876 4614 vald
904 4559 1015 4615 ideze'st
1034 4560 1144 4614 eltszbr
1163 4561 1282 4632 Matyts
1306 4561 1382 4614 1458.
1405 4562 1509 4613 11111·-

214 4645 310 4719 vcnye
329 4649 436 4702 tbrblta
456 4649 493 4717 el,
512 4649 592 4718 majd
612 4667 645 4701 az
667 4651 743 4702 1486.
765 4651 815 4719 l‘r',
835 4648 866 4704 ds
887 4653 963 4704 1492.
983 4651 1025 4704 38.
1046 4651 1214 4703 t-czikkek.
