3124 5216
208 380 273 444 720

207 582 311 642 rietas
333 576 565 661 Religionum,
589 597 649 640 seu
672 578 921 654 institutorum,
953 570 1079 657 quibus
1103 571 1234 635 incolae
1258 571 1391 636 addicti
1415 577 1505 654 sunt,

207 689 280 750 sive
303 685 427 750 deinde
451 687 488 748 in
512 683 689 747 credendis
707 679 935 767 dogmatibus,
958 682 1031 743 sive
1048 681 1085 742 in
1101 699 1274 744 sacrorum
1288 678 1417 743 ritibus
1434 701 1505 762 per-

208 793 359 877 agendis.
393 791 482 856 Sunt
515 792 695 854 nimirum:
719 795 752 865 0)
771 786 1125 870 Romano-Catholici,
1148 787 1181 866 b)
1204 787 1440 872 Augustanae,
1465 825 1502 832 —

208 900 236 979 c)
261 899 463 964 Helveticae
487 896 694 962 confessioni
726 897 846 978 dediti,
870 897 905 977 d)
934 893 1107 959 Catholici
1130 897 1237 958 ritum
1260 894 1433 959 Graecum
1457 917 1505 958 00-

207 1015 360 1090 quentes,
383 1006 412 1086 e)
436 1004 510 1069 Alii
533 1001 686 1087 ejusdem
709 1007 806 1086 ritus,
839 1011 876 1068 01
909 1025 988 1067 0010
1021 1000 1193 1086 prioribus
1216 1023 1287 1065 non
1309 1001 1504 1065 00111.Νο-

207 1133 321 1176 merus
345 1111 560 1196 singularum
591 1110 751 1175 classium
783 1111 826 1174 ad
858 1110 1033 1193 complura
1065 1111 1222 1173 excurrit
1254 1108 1383 1172 millia:
1416 1109 1503 1194 quod

207 1222 348 1306 quidem
371 1242 410 1285 eo
434 1222 682 1285 contentiorem
706 1219 860 1304 deposcit
876 1219 1104 1304 diligentiam,
1130 1225 1165 1281 et
1189 1219 1226 1280 in
1248 1216 1442 1281 ordinanda
1458 1217 1506 1280 rei

208 1327 380 1391 literariae
403 1326 701 1391 administratione
734 1329 1081 1411 circumspectionem,
1106 1345 1173 1409 quo
1196 1322 1307 1409 major
1329 1327 1425 1390 inter
1452 1347 1506 1388 eas

208 1437 305 1518 viget
338 1433 539 1518 dogmatum
578 1441 613 1498 et
645 1436 777 1497 rituum
810 1433 1065 1498 dissimilitudo.
1099 1433 1128 1496 3.
1162 1432 1321 1497 Varietas
1353 1435 1506 1514 ipsorum

208 1540 357 1624 Civium,
380 1543 418 1604 in
441 1539 566 1626 quibus
582 1547 680 1604 sunt:
696 1541 732 1620 u)
748 1541 914 1605 Homines
937 1543 1105 1605 rusticani
1128 1561 1189 1604 seu
1212 1545 1375 1624 agrestes.
1392 1539 1427 1618 b)
1445 1538 1506 1622 Op

209 1649 335 1732 pidani.
359 1651 390 1726 c)
414 1647 562 1714 Urbium
579 1648 842 1730 provincialium
858 1648 997 1712 incolae.
1021 1649 1057 1729 d)
1073 1647 1298 1712 Habitatores
1321 1648 1507 1711 civitatum

208 1753 411 1820 Liberamm
433 1754 632 1839 Regiarum,
655 1763 758 1840 atque
788 1758 894 1819 etiam
910 1756 1162 1838 Montanarum,
1185 1756 1292 1820 variis
1315 1754 1432 1818 dediti
1455 1776 1507 1817 ne-

207 1864 322 1946 gotiis,
346 1861 546 1948 artibusque
569 1871 604 1926 et
640 1865 851 1926 commerciis
882 1861 1142 1945 multiplicibus.
1170 1863 1200 1944 e)
1233 1862 1332 1926 Varii
1364 1864 1419 1926 rei
1453 1883 1507 1944 pu-

209 1967 319 2032 blicae
341 1975 402 2032 aut
435 1971 585 2033 aerariae
608 1969 813 2033 administri.
847 1968 879 2050 f)
913 1968 1087 2034 Praefecti
1110 1968 1267 2033 Militiae.
1297 1969 1334 2052 Ι0)
1363 1967 1508 2033 Nobiles

208 2077 304 2140 vario
327 2077 523 2138 munierum
550 2097 675 2160 genere
708 2075 874 2140 distincti.
908 2076 945 2157 h)
977 2075 1134 2161 Denique
1157 2075 1280 2141 Olerus
1303 2079 1418 2140 omnis
1442 2097 1507 2139 una

209 2203 286 2245 cum
310 2179 452 2245 familiis
474 2181 670 2266 Religiosis.

316 2289 370 2353 Ex
395 2289 458 2352 hac
481 2291 661 2353 nationum
684 2296 787 2374 atque
807 2289 967 2353 ordinum
990 2291 1160 2353 varietate
1188 2288 1382 2352 luculenter
1405 2289 1509 2372 adpa—

210 2405 262 2460 ret
286 2399 391 2460 etiam
424 2396 618 2460 studiorum
650 2399 686 2459 in
725 2395 849 2459 scholis
881 2395 1141 2459 tractandorum
1173 2397 1341 2459 rationem
1374 2399 1509 2460 variam

209 2513 313 2588 atque
337 2503 565 2587 multiplicem
597 2526 677 2586 esse,
710 2511 745 2568 et
778 2503 866 2568 hanc
899 2506 1008 2586 ipsam
1040 2506 1246 2568 varietatem
1269 2505 1306 2567 in
1329 2504 1508 2568 condendo

211 2611 403 2674 scholarum
426 2613 589 2677 instituto
622 2613 820 2694 cumprimis
844 2618 926 2674 ante
948 2611 1063 2674 oculos
1086 2613 1217 2673 versari
1242 2617 1434 2694 opportere.
1457 2612 1508 2675 Ac

212 2718 353 2800 proinde
376 2740 513 2801 operam
538 2717 769 2782 adhibendam
786 2739 866 2780 esse.
884 2719 912 2780 1.
928 2716 978 2782 Ut
1002 2717 1107 2782 Natio
1124 2717 1299 2802 quaelibet
1323 2719 1508 2802 (quantum

209 2827 350 2910 quidem
372 2825 448 2890 fieri
472 2825 613 2910 poterit)
637 2827 784 2908 propriis
801 2827 969 2887 instructa
993 2827 1040 2887 011
1064 2823 1189 2888 scholis
1212 2824 1418 2906 vernaculiS,
1436 2829 1510 2910 qui-

210 2932 273 2997 bus
298 2937 448 3016 praesint
472 2934 702 2998 moderatores
735 2954 803 2996 non
836 2931 936 2995 modo
970 2933 1108 2995 nativae
1133 2931 1272 3016 linguae
1297 2934 1510 3014 peritissimi,

210 3040 398 3104 sedetiam
431 3041 468 3102 in
499 3039 585 3123 01110,
618 3061 762 3124 quarum
801 3061 882 3102 usus
920 3041 958 3101 in
988 3039 1111 3123 Regno
1135 3047 1187 3102 est
1211 3037 1436 3124 frequentior,
1460 3045 1509 3105 ita

210 3149 348 3229 versati,
371 3154 411 3210 ut
441 3168 505 3228 000,
530 3169 607 3210 0010
631 3168 684 3209 100
708 3145 944 3230 postulaverit,
968 3145 1089 3209 docere
1113 3148 1253 3229 possint.
1282 3147 1311 3210 2.
1335 3145 1386 3212 Ut
1410 3150 1508 3213 insti·

211 3260 327 3318 tutum
350 3251 414 3317 hoc
438 3253 631 3318 literarium
658 3253 817 3318 omnibus
840 3276 882 3317 ex
914 3274 1022 3338 aequo
1055 3259 1136 3317 utut
1169 3255 1351 3318 dissimiles
1374 3256 1508 3342 Religi-

210 3384 290 3426 ones
314 3361 526 3426 sectantibus
549 3362 683 3426 civibus
707 3363 965 3427 accomodatum
997 3364 1052 3444 sit,
1076 3363 1175 3426 etad
1200 3385 1415 3431 communem
1439 3387 1507 3429 om-

210 3471 306 3532 nium
331 3467 511 3550 culturam,
535 3467 758 3552 publicaeque
791 3470 841 3530 rei
874 3466 1143 3531 emolumentum
1166 3469 1260 3532 nullo
1284 3469 1505 3555 Religionrun

210 3705 327 3747 omnes
351 3685 489 3747 omnino
517 3685 646 3747 civium
671 3683 801 3764 classes,
825 3685 990 3745 nimirum
1006 3682 1178 3763 ruricolas
1195 3684 1392 3767 oppidanos,
1407 3685 1504 3750 urba-

211 3811 280 3872 1100,
305 3789 542 3853 Comitatuum
564 3789 621 3853 vel
643 3788 792 3853 Militiae
821 3786 1018 3852 Praefectos
1042 3796 1105 3852 etc.
1121 3789 1311 3872 aequaliter
1326 3795 1504 3874 pertineat.

319 3892 347 3978 ξ
363 3895 423 3960 IV.
439 3895 490 3960 De
506 3895 639 3960 artibus
656 3903 691 3960 et
707 3895 907 3978 disciplinis,
924 3895 1049 3980 quibus
1062 3893 1228 3978 juventus
1245 3896 1431 3963 imbuenda
1447 3909 1505 3964 est.

317 4002 361 4066 In
383 4011 501 4086 aperto
534 4011 594 4087 est,
633 4003 805 4068 delectum
836 4006 964 4067 artium
1003 4003 1262 4085 disciplinarum
1294 4005 1395 4089 paulo
1428 4017 1505 4072 0010

212 4116 484 4176 001010010010110
507 4113 697 4177 1000101010
728 4110 912 4196 generibus
945 4133 1016 4175 esse
1045 4109 1337 4193 conformandum,
1361 4113 1506 4199 diligen-

212 4221 410 4304 tissimeque
434 4221 724 4306 investigandum,
757 4243 925 4306 quaenam
949 4221 1064 4285 studia
1088 4219 1216 4283 futuris
1240 4218 1404 4307 cujusque
1430 4245 1505 4287 con-

212 4325 402 4390 ditionibus
426 4331 495 4391 sint
519 4327 782 4411 accommodata,
799 4336 834 4391 et
851 4329 887 4390 in
903 4326 1114 4411 quotidianis
1132 4329 1226 4390 vitae
1242 4327 1361 4392 usibus
1381 4329 1507 4394 emolu·

212 4441 367 4497 mentum
391 4433 555 4499 allatura:
577 4435 659 4499 hinc
683 4437 774 4498 enim
799 4437 882 4498 satis
915 4432 1104 4517 adparebit,
1127 4434 1216 4498 nihil
1239 4439 1347 4500 aetati
1370 4443 1507 4500 tenerae

212 4561 284 4602 esse
309 4539 616 4626 praescribendum,
633 4545 700 4606 nisi
725 4542 815 4626 quod
835 4545 872 4605 10
888 4550 1062 4624 posterum
1085 4538 1284 4624 adjumento
1307 4543 1418 4606 eidem
1436 4565 1507 4607 esse

214 4651 328 4731 possit.
352 4649 463 4726 Quare
486 4651 513 4716 I.
538 4651 587 4716 Ut
611 4673 631 4714 a
655 4649 783 4732 plebeis
807 4649 868 4713 fiat
901 4652 1050 4730 initium,
1084 4650 1266 4714 1111101010
1289 4652 1508 4716 institutione
