3160 5212
1276 347 1342 410 aro

62 553 252 625 reportasse:
277 547 337 630 qui
360 542 544 628 aliquando
569 543 746 608 Bohemos.
779 543 963 627 aliquando
988 544 1142 627 Polonos,
1166 545 1342 608 interdum

59 651 245 715 Austriatos
268 655 305 714 in
329 673 406 714 eum
430 659 549 715 contra
573 651 702 714 ancos
725 653 899 713 intentum
916 647 1117 715 sollicitavit
1142 653 1342 716 commovit-

60 779 119 842 que.
142 767 181 820 ut
206 780 225 820 a
249 757 350 821 bellis
371 757 442 822 illis
475 759 698 822 sanctissimis
722 759 766 821 ad
792 757 1037 839 propulsandas
1060 761 1204 822 iniurias
1229 758 1339 822 redire

59 864 315 947 compelleretur.
339 865 385 930 Et
417 865 474 928 hio
508 865 633 928 multas
672 867 816 928 iniurias
848 869 1072 948 enumeravit,
1106 889 1189 950 quas
1214 865 1340 929 referre

59 970 283 1056 longissimum
307 979 403 1035 esset.
437 972 512 1056 Ego
546 995 563 1034 e
603 978 721 1035 contra
754 972 831 1035 illas
865 977 1136 1042 commemoravi.
1170 995 1254 1059 quas
1278 995 1339 1036 ser.
1411 1001 1413 1006 ·

58 1081 232 1160 imperator
255 1087 374 1142 contra
397 1102 432 1142 se
456 1079 599 1142 moleste
631 1077 719 1142 latas
752 1080 896 1143 dixerat.
922 1080 986 1143 Est
1010 1081 1101 1144 eninr
1125 1103 1185 1144 rex
1210 1081 1340 1144 doctus.

14 1187 16 1192 ’
57 1205 82 1250 et.
103 1209 180 1250 curu
203 1189 378 1270 gravitate
401 1197 436 1251 et
469 1189 648 1250 maiestate
686 1187 835 1272 quadam
868 1187 1022 1268 dicendi3
1055 1197 1094 1251 nt
1127 1188 1216 1252 nihil
1239 1189 1340 1261 dicat,

14 1335 16 1388 L
57 1315 145 1377 quam
171 1293 218 1360 id.
241 1295 332 1378 quod
357 1292 424 1356 sibi
448 1293 657 1357 credendum
689 1293 858 1358 videatur.
885 1295 932 1358 Et
957 1293 1110 1377 profecto
1135 1293 1342 1376 contempla-

14 1391 15 1396 *
55 1407 100 1463 tus
132 1401 301 1482 eumdem,
334 1402 406 1464 eius
439 1403 625 1485 ingenium
665 1400 829 1485 linguam.
869 1423 996 1464 mores:
1030 1404 1166 1468 astutia.
1200 1401 1342 1465 audacia

14 1509 17 1616 p
57 1509 216 1588 principes
239 1528 364 1588 omnes,
389 1529 473 1591 quos
497 1509 587 1572 novi.
611 1507 707 1570 nullo
730 1520 882 1591 exeept0,
916 1509 1100 1573 antecellit.
1125 1509 1195 1572 BB.
1229 1509 1342 1591 pater!

14 1633 15 1636 ’
55 1615 111 1678 Hic
134 1623 188 1679 est
212 1639 274 1679 rex
297 1615 460 1700 indefessi
489 1618 604 1690 animi.
638 1617 809 1680 Martialis
843 1625 945 1695 totus
977 1617 1066 1682 nihil
1089 1620 1157 1681 nisi
1181 1615 1343 1680 bellicum

14 1653 17 1784 i
55 1727 200 1808 rogitans
235 1736 270 1788 et
303 1727 375 1789 sine
409 1723 524 1788 verbis
558 1725 705 1806 faciens;
738 1726 794 1789 hic
828 1727 1002 1790 machinas
1035 1729 1240 1807 innumeras
1274 1733 1342 1788 tor-

54 1841 159 1896 menta
184 1832 341 1914 plurima,
365 1832 569 1896 bombardae
592 1835 678 1897 adeo
701 1837 860 1918 ingentes
884 1834 1056 1914 confilans
1077 1841 1112 1898 et
1130 1835 1282 1896 modium
1299 1829 1341 1912 (Ρ)

55 1937 200 2021 lapidum
224 1939 318 2002 mille
344 1938 518 2022 librarum⁷
542 1949 577 2003 et
601 1943 669 2004 iam
692 1941 810 2004 decem
833 1949 867 2004 et
892 1949 1023 2024 septem
1046 1939 1250 2004 bombardae
1279 1939 1342 2003 Po-

54 2049 179 2109 soninm
204 2067 324 2110 versus
349 2049 452 2128 misit,
476 2069 620 2132 quarum
645 2050 829 2132 unicuique
854 2049 1041 2112 trahendae
1065 2049 1182 2112 elecem
1206 2053 1240 2110 et
1266 2055 1342 2110 octo

14 2211 16 2226 p
53 2157 122 2235 equi
148 2161 308 2236 potentes
328 2155 479 2218 eiusdem
496 2155 618 2218 coloris
634 2154 788 2240 colligati
812 2164 927 2237 erana
951 2157 1042 2242 qnod
1059 2179 1138 2219 vero
1162 2155 1343 2236 obstupui3

53 2274 120 2324 turn
143 2263 227 2346 quia
251 2261 452 2326 admiranda
467 2261 684 2344 videbantur,
701 2269 776 2326 tum
800 2265 880 2346 quia
904 2285 972 2326 non
996 2262 1225 2326 conficiendae
1243 2263 1344 2343 pacis,

51 2368 102 2431 sed
126 2367 279 2452 augendi
303 2367 385 2432 belli
419 2371 516 2454 signa
550 2367 767 2432 videbantur.
800 2367 924 2451 Rebar,
949 2372 1113 2434 diuturno
1137 2369 1227 2433 bello
1251 2369 1343 2432 hunc

14 2455 17 2580 l
52 2497 105 2538 ser.
121 2497 239 2560 regem
255 2477 391 2558 inopem
408 2473 539 2540 factum
556 2499 636 2554 esse,
652 2477 742 2561 quod
764 2478 868 2539 etiam
888 2481 924 2540 in
943 2477 1050 2541 Grata
1075 2477 1160 2540 mihi
1185 2497 1344 2560 suggere-

14 2603 16 2672 p
50 2580 156 2650 batur.
179 2593 215 2646 et
239 2585 277 2645 in
311 2585 525 2648 recensendis
564 2587 700 2664 caussis.
733 2586 776 2648 ad
812 2608 929 2666 parem
952 2585 1125 2670 urgendis
1150 2587 1253 2647 istam
1275 2603 1344 2646 non

14 2679 17 2774 l
51 2697 254 2772 postremam
278 2695 528 2756 connumeravi.
553 2693 636 2774 Quo,
661 2701 700 2756 nt
728 2694 851 2775 iudica
877 2693 1008 2758 factum
1032 2703 1092 2774 est,
1115 2699 1156 2756 ut
1181 2693 1235 2756 die
1260 2691 1343 2755 XX.

14 2787 16 2904 ᾗ
49 2798 239 2883 aquodam
263 2800 372 2862 amico
396 2821 471 2862 meo
504 2801 674 2862 invitatus
707 2821 782 2863 sum
816 2801 858 2866 ad
892 2799 1144 2882 inspiciendum
1170 2799 1344 2882 palatium⁷

14 2907 16 2968 l
49 2926 119 2988 quc,
146 2927 227 2988 piace
260 2903 383 2970 Italiac
422 2906 577 2988 dixerim,
619 2909 656 2970 in
689 2909 762 2989 ipsa
795 2907 930 2972 nullum
964 2911 1201 2990 praestantius
1235 2928 1344 2990 neque

14 3015 15 3072 J
47 3015 156 3075 maius
180 3021 241 3075 est.
274 3011 497 3076 Introductus
530 3016 567 3076 in
599 3017 770 3097 vestiaria,
796 3017 868 3079 sive
901 3037 995 3080 more
1022 3023 1147 3096 nostra
1171 3017 1208 3078 in
1232 3013 1343 3076 salvas

14 3083 17 3164 l
45 3118 195 3199 roboas?
219 3126 270 3182 tot
296 3123 461 3201 pretiosas
484 3127 597 3184 vestes
621 3143 711 3204 aura,
739 3125 885 3206 gemmis
908 3131 943 3186 et
976 3125 1172 3207 margaritis
1196 3129 1344 3201 onustas.

45 3231 185 3310 tapetas,
209 3228 337 3310 aulaea,
361 3235 415 3291 tot
442 3251 524 3292 vasa
557 3238 720 3314 argentea
753 3238 856 3315 atque
890 3253 1001 3304 aurea,
1025 3235 1111 3294 mira.
1135 3237 1209 3294 arta
1233 3227 1345 3292 elabo-

44 3343 126 3416 rata.
153 3337 238 3418 vidi.
262 3345 302 3400 ut
326 3339 528 3419 existimem,
553 3339 603 3402 50.
628 3339 784 3404 crrrribus
808 3339 936 3404 deferri
952 3361 1019 3403 non
1038 3361 1141 3422 posse.
1157 3339 1254 3403 inter·
1278 3337 1345 3400 alia-

44 3444 213 3508 suffamr
236 3467 349 3518 11111111,
373 3467 414 3508 ex
438 3445 547 3509 solido
571 3454 605 3509 et
630 3469 714 3530 puro
738 3454 880 3529 argento
906 3446 1051 3528 iactam
1085 3453 1202 3510 tantae
1227 3445 1345 3507 altitu-

43 3551 134 3616 dinis
161 3560 266 3638 atque
289 3552 440 3617 ambitus
473 3555 615 3636 inspexi,
654 3556 744 3640 quod
786 3556 852 3618 duo
889 3559 949 3620 vix
984 3556 1165 3639 complecti
1199 3561 1344 3636 possent.

43 3663 131 3724 Sunt·
161 3664 318 3724 rmieorni
351 3661 427 3743 duo,
451 3684 539 3726 unus
562 3665 672 3726 instar
691 3666 880 3726 eommunis
906 3666 994 3748 equi,
1018 3664 1107 3727 alter
1130 3664 1232 3726 unius
1248 3659 1344 3723 aselli

41 3789 117 3831 curn
145 3789 256 3831 cornu
279 3789 361 3834 vero
385 3775 487 3850 su034
512 3777 685 3852 praeterea
714 3793 829 3833 eruces
854 3779 888 3833 et
912 3777 1111 3834 ornamenta
1146 3769 1264 3832 altaris
1288 3766 1345 3827 arl-

38 3875 222 3958 miranda3
246 3881 281 3938 et
306 3883 441 3958 praeter
464 3875 538 3940 590.
563 3877 692 3958 plateas
719 3899 859 3962 magnas
892 3888 927 3940 et
961 3899 1087 3960 cuppas
1121 3877 1193 3939 300.
1226 3895 1345 3936 aureas

39 3995 69 4042 et
94 3981 238 4066 quadra
261 3989 296 4045 et
321 3982 444 4046 bacilia
468 3985 541 4046 sino
565 4005 715 4064 numero,
744 4007 830 4068 quae
857 3983 1009 4066 profecto
1033 3985 1147 4047 omnia
1171 3981 1345 4044 aestimari

37 4109 105 4151 non
134 4097 291 4175 possunt.
315 4065 464 4153 Tantam
493 4091 583 4172 apud
614 4089 705 4154 hunc
738 4113 853 4172 regem
879 4091 1064 4172 pretiosam
1090 4087 1345 4171 supellectilem

40 4197 202 4274 pretiosa
224 4216 313 4275 vasa,
337 4203 496 4260 ornatum
520 4199 656 4278 atrium,
690 4205 728 4260 ut
754 4197 943 4260 Salamonis
971 4197 1116 4280 gloriam
1141 4217 1208 4258 non
1233 4193 1347 4256 crede-

153 4378 165 4406 *
191 4367 333 4424 Ruhatar.

153 4467 166 4495 ³
193 4458 318 4530 Kalyha.

152 4561 165 4587 ⁴
192 4551 234 4602 Aa
252 4549 478 4622 egyszarvrinak
497 4568 609 4618 saarva,
630 4569 646 4603 a
669 4547 826 4620 lrtlzeplrori
856 4550 970 4604 bahana
997 4550 1116 4617 sierint,
1148 4567 1165 4600 a
1197 4547 1347 4618 rndrgezds

14 4641 114 4720 {ellan
139 4638 218 4694 ved.
237 4639 325 4694 Aaert
345 4658 362 4694 a
382 4639 559 4709 l'cjedelmelr
579 4639 711 4692 asztah'nr
733 4639 795 4692 volt
816 4657 832 4690 a
852 4639 947 4709 helpe.
