3144 5218
1255 381 1318 446 531

40 568 210 636 1111100101
228 567 287 646 IX.
303 569 356 636 De
372 569 559 637 Structurn
588 571 816 660 Templorum
842 576 874 638 ei
898 570 1009 639 libero
1025 572 1206 642 1100101110
1222 575 1319 643 Reli-

38 677 143 762 pionis
160 677 459 765 Euangelicorum
476 678 513 744 iu
531 677 713 764 Confiniis,
727 679 919 762 lauriensi,
929 679 1088 764 Leuensi,
1102 681 1320 768 Tibuuieusi,

114 789 223 870 proul
247 784 355 852 etiam
380 784 520 874 oppidis
544 785 930 854 Rem-Comaromieusi
953 792 985 854 et
1009 787 1234 856 Holicziensi.

134 949 177 1012 In
200 945 347 1012 confinio
370 949 544 1014 Jauriensi
568 931 787 1032 permittitur
819 959 993 1016 structura
1025 953 1147 1036 templi
1170 956 1207 1017 in
1230 976 1319 1018 nova

36 1057 187 1136 0111101ος
211 1055 358 1119 liberum
382 1058 585 1120 exercitium
608 1079 698 1140 vero,
724 1065 795 1121 tam
818 1059 919 1141 intra,
943 1081 1046 1142 quam
1069 1065 1167 1124 extra
1186 1065 1319 1126 moenia

36 1164 133 1243 ipsius
158 1161 314 1244 confinii,
338 1169 373 1226 et
397 1171 436 1226 ut
460 1166 617 1228 minister
640 1163 728 1228 cons.
752 1165 1029 1250 evangelicorum
1061 1169 1152 1231 intra
1185 1171 1320 1233 moenia

35 1269 112 1333 dicti
136 1269 276 1334 confinii
304 1269 469 1353 habitare,
500 1279 604 1356 atque
638 1275 743 1336 etiam
776 1275 813 1335 10
845 1273 945 1336 domo
977 1277 1172 1339 concionari
1204 1280 1319 1360 possit.

35 1376 184 1442 1011000
210 1399 352 1462 quoqne,
376 1385 549 1442 structura
572 1379 772 1443 admittitur
797 1401 857 1462 pro
885 1380 1094 1466 evangelicis
1128 1380 1217 1468 Aug.
1242 1404 1319 1447 000-

35 1483 192 1550 fessionis.

132 1593 175 1656 In
200 1593 337 1676 Tihany
371 1601 509 1674 propter
541 1596 736 1677 angustiam
769 1593 835 1657 1001
867 1601 902 1657 01
935 1593 1112 1658 abbatiam
1145 1602 1318 1660 structura

31 1700 199 1764 0001010110
224 1699 299 1762 11011
323 1720 390 1762 000
415 1707 535 1782 potest,
560 1702 774 1783 permittitur
798 1707 914 1764 autem
933 1699 1080 1764 liberum
1105 1705 1317 1784 exercitium,

34 1808 288 1891 restituiturque
321 1806 450 1890 domus,
474 1829 576 1891 quam
608 1813 709 1869 antea
742 1810 900 1871 minister
934 1807 1153 1892 evangelicus
1185 1809 1318 1872 inhabi-

31 1912 129 1976 tabat.
152 1913 341 1997 Oppidanis
357 1922 473 1977 autem
489 1913 930 1997 Rev-KomaromiensibuS,
942 1917 1030 1978 sicut
1047 1921 1081 1978 et
1098 1915 1317 1980 Holitsiensi-

32 2019 87 2084 bus
125 2021 335 2105 evangelicis
374 2028 525 2103 potestas
563 2021 767 2085 aedificandi
799 2029 833 2085 et
866 2023 1082 2086 restaurandi
1116 2025 1244 2106 templa
1278 2046 1316 2087 ae

31 2127 128 2192 libere
158 2128 365 2192 exercendae
390 2129 566 2214 religionis
590 2127 737 2192 facultas
760 2129 854 2192 salva
879 2137 1084 2212 permanea-t.

29 2349 206 2417 1111100101
233 2348 271 2416 Χ.
298 2349 350 2416 110
380 2349 621 2437 Temptarunt,
654 2349 931 2434 Puroclriorum,
964 2358 996 2418 el
1030 2351 1245 2420 Sclrolurum
1280 2353 1314 2420 iu

29 2457 67 2523 iis
91 2458 190 2539 locis,
216 2457 276 2524 ubi
304 2457 450 2545 Templo
476 2463 648 2546 occupatu
677 2465 709 2524 et
735 2459 769 2525 in
803 2460 1077 2545 pronominibus
1111 2461 1314 2549 specificato

239 2586 306 2653 pro
333 2565 528 2632 Catholicis
553 2567 817 2650 remansissent,
842 2567 1098 2653 aedificatione.

128 2729 249 2807 Quoad
274 2737 498 2810 structuram,
524 2730 801 2814 qnandoquidem
824 2753 865 2794 ex
886 2735 1059 2815 occupatis
1084 2755 1122 2796 ao
1142 2735 1178 2796 in
1194 2755 1315 2818 grava-

27 2837 175 2902 minibus
199 2835 402 2919 specificatis
427 2837 573 2919 templis,
599 2837 707 2900 multo
732 2837 839 2920 plura,
865 2861 968 2922 quam
996 2861 1082 2924 quae
1107 2841 1315 2926 evangelicis

28 2948 183 3009 restituta
201 2951 321 3024 essent,
340 2965 418 3025 prae
435 2942 593 3006 manibus
610 2943 856 3008 catholicorum
873 2949 1132 3025 remansissent;
1157 2948 1258 3011 liceat
1278 2951 1315 3010 in

27 3051 151 3116 talibus
167 3051 250 3114 locis
266 3050 474 3136 evangelicis
489 3071 548 3132 pro
562 3052 725 3113 exercitio
739 3051 915 3135 religionis
930 3055 1088 3136 ipsorum,
1100 3055 1166 3117 alia
1177 3055 1314 3138 templa,

26 3160 199 3240 parochias
231 3166 265 3221 et
299 3157 430 3234 scholas
464 3157 653 3240 aedificare,
688 3157 941 3224 sufficientibus
974 3168 1008 3224 et
1040 3163 1081 3224 ad
1116 3163 1150 3225 id
1182 3164 1314 3226 idoneis

25 3265 102 3331 locis
127 3289 189 3350 pro
213 3265 341 3330 talibus
365 3264 511 3349 templis
537 3263 704 3348 parochiis
728 3275 762 3329 et
787 3265 920 3350 scholia
946 3291 1005 3350 per
1021 3268 1061 3332 D.
1078 3269 1117 3331 D.
1134 3277 1313 3333 terrestres

25 3395 133 3438 001010
157 3377 232 3438 vice
264 3371 448 3436 comitibus
480 3375 706 3437 comitatuum
739 3381 773 3436 et
807 3375 997 3457 potioribus
1030 3376 1206 3458 nobilium,
1240 3379 1313 3459 pari

25 3503 162 3547 numero
186 3504 227 3545 ex
261 3481 437 3562 catholica,
470 3485 559 3545 sicut
592 3489 627 3543 et
659 3481 857 3566 evangeliea
891 3483 1065 3568 religione,
1100 3483 1221 3546 iisdem
1255 3507 1314 3566 per

25 3593 265 3654 universitates
289 3592 515 3653 comitatuum
538 3586 775 3673 adjungendis
800 3591 890 3652 intra
914 3593 1063 3672 spatium
1088 3593 1269 3668 trimestre,
1293 3614 1310 3654 a

23 3789 120 3827 omnes
140 3787 247 3825 census
265 3772 423 3824 annuatim
443 3777 594 3841 praestare
613 3771 783 3840 adigantur,
804 3788 870 3823 cum
894 3777 924 3824 et
946 3771 1021 3824 alias
1050 3771 1172 3842 Templa
1204 3773 1312 3842 ubique

24 3859 151 3916 locorum
169 3861 207 3914 ab
226 3859 397 3928 hujusmodi
416 3859 553 3912 censibus
573 3857 704 3928 profanis
724 3858 917 3928 privilegiata
930 3876 993 3912 esse
1012 3860 1215 3912 deberent...
1235 3862 1312 3914 ratio

22 3959 97 4005 esset
134 3951 386 4020 Evangelioorum
424 3948 691 4002 Szalrolcziensium
729 3951 925 4018 augustanae
963 3948 1169 4017 confessionis,
1204 3951 1312 4020 quibus

24 4039 131 4094 Domus
150 4040 269 4093 deserta
289 4055 340 4109 pro
359 4039 502 4092 exercitio
521 4038 689 4110 Religionis
709 4039 820 4090 eisdem
848 4038 965 4105 collata,
993 4056 1051 4091 non
1080 4039 1176 4091 solum
1208 4039 1245 4092 ab
1274 4040 1311 4092 iis

22 4139 83 4182 erat
111 4135 263 4199 occupata,
292 4128 341 4183 sed
371 4145 425 4181 1100
453 4128 523 4180 dum
552 4129 653 4180 extrui
684 4128 794 4180 eisdem
827 4129 977 4197 permissa,
1010 4129 1069 4181 imo
1099 4128 1137 4179 ab
1169 4128 1311 4181 exercitio

22 4217 188 4290 Religionis
207 4235 322 4290 quoque
341 4223 554 4272 arcerentur..
570 4257 575 4269 .

127 4311 171 4362 Aa
192 4309 349 4370 1646171111
367 4307 615 4378 orsztggytllesen
635 4325 653 4360 a
674 4306 877 4377 protestansok
897 4306 1097 4359 Szakolczarol
1118 4307 1187 4377 lgy:
1213 4307 1311 4358 Evan-

20 4397 129 4465 geliccs
160 4395 384 4450 Szakolozenses
415 4397 446 4448 10
479 4396 618 4449 libertate
656 4397 810 4465 religionis
847 4397 987 4466 ipsorum,
1020 4396 1122 4464 vigore
1154 4395 1310 4448 modernae

22 4484 248 4554 Commissionis,
260 4493 362 4539 contra
375 4485 489 4538 clarum
502 4503 622 4538 sensum
636 4486 823 4555 Diplomatis,
838 4502 889 4555 per
902 4485 1080 4536 amotionem
1094 4484 1310 4552 Ministrorum,

21 4574 116 4629 medio
135 4573 410 4628 Commissariorum
429 4573 598 4642 Majestatis
619 4573 653 4626 V.
674 4573 700 4625 S.
725 4575 857 4644 proxime
877 4573 1047 4643 praeteritis
1066 4572 1170 4626 diebus
1189 4573 1309 4640 iactam,

19 4662 54 4715 de
75 4663 156 4716 facto
178 4662 304 4716 turbari.

1148 4768 1202 4822 34*
