3160 5212
1274 359 1341 425 309

47 563 196 642 ipsorum
231 568 508 623 conservatorum
541 556 694 642 ejusdem
729 582 879 640 coronae,
914 560 988 622 dari
1021 567 1056 623 et
1088 562 1258 644 assignari
1291 558 1340 622 fa-

44 670 213 730 eiiamus.⁵

153 777 182 837 ι’).
208 775 298 838 Item
324 778 564 858 promittimus,
597 777 687 859 quod
721 776 921 858 Moraviam
945 797 1006 838 nec
1031 795 1098 837 non
1124 773 1281 838 Silesiam
1306 781 1340 838 et

47 882 230 946 Lusatiam
256 889 425 966 utrasque,
442 905 460 945 a
478 904 599 946 corona
617 889 652 946 et
667 904 773 968 regno
796 883 997 968 Hnugariae
1020 903 1088 944 non
1108 881 1340 959 alienabimus

44 990 103 1052 sed
131 988 224 1052 infra
249 995 383 1072 tempus
407 990 661 1072 redemptionis
681 987 783 1072 juxte
800 992 1039 1072 inscriptiones
1055 995 1090 1052 et
1105 987 1341 1073 obligationes

43 1098 127 1160 elias
153 1101 191 1160 in
217 1098 331 1161 diaeta
361 1097 577 1161 Olomucensi
601 1097 735 1188 factas<3
758 1097 802 1160 ad
826 1101 934 1180 ipsam
959 1117 1117 1160 coronam
1141 1095 1341 1180 Hungariae

43 1225 179 1285 semper
203 1203 405 1268 tenebimus.
424 1243 463 1250 -
482 1204 519 1269 Si
534 1225 616 1268 vcro
633 1227 789 1268 successu
810 1211 1002 1288 temporum
1020 1203 1172 1286 praefata
1189 1203 1338 1267 dominia

41 1333 206 1375 acorona
229 1317 265 1375 et
288 1333 393 1396 regno
417 1312 617 1396 Hungariae
642 1335 701 1396 per
721 1312 805 1395 illos,
829 1311 953 1396 quibus
974 1309 1074 1393 juxta
1101 1313 1340 1394 inscriptiones

43 1427 76 1481 et
100 1418 334 1504 obligationes
357 1419 539 1501 superinde
564 1418 673 1483 factas
696 1422 869 1502 competit,
901 1419 1169 1482 redimerentur:
1193 1423 1341 1481 extunc

44 1533 158 1589 totam
182 1525 279 1589 illam
302 1547 470 1589 summam
494 1529 656 1608 pecuniae
680 1527 723 1590 ad
748 1548 868 1590 manus
897 1531 1174 1589 conservatorum
1200 1546 1341 1588 coronae

41 1634 84 1696 ad
103 1633 328 1717 Wyssegrad
353 1655 455 1715 penes
472 1655 638 1714 coronam,
656 1655 716 1717 pro
733 1637 831 1719 regni
847 1636 1048 1696 necessitate
1072 1632 1341 1696 conservandam

42 1744 267 1824 assignemus,
291 1740 497 1823 tandemque
521 1741 564 1804 ad
590 1740 823 1805 defensionem
847 1747 882 1804 et
898 1741 1087 1804 utilitatem
1113 1742 1220 1824 regni,
1244 1742 1341 1802 iuxta

42 1848 260 1911 voluntatem
300 1855 335 1910 et
368 1848 549 1911 consilium
587 1849 803 1912 dominorum
843 1848 1072 1931 praelatorum
1107 1854 1142 1910 et
1175 1846 1340 1910 baronum

42 1961 314 2038 exponemuset
339 1961 585 2036 convertamus,
617 1961 652 2018 et
676 1955 718 2018 de
742 1958 815 2038 ipsa
840 1959 993 2038 pecunia,
1027 1960 1161 2038 praeter
1185 1954 1341 2018 volunta-

42 2079 115 2125 tem
140 2068 176 2125 et
201 2061 382 2124 consilium
406 2067 440 2124 et
464 2060 619 2144 liberum,
643 2084 907 2147 expressumque
931 2084 1133 2126 consensum
1156 2061 1341 2125 eorundem

41 2170 264 2232 dominorum
299 2168 527 2251 praelatorum
559 2175 595 2232 et
623 2169 797 2252 baronum,
830 2169 924 2233 nulla
958 2174 1090 2234 ratione
1122 2170 1341 2252 disponamus

41 2277 235 2359 quidpiam,
259 2275 316 2338 vel
338 2296 488 2360 agamus.

155 2385 185 2446 6.
202 2382 301 2464 Item,
316 2383 407 2466 quod
424 2405 465 2446 ex
481 2405 548 2466 quo
566 2382 738 2466 praefatus
758 2385 929 2468 quondam
956 2383 1122 2448 Dominus
1148 2381 1340 2463 (Matthias)

2 2555 3 2558 ,
43 2514 110 2572 rex,
138 2491 321 2555 Austriam
338 2496 372 2554 et
388 2491 552 2555 nonnulla
576 2497 685 2554 castra
712 2499 746 2555 et
769 2495 928 2556 civitates
952 2495 988 2556 in
1012 2491 1138 2576 Styria⁷
1161 2488 1340 2554 Corinthia

2 2657 3 2660 ,
42 2614 74 2662 et
92 2598 282 2676 Carniolia,
306 2597 466 2662 thesauro
490 2602 589 2683 regni
612 2600 812 2684 Hungariae
837 2603 1022 2684 aequisivit
1048 2638 1088 2644 -
1113 2597 1156 2662 ob
1179 2598 1243 2661 hoo
1269 2618 1343 2678 pro-

2 2703 3 2784 }
41 2709 218 2770 mittimus
243 2713 278 2768 et
301 2727 363 2768 nos
387 2704 596 2790 obligamus3
620 2708 710 2790 quod
734 2706 912 2772 Austriam
937 2711 1046 2790 ipsam
1065 2711 1100 2770 et
1117 2712 1248 2769 caetera
1268 2704 1341 2768 loca

39 2815 232 2878 Caesareae
265 2811 450 2896 Majestau
483 2821 544 2876 aut
572 2815 684 2878 Seren.
718 2815 855 2879 domino
879 2816 1113 2879 Romanorum
1145 2815 1260 2897 regist
1285 2812 1342 2874 vel

41 2943 163 2984 eorum
187 2918 401 3001 haeredibus⁷
425 2919 551 3003 absque
575 2921 716 3003 speciali
739 2927 774 2984 et
797 2943 955 3005 expresso
987 2941 1152 2984 consensu
1176 2925 1210 2982 et
1234 2917 1341 2982 libera·

43 3029 226 3091 voluntate
261 3027 477 3090 dominorum
513 3027 741 3109 praelatorum
769 3034 804 3091 et
829 3028 1002 3110 baronum,
1036 3049 1211 3110 nunquam
1244 3029 1342 3088 resti-

41 3151 193 3216 tuamus,
229 3135 287 3197 sed
322 3140 497 3197 teneamus
530 3135 572 3197 ad
607 3157 765 3198 coronam
797 3137 1006 3220 Hungariae,
1040 3134 1341 3216 defendamnsque,

2 3264 3 3294 ³
44 3266 104 3304 nei·
132 3242 253 3325 aliqua
277 3240 397 3304 mundi
421 3243 477 3304 via
501 3240 545 3304 ab
569 3242 747 3327 Hungaria
773 3242 968 3306 alienemus.
1261 3315 1264 3324 Ι

76 3429 80 3435 Ι
156 3350 184 3412 7.
212 3347 311 3425 Item,
334 3347 424 3431 quod
449 3369 526 3410 cum
543 3349 645 3412 dictis
669 3348 915 3432 maiestatibus
939 3349 1066 3432 absque
1092 3349 1241 3427 consilio⁷
1265 3369 1342 3410 con-

40 3479 154 3534 seman.¹
180 3463 218 3518 et
241 3453 349 3516 libera
382 3475 605 3538 expressaque
638 3455 816 3518 voluntate
849 3456 1034 3520 eorundem
1067 3456 1282 3518 dominorum
1307 3461 1341 3515 et

41 3563 215 3626 baronum
239 3561 421 3644 superinde
447 3583 515 3624 non
539 3563 788 3626 concordemus
816 3603 855 3610 —

151 3673 183 3733 8.
210 3669 308 3750 Item,
332 3667 423 3752 quod
448 3690 507 3752 pro
541 3673 661 3734 maiori
687 3677 781 3753 parte
805 3675 842 3734 in
865 3673 1043 3756 Hunguria
1073 3691 1277 3748 maneamus,
1302 3675 1341 3730 ut

39 3777 258 3842 commodius
283 3776 484 3861 faciliusque
509 3780 607 3858 regni
631 3777 890 3842 necessitatibus
916 3778 1089 3842 consulere
1110 3784 1145 3839 et
1162 3775 1340 3858 providere

152 4112 306 4165 ⁸Eldszbr
336 4111 475 4165 mes-ben
495 4111 572 4163 all.
600 4113 744 4166 ten-ben
772 4111 990 4165 rendelkeznek
1010 4130 1026 4164 a
1046 4111 1158 4164 korona
1186 4108 1340 4178 drzese'rdl

37 4205 143 4258 mido'n
163 4219 249 4272 uagy
268 4200 478 4254 aldozatokkal
498 4200 746 4254 visszaszereztek
765 4219 782 4253 a
795 4203 924 4253 namneti
944 4201 1069 4253 kincset.
1094 4199 1202 4252 Annak
1221 4199 1341 4250 kikerit-

37 4292 147 4360 lesere,
167 4292 252 4361 hogy
272 4307 289 4342 a
309 4289 421 4342 korona
440 4287 529 4342 iamet
552 4288 658 4358 idegen
679 4288 765 4342 ke'zre
782 4289 895 4358 jassen,
916 4309 933 4342 a
952 4289 1051 4359 kirtly
1070 4287 1276 4356 gmnloskodni
1291 4287 1341 4356 sog

36 4383 193 4436 alkalmas
213 4378 404 4450 cgyenekrdl,
424 4378 477 4430 kik
497 4383 545 4430 ant
559 4397 575 4430 a
590 4378 777 4446 megszokott
797 4378 915 4449 helyen,
939 4378 1024 4430 teln'it
1044 4376 1229 4446 l'isegradon
1249 4377 1340 4428 drzik.

2 4535 3 4540 ¹
38 4471 79 4527 De
100 4490 120 4525 a
144 4467 335 4523 koronadrdk
359 4467 526 4521 valasztasa
545 4465 645 4535 ajace.

2 4553 4 4634 i
151 4557 319 4611 ⁸01msstzi
338 4555 483 4626 egyezse'g
503 4555 622 4624 Metrias
642 4554 673 4608 es
698 4555 814 4608 Uliaszld
838 4557 936 4609 kozott
959 4556 1033 4608 1412».
1052 4555 1106 4622 jul.
1127 4557 1169 4607 21.

2 4639 3 4718 l
153 4659 164 4685 ⁷
185 4647 308 4702 Fridrik
327 4646 442 4699 csiaszs'ar
462 4645 492 4698 e's
513 4645 610 4699 Miksa
632 4645 739 4715 kirtly.

2 4726 3 4759 l

2 4777 3 4794 l
