3142 5214
1299 374 1365 438 637

64 577 231 656 veritate,
247 595 289 636 ex
305 575 538 658 inquisitione,
553 572 609 638 vel
633 573 711 638 aliis
735 597 776 639 ex
800 574 1009 660 Privilegiis,
1032 595 1093 638 seu
1119 573 1365 637 Instrumentis

63 682 147 746 aliis
172 679 375 765 literalibus,
398 679 561 744 Ecclesiis
586 680 714 746 talibus
738 685 858 746 statim
881 690 916 746 et
940 683 982 746 de
1003 679 1096 746 facto
1119 679 1311 764 exequendi
1330 688 1365 743 et

64 789 287 872 restituendi,
306 787 464 854 omnibus
483 788 644 854 Iuridicis
668 791 828 854 remediis
852 790 1046 874 praeclusis,
1070 797 1206 874 praeter
1228 791 1365 852 unicam

63 895 359 980 Appellationem,
381 917 449 980 qua
468 897 522 958 uti
538 902 635 960 extra
650 895 852 961 Dominium
869 895 998 962 licebit.
1015 897 1082 961 Per
1097 895 1267 960 Ecclesiae
1284 913 1366 958 vero

65 1003 299 1086 Parochiales,
323 1023 391 1066 non
415 1001 657 1088 intelligantur
679 1003 853 1068 Ecclesiae
878 1002 1110 1088 Gathedrales,
1134 1001 1366 1066 Abbatiarum

63 1121 103 1175 et
130 1113 458 1195 Praepositumrum.
482 1109 529 1174 Et
553 1109 649 1176 Bona
672 1111 906 1176 Ecclesiarum
929 1119 1009 1176 ante
1033 1112 1248 1196 praedictum
1269 1109 1364 1174 1592.

62 1217 212 1283 Annum
235 1223 409 1301 occupata,
432 1217 475 1280 ad
499 1217 712 1282 ordinarium
735 1219 825 1282 Iuris
849 1219 1050 1283 Processum
1070 1221 1304 1282 remittuntur.

412 1391 565 1460 Articuli
588 1391 754 1461 Sicluurn
779 1398 812 1460 ct
837 1392 1027 1462 Ordinum.

180 1539 339 1605 Oroatiae
362 1547 397 1602 et
421 1536 621 1604 Sclavoniae
639 1541 850 1626 Regnorum,
866 1543 903 1605 in
919 1541 1065 1606 diversis
1082 1559 1198 1604 eorum
1215 1539 1364 1626 Congre-

61 1646 271 1735 gationibus
287 1645 514 1711 Generalibus
530 1647 681 1713 conclusi
704 1655 739 1712 et
763 1671 782 1712 a
806 1647 981 1731 Leopoldo
1002 1647 1029 1712 I.
1052 1647 1137 1731 Imp.
1162 1646 1364 1713 confirmati.

477 1822 658 1891 Articulus
683 1823 709 1892 Ι.
735 1823 831 1892 Α11111
855 1825 953 1891 1613.

179 1972 348 2048 Quoniam
375 1968 594 2034 Vico-Comes
618 1977 653 2034 et
676 1971 812 2035 Iudices
844 1971 1024 2036 Nobilium
1057 1971 1294 2036 Comitatuum
1328 1976 1366 2036 in

63 2079 240 2146 faciendis
264 2085 383 2141 contra
399 2076 637 2142 malefactores
654 2078 945 2163 inquisitionibus,
962 2082 1075 2143 minus
1091 2079 1276 2164 diligentes
1292 2101 1365 2144 sese

63 2189 287 2272 frequentius
312 2183 541 2270 exhibuerint,
570 2193 741 2251 statutum
764 2195 825 2272 est,
849 2197 890 2253 ut
914 2189 1019 2252 iidem
1044 2186 1295 2252 Vise-Comites
1328 2195 1364 2251 et

62 2295 207 2360 Iudices
230 2293 418 2377 Nobilium,
451 2295 609 2378 deinceps
642 2295 840 2359 Articulum
872 2297 984 2360 4-tum
1018 2295 1140 2359 horum
1164 2297 1365 2380 Regnomm

62 2402 253 2486 superinde
277 2401 409 2465 editum
433 2409 468 2466 et
492 2424 552 2484 per
575 2423 671 2466 suam
695 2401 727 2466 S.
751 2403 798 2467 M.
817 2406 854 2467 in
873 2403 913 2467 A.
929 2403 970 2468 D.
997 2403 1091 2467 1635.
1115 2401 1364 2484 confirmatum,

64 2531 236 2594 perquam
259 2509 445 2593 diligenter
467 2507 659 2574 observent,
682 2510 725 2574 Iu
748 2512 923 2595 capiendis
945 2531 1027 2575 vero
1051 2533 1093 2575 ex
1116 2510 1278 2574 mandato
1294 2509 1365 2572 Dni

65 2616 218 2681 Comitis
243 2617 341 2700 Bani,
364 2623 425 2680 aut
449 2619 554 2680 etiam
578 2621 615 2681 in
642 2622 744 2683 certis
777 2619 911 2684 casibus
944 2618 1228 2700 Vice-Oomitum,
1261 2616 1363 2680 male-

64 2723 272 2807 factoribus,
297 2745 398 2807 penes
422 2723 557 2787 Iudices
582 2723 768 2809 Nobilium,
792 2725 933 2790 Nobiles
966 2728 1067 2789 unius
1101 2723 1267 2788 Sessionis
1300 2722 1365 2787 sub

66 2853 179 2916 poena
203 2830 274 2895 flor.
308 2831 368 2912 12,
391 2830 676 2896 irremissibiliter
705 2833 883 2918 exigenda,
916 2855 1093 2919 assurgere
1126 2837 1161 2895 et
1195 2829 1364 2913 proficisci

66 2947 256 3003 teneantur
279 2945 314 3002 et
338 2941 409 3002 sint
433 2936 587 3024 obligati.

457 3112 640 3182 Articulus
665 3114 726 3182 ΙΙΙ.
757 3115 853 3183 Α11111
878 3117 975 3183 ruit.

180 3261 231 3324 De
263 3260 463 3324 inductione
495 3267 530 3323 et
563 3262 744 3325 eductione
777 3263 941 3346 Militum,
977 3268 1187 3326 renovantur
1225 3260 1364 3324 articuli

67 3367 253 3450 superinde
286 3366 426 3448 conditi,
459 3373 494 3430 et
527 3375 567 3430 ut
600 3371 811 3450 inposterum
845 3391 945 3434 nemo
978 3373 1050 3434 sine
1084 3371 1255 3452 praescita
1294 3367 1365 3431 Dni

68 3474 217 3538 Comitis
240 3473 330 3537 Beni
352 3472 522 3556 inducere,
547 3473 602 3538 vel
627 3475 769 3539 educere
785 3476 913 3540 milites
931 3483 1133 3560 praesumat,
1150 3475 1361 3539 decernitur:

67 3582 225 3666 alioquin
241 3581 332 3644 idem
349 3579 446 3643 Dnus
463 3579 584 3644 Comes
601 3581 726 3666 Banus,
743 3585 914 3646 incontra
931 3582 1105 3666 facientes,
1129 3603 1189 3646 sua
1213 3581 1364 3646 authori-

69 3696 143 3754 tate
167 3686 323 3752 absoluta
351 3695 480 3752 utatur.

451 3864 630 3932 Articulus
660 3865 730 3934 Vll.
766 3866 860 3934 3111111
889 3867 986 3934 1619.

178 4013 226 4076 Et
242 4033 284 4074 ne
300 4009 408 4094 aliqui
424 4011 642 4096 Regnioolae,
659 4034 795 4076 cursum
812 4013 902 4076 Iuris
922 4015 958 4076 in
982 4010 1195 4075 octavalibus
1221 4010 1365 4074 Iudiciis

70 4117 173 4202 hujus
189 4120 313 4204 Regni,
337 4117 404 4180 sibi
428 4121 464 4180 in
488 4127 584 4202 parte
608 4119 722 4204 aliqua
748 4120 960 4202 praeclusum
985 4126 1181 4203 querantur,
1199 4139 1258 4202 pro
1275 4140 1363 4182 com-

70 4229 167 4290 muni
199 4226 326 4290 idcirco
360 4225 526 4290 Justitiae
549 4226 848 4290 administratione
873 4226 1085 4290 decernitur:
1109 4225 1159 4290 Ut
1183 4229 1219 4288 in
1243 4229 1363 4309 causis,

72 4357 131 4417 per
154 4333 238 4398 alios
263 4341 381 4397 contra
405 4334 611 4419 Magistrum
635 4335 938 4398 Proto-Notarium
972 4334 1044 4416 (qui
1078 4336 1198 4396 unicus
1231 4337 1267 4397 in
1299 4333 1364 4397 hoc

70 4442 192 4526 Regno
216 4441 281 4520 est)
306 4449 340 4504 et
375 4463 434 4523 per
468 4443 578 4523 ipsum
608 4450 726 4504 contra
759 4441 852 4524 alios,
885 4444 922 4504 in
955 4439 1178 4506 Octavalibus
1211 4440 1363 4524 Iudiciis,

71 4551 174 4612 motis
197 4547 254 4612 vel
277 4548 466 4632 movendis,
490 4548 578 4612 alius
602 4551 639 4611 in
663 4547 749 4611 Sede
773 4547 905 4630 Banali,
929 4547 1003 4610 loco
1027 4547 1293 4630 Proto-Notarii,
1326 4551 1363 4612 in

70 4654 199 4718 talibus
223 4655 394 4719 duntaxat
418 4657 536 4736 causis,
561 4655 726 4718 substitui
750 4662 785 4718 et
809 4656 981 4739 surrogari
1007 4656 1120 4737 possit.
