3182 5208
1325 313 1369 376 35

2 493 3 502 ¹
71 494 136 564 ἀπό
154 507 215 578 τῆς
242 507 302 566 τοῦ
326 502 460 587 πρώτου
482 495 649 585 βοεβόδου
672 496 784 569 αὐτῶν
808 497 1003 586 ἐπωνυμίας,
1025 499 1117 578 ὅστις
1141 500 1302 588 βοέβοδος
1328 499 1367 570 τό

72 607 127 689 μὲν
151 615 210 686 τής
236 607 375 686 κλήσεως
397 600 503 690 όνομα
526 605 692 694 Λεβεδίας
719 605 992 696 προσαγορεύετο,
1017 603 1035 675 5
1061 605 1099 676 τό
1125 609 1160 675 δέ
1182 601 1240 690 τής
1262 609 1368 695 ἀξίας,
1415 613 1416 618 ’

71 715 108 792 ὡς
121 715 179 780 καὶ
205 711 239 788 όι
265 717 377 782 λοιποί
393 713 462 799 μετ’
480 715 597 798 αυτόν,
607 713 769 799 βοέβοδος
783 712 944 782 ἐκαλεῖτο.
961 712 996 781 ἐν
1014 713 1122 802 τούτῳ
1137 710 1197 785 οὑν
1213 723 1259 805 τήν
1278 716 1368 804 τόπερ

73 829 115 908 τῷ
128 809 360 912 προρρηθέντι
379 823 538 909 Λεβεδία,
555 821 704 904 ποταμός
719 819 882 911 ἐστίρέων
900 820 1041 906 Χιδμάς,
1057 821 1075 888 5
1099 824 1154 889 καὶ
1175 823 1368 912 Χιγγυλοὺς

69 928 357 1017 ἐπονομαζόμενος.
388 930 450 999 όυκ
481 927 632 1015 ἐλέγοντο
670 931 706 997 δέ
739 938 788 1019 τῷ
821 915 898 996 τότε
936 933 1047 1021 χρόνῷ
1086 933 1239 1020 Τοὺρκοι,
1277 931 1366 1001 ἀλλά

71 1038 425 1130 Σαβοιρτοιοίσφαλοι1
450 1032 485 1104 ἐκ
511 1063 599 1116 τινος
622 1037 735 1116 ἀιτίας
750 1037 1011 1124 ἐπωνομάζοντο.
1034 1041 1091 1106 καί
1114 1037 1148 1108 όι
1169 1039 1228 1125 μέν
1251 1043 1365 1130 Τοὺρ-

69 1171 115 1212 κοι
147 1147 261 1232 γενεαὶ
294 1146 447 1236 ὑπῆρχον
479 1143 576 1226 ἐπτά,
609 1139 764 1238 ἀρχόντα
796 1146 832 1213 δέ
863 1147 908 1224 είς
938 1144 1063 1225 αότοὺς
1096 1143 1160 1215 ε’ίτε
1191 1142 1277 1215 ἴδιον
1296 1143 1365 1242 ,ε’ίτε

66 1253 250 1344 ἀλλότριόν
285 1281 365 1323 ποτε
403 1254 464 1322 οὑκ
494 1253 691 1340 ἐκτήσαντο,
723 1251 800 1322 ἀλλ’
833 1253 977 1344 ὑπῆρχον
999 1254 1034 1322 ἐν
1056 1253 1174 1332 ἀυτεῖς
1204 1255 1365 1342 βοεβόδοι

73 1388 160 1444 τινες,
195 1355 241 1429 ὧν
275 1368 403 1451 πρῶτος
433 1361 593 1448 βοέβοδος
627 1355 664 1442 ήν
689 1360 706 1431 5
731 1363 934 1454 προρρηθεὺς
966 1363 1142 1450 Λεβεδίοις.
1168 1364 1364 1454 συνῴκησαν

69 1471 100 1538 δέ
119 1469 206 1558 μετά
241 1478 309 1537 τῶν
344 1469 512 1557 Χαζάρων
543 1465 717 1560 ἐνιαυτοὺς
742 1477 838 1559 τρεῖς,
862 1465 1115 1556 συμμαχοῦντες
1145 1481 1214 1550 τοῖς
1240 1471 1363 1551 Χαζοί-

69 1603 131 1666 ρσις
154 1577 190 1646 ἐν
216 1572 303 1647 πάσι
329 1587 396 1657 τοῖς
420 1577 536 1647 αὑτῶν
558 1577 737 1664 πολέμοις.1
754 1577 793 1644 ‘O
815 1580 849 1647 δέ
873 1580 1023 1664 χαγάνος
1048 1581 1165 1670 ἀρχων
1181 1579 1365 1670 γΧαζαρίας

2 1711 3 1726 ν
68 1685 119 1753 διά
153 1687 216 1768 τήν
255 1683 370 1754 αὑτῶν
402 1685 544 1776 ἀνδρίαν
577 1687 634 1754 καί
666 1687 861 1773 συμμαχίαν
894 1695 940 1773 τῷ
974 1687 1090 1776 πρώτῳ
1122 1687 1274 1776 βοεβόδιρ
1301 1695 1365 1754 τῶν
1465 1675 1467 1680 ,

70 1795 226 1884 Τοὑρκοιν
251 1795 398 1882 Λεβεδία
421 1794 688 1883 ἐπονομαζομένην
711 1804 853 1884 γυναῖκα
874 1795 989 1865 δέδωκε
1005 1792 1088 1884 πρός
1111 1795 1219 1883 γάμον
1238 1795 1361 1876 Χαζοί-

2 1895 3 1982 ;
66 1927 125 1990 ραν
149 1902 279 1988 εὑγὲνη,
301 1899 360 1969 διά
385 1901 424 1970 τό
452 1911 510 1985 τῆς
531 1903 670 1992 ἀνδρίας
694 1896 804 1971 αὑτοῦ
827 1903 1007 1997 περίφημον
1023 1904 1082 1971 καὶ
1105 1901 1145 1972 τό
1172 1904 1364 1990 τοῦγένους

67 2011 253 2102 περιφανές,
278 2009 365 2088 ὅπως
389 2008 548 2092 ε’ξαὺτόῦ
582 2015 735 2097 τεκνώσῃ.
771 2007 788 2076 5
814 2011 847 2076 δε
871 2012 1037 2098 Λεβεδίας
1070 2009 1187 2089 ἐκεῖνος
1216 2005 1251 2077 ἐκ
1275 2037 1364 2088 τινος

69 2116 162 2200 τόχης
185 2117 273 2204 μετὰ
298 2112 354 2200 τῆς
378 2117 483 2204 αὐτῆς
513 2119 674 2206 Χαζοίρου
698 2117 759 2186 οὑκ
774 2116 1039 2199 ἐπαιδοποίησεν.
1063 2117 1095 2186 οί
1112 2120 1362 2200 Πατζινακῐται

2 2273 3 2302 ÷
66 2225 95 2291 όι
118 2225 285 2316 πρότερον
309 2227 454 2318 Κάγγαρ
477 2225 753 2312 ἐπονομαζόμενον
777 2227 896 2310 (τοῦτο
928 2223 992 2314 γάρ
1016 2224 1054 2292 τό
1092 2226 1234 2316 Κάγγαρ
1258 2223 1363 2313 όνομα

2 2365 3 2418 3
66 2330 109 2396 ἐπ’
135 2331 286 2422 εὐγενείᾳ
318 2335 376 2400 καί
408 2333 529 2420 ἀνδρίᾳ
562 2331 688 2420 ἐλέγετο
721 2331 796 2422 πὰρ’
822 2334 951 2417 αὐτοῖς)
987 2333 1067 2424 πρός
1101 2332 1279 2422 Χαζάρους
1302 2327 1363 2401 όὺν

66 2433 156 2508 οὑτοι
181 2440 376 2522 κινήσαντες
399 2441 541 2526 πόλεμον
564 2443 623 2508 καὶ
638 2439 842 2522 ἡττηθέντες
856 2440 916 2522 τήν
933 2441 1058 2508 οἰκείαν
1073 2451 1136 2527 γήυ
1154 2444 1362 2531 καταλείψοι

65 2549 117 2614 καί
141 2548 203 2630 τήν
231 2557 294 2617 τῶν
323 2552 478 2640 Τσάρκων
510 2542 710 2630 κατοικῆσαι
743 2537 1089 2636 κατηναγκάσθησαν.
1112 2549 1302 2634 ἀναμεταξὺ
1328 2551 1362 2619 δέ

2 2671 8 2742 ζ
68 2665 126 2723 τῶν
164 2660 322 2746 Τοόριασν
351 2657 585 2749 συναφθέντος
623 2655 766 2742 πολέμου
797 2658 854 2724 καί
893 2667 959 2725 τῶν
1000 2649 1260 2739 Πατζινακιτῶν
1294 2667 1361 2726 τῶν

2 2835 3 2862 ρ
69 2775 252 2846 τηνικαῦτα
292 2763 438 2856 Κάγγαρ
477 2764 771 2851 ἐπονομαζομένοιν,
805 2761 844 2832 τό
889 2774 954 2833 τῶν
997 2765 1151 2854 Τοὺρκων
1187 2765 1362 2862 φοσσάτον

2 2947 3 2960 ³
67 2873 200 2956 ήττήθη
241 2873 299 2940 καὶ
336 2874 380 2951 είς
419 2873 480 2942 δύο
512 2871 653 2962 διῃρέθη
695 2871 785 2962 μέρη·
816 2874 872 2942 καί
909 2871 947 2942 τό
985 2874 1043 2960 μέν
1081 2870 1117 2941 ἐν
1148 2873 1243 2962 μέρος
1281 2869 1362 2964 πρός

65 2977 235 3061 ἀνατολήν
273 2980 316 3056 εἰς
358 2977 397 3046 τό
432 2987 489 3061 τής
528 2978 691 3066 Περσίδος
738 2977 831 3069 μέρος
868 2998 1066 3068 κατῳκησεν,
1098 2973 1134 3045 οἳ
1168 2981 1225 3048 καί
1262 2979 1359 3070 μέχρι

2 3075 4 3078 ’
67 3095 120 3154 τοῦ
151 3093 216 3154 νῦν
247 3084 335 3156 κατά
372 3084 433 3167 τήν
474 3093 541 3154 τῶν
577 3081 732 3176 Τοὺρκων
764 3084 916 3174 ἀρχαίαν
949 3084 1140 3172 ἐπωνυμίαν
1174 3091 1358 3156 καλοῦνται

67 3194 399 3282 Σαβαρτοιόσφαλοι·
434 3193 474 3262 τό
517 3193 553 3261 δέ
583 3191 697 3283 ἕτερον
728 3193 823 3282 μέρος
856 3193 900 3269 εἰς
935 3190 973 3259 τὸ
1017 3193 1151 3262 δυτικόν
1191 3194 1360 3283 κατῴκησε

6 3377 9 3384 ,
64 3299 342 3392 μὲρος,ἇ’μακαὺ
366 3303 590 3392 τῷβοεβόδῳ
615 3299 807 3367 αὐτῶνκαὶ
831 3298 1144 3390 ἀρχηγῷΛεβεδίᾳ,
1169 3303 1214 3379 εἰς
1239 3304 1360 3384 τόπους
1437 3360 1443 3377 ,

2 3390 12 3503 J
67 3418 139 3486 τοῦς
162 3407 466 3494 ἐπονομαζομένους
488 3409 714 3500 Ἀτελκοόζου,
729 3406 764 3473 ἐν
788 3400 837 3486 όις
862 3409 974 3486 τόποις
995 3407 1032 3477 τό
1058 3414 1117 3475 νῦν
1143 3417 1209 3476 τῶν
1224 3411 1324 3492 Πατζ
1338 3453 1357 3462 -

2 3508 8 3603 f
67 3525 205 3585 νακιτῶν
237 3511 340 3594 ἐθυος
369 3525 527 3585 κατοικεῖ.
558 3515 675 3602 ὀλίγον
699 3515 734 3584 δέ
751 3516 877 3608 χρόνου
899 3515 1145 3604 διαδραμόντες
1169 3515 1187 3582 ὑ
1207 3519 1358 3603 χαγάνος

2 3682 8 3735 Ι
66 3620 177 3702 ἐκεῖνος
212 3619 324 3710 ἀρχων
359 3625 537 3712 Χαζαρίας
579 3631 647 3702 τοῖς
681 3623 839 3712 Ἱόὑρκσις
872 3619 1009 3709 ἐμήνυσε
1044 3631 1105 3691 τοῦ
1137 3620 1220 3714 πρός
1251 3615 1376 3693 ἀυτόν’

2 3774 5 3785 ·
64 3728 297 3814 ἀποσταλῆναι
331 3731 492 3814 χελάνδια
532 3733 592 3800 τόν
630 3737 761 3824 πρῶτον
788 3729 902 3800 ἀυτῶν
934 3731 1107 3818 βοέβοδον.
1142 3731 1159 3800 5
1192 3731 1359 3820 Λεβεδίας

2 3808 10 3907 ὑ
67 3841 172 3908 τοίνον
198 3840 280 3929 πρός
304 3839 362 3907 τόν
386 3837 539 3924 χαγάνον
567 3841 741 3930 Χαζαρίας
765 3840 962 3932 ἀφικόμενος
989 3837 1147 3929 ἀνηρώτα
1166 3839 1226 3922 τήν
1242 3841 1357 3908 αἰτίαν

2 3946 14 4022 J,
64 3947 104 4012 δι’
137 3947 178 4029 ήν
214 3946 327 4016 ἐλθεῖν
361 3945 442 4036 πρός
478 3945 523 4016 αό
530 3946 587 4015 τόν
619 3947 863 4038 μετεπέμψατο.
897 3945 915 4012 5
941 3946 973 4012 δε
1007 3945 1158 4032 χαγάυος
1186 3941 1252 4014 εἶπε
1277 3948 1358 4036 πρός

4 4039 16 4159 J
65 4052 168 4124 ἀυτόν
192 4052 249 4124 ὅτι
271 4053 328 4123 διά
364 4055 466 4123 τοῦτό
502 4076 537 4121 σε
570 4057 898 4144 προσεκαλεσάμεθα,
923 4050 981 4120 ἵνα
1013 4052 1122 4136 ἐπειδὴ
1146 4055 1277 4141 εὐγενής
1299 4059 1357 4124 καὶ

2 4172 8 4255 ¹}
65 4167 220 4253 φρόνιμος
242 4164 299 4230 καί
322 4161 551 4252 ήνδρειωμένος
574 4161 730 4252 ὑπάρχεις
753 4163 809 4229 καὶ
833 4169 961 4251 πρῶτος
996 4167 1063 4226 τῶν
1100 4162 1263 4250 Τοόρκων,
1286 4156 1354 4252 ἀρ-

5 4303 12 4419 T
169 4354 179 4382 ¹
198 4343 224 4397 Ε
242 4344 302 4400 τόν
317 4343 533 4414 ωαςγαείιαλε
558 4341 662 4413 τὸρόλα
687 4341 914 4413 foglalkoztatja
934 4339 1136 4396 tudbsainkat.
1166 4325 1308 4414 I'Jjabban
1329 4344 1354 4398 is

66 4433 261 4504 megvitattfik
279 4449 295 4488 ε
313 4429 433 4487 λεόνδὸεε
452 4430 526 4487 Petz
548 4429 660 4485 Vilmos
680 4431 711 4485 όε
730 4428 807 4484 Fi5k
826 4430 949 4501 Kfiroly.

169 4530 180 4560 ¹
198 4525 242 4577 Λα
260 4519 457 4577 evhatarozas
476 4520 608 4576 nehezon
627 4520 741 4592 helyes.
761 4519 809 4574 Ha
827 4521 897 4574 csak
911 4521 1017 4575 h5rom
1030 4519 1100 4590 &vig
1122 4521 1226 4576 voltak
1246 4527 1356 4593 egyiitt

13 4597 20 4616 ’
66 4609 285 4682 ελεοτότολςλεελ,
304 4609 427 4684 hogyan
445 4610 633 4683 segithott5k
651 4612 721 4667 oket
740 4609 862 4664 minden
881 4609 1130 4682 h5bor5j0kban?

1212 4713 1248 4769 ρει
