<?xml version="1.0" encoding="UTF-8"?>
<!DOCTYPE html PUBLIC "-//W3C//DTD XHTML 1.0 Transitional//EN"
    "http://www.w3.org/TR/xhtml1/DTD/xhtml1-transitional.dtd">
<html xmlns="http://www.w3.org/1999/xhtml" xml:lang="en" lang="en">
 <head>
  <title>
</title>
<meta http-equiv="Content-Type" content="text/html;charset=utf-8" />
  <meta name='ocr-system' content='tesseract 3.04.00' />
  <meta name='ocr-capabilities' content='ocr_page ocr_carea ocr_par ocr_line ocrx_word'/>
</head>
<body>
  <div class='ocr_page' id='page_1' title='image "./enchiridionfont00marcgoog_0126.png"; bbox 0 0 3192 5214; ppageno 0'>
   <div class='ocr_carea' id='block_1_1' title="bbox 148 318 281 384">
    <p class='ocr_par' dir='ltr' id='par_1_1' title="bbox 148 318 281 384">
     <span class='ocr_line' id='line_1_1' title="bbox 148 318 281 384; baseline 0 0"><span class='ocrx_word' id='word_1_1' title='bbox 148 318 281 384; x_wconf 74' lang='lat'>¹104</span> 
     </span>
    </p>
   </div>
   <div class='ocr_carea' id='block_1_2' title="bbox 323 536 1384 634">
    <p class='ocr_par' dir='ltr' id='par_1_2' title="bbox 323 536 1384 634">
     <span class='ocr_line' id='line_1_2' title="bbox 323 536 1384 634; baseline -0.006 -16"><span class='ocrx_word' id='word_1_2' title='bbox 323 541 506 617; x_wconf 76' lang='lat' dir='ltr'>salman</span> <span class='ocrx_word' id='word_1_3' title='bbox 527 536 669 632; x_wconf 79' lang='lat' dir='ltr'>kirtly</span> <span class='ocrx_word' id='word_1_4' title='bbox 691 537 1121 634; x_wconf 75' lang='lat' dir='ltr'>ttrrenyktnyrabdl.</span> <span class='ocrx_word' id='word_1_5' title='bbox 1144 539 1384 612; x_wconf 77' lang='lat' dir='ltr'>Bevezetes.</span> 
     </span>
    </p>
   </div>
   <div class='ocr_carea' id='block_1_3' title="bbox 210 725 1510 3927">
    <p class='ocr_par' dir='ltr' id='par_1_3' title="bbox 210 725 1508 1026">
     <span class='ocr_line' id='line_1_3' title="bbox 318 725 1508 810; baseline -0.003 -19"><span class='ocrx_word' id='word_1_6' title='bbox 318 727 384 792; x_wconf 90' lang='lat' dir='ltr'>Dei</span> <span class='ocrx_word' id='word_1_7' title='bbox 399 725 522 791; x_wconf 80' lang='lat' dir='ltr'>Gratia</span> <span class='ocrx_word' id='word_1_8' title='bbox 538 725 730 810; x_wconf 84' lang='lat' dir='ltr'>Seraphin¹</span> <span class='ocrx_word' id='word_1_9' title='bbox 746 725 1013 810; x_wconf 87' lang='lat' dir='ltr'>Archipraesuli,</span> <span class='ocrx_word' id='word_1_10' title='bbox 1029 725 1227 791; x_wconf 86' lang='lat' dir='ltr'>divinarum</span> <span class='ocrx_word' id='word_1_11' title='bbox 1237 725 1318 810; x_wconf 87' lang='lat' dir='ltr'>igne</span> <span class='ocrx_word' id='word_1_12' title='bbox 1332 725 1508 790; x_wconf 86' lang='lat' dir='ltr'>virtutum</span> 
     </span>
     <span class='ocr_line' id='line_1_4' title="bbox 210 831 1507 919; baseline -0.003 -19"><span class='ocrx_word' id='word_1_13' title='bbox 210 836 355 918; x_wconf 79' lang='lat' dir='ltr'>ardenti,</span> <span class='ocrx_word' id='word_1_14' title='bbox 378 833 550 918; x_wconf 88' lang='lat' dir='ltr'>Albricua,</span> <span class='ocrx_word' id='word_1_15' title='bbox 574 835 732 919; x_wconf 88' lang='lat' dir='ltr'>quamvis</span> <span class='ocrx_word' id='word_1_16' title='bbox 756 854 844 899; x_wconf 90' lang='lat' dir='ltr'>unus</span> <span class='ocrx_word' id='word_1_17' title='bbox 862 855 904 898; x_wconf 85' lang='lat' dir='ltr'>ex</span> <span class='ocrx_word' id='word_1_18' title='bbox 921 834 1081 916; x_wconf 90' lang='lat' dir='ltr'>minimis,</span> <span class='ocrx_word' id='word_1_19' title='bbox 1105 841 1223 898; x_wconf 85' lang='lat' dir='ltr'>tamen</span> <span class='ocrx_word' id='word_1_20' title='bbox 1237 853 1357 898; x_wconf 80' lang='lat' dir='ltr'>servus</span> <span class='ocrx_word' id='word_1_21' title='bbox 1372 831 1507 897; x_wconf 84' lang='lat' dir='ltr'>Sancti-</span> 
     </span>
     <span class='ocr_line' id='line_1_5' title="bbox 210 939 1271 1026; baseline -0.003 -17"><span class='ocrx_word' id='word_1_22' title='bbox 210 946 297 1009; x_wconf 86' lang='lat' dir='ltr'>tatis</span> <span class='ocrx_word' id='word_1_23' title='bbox 317 949 543 1026; x_wconf 79' lang='lat' dir='ltr'>murcupatus,</span> <span class='ocrx_word' id='word_1_24' title='bbox 568 943 605 1006; x_wconf 90' lang='lat' dir='ltr'>in</span> <span class='ocrx_word' id='word_1_25' title='bbox 628 941 758 1026; x_wconf 92' lang='lat' dir='ltr'>palacio</span> <span class='ocrx_word' id='word_1_26' title='bbox 782 940 939 1006; x_wconf 90' lang='lat' dir='ltr'>coelestis</span> <span class='ocrx_word' id='word_1_27' title='bbox 963 939 1271 1026; x_wconf 67' lang='lat' dir='ltr'>contemplationis.</span> 
     </span>
    </p>

    <p class='ocr_par' dir='ltr' id='par_1_4' title="bbox 210 1047 1510 3927">
     <span class='ocr_line' id='line_1_6' title="bbox 317 1047 1507 1133; baseline -0.002 -17"><span class='ocrx_word' id='word_1_28' title='bbox 317 1051 488 1130; x_wconf 77' lang='lat' dir='ltr'>Quoniam</span> <span class='ocrx_word' id='word_1_29' title='bbox 510 1048 673 1115; x_wconf 90' lang='lat' dir='ltr'>fiduciam</span> <span class='ocrx_word' id='word_1_30' title='bbox 695 1049 802 1116; x_wconf 90' lang='lat' dir='ltr'>talem</span> <span class='ocrx_word' id='word_1_31' title='bbox 823 1047 990 1116; x_wconf 89' lang='lat' dir='ltr'>habemus</span> <span class='ocrx_word' id='word_1_32' title='bbox 1014 1071 1074 1133; x_wconf 93' lang='lat' dir='ltr'>per</span> <span class='ocrx_word' id='word_1_33' title='bbox 1105 1049 1285 1115; x_wconf 79' lang='lat' dir='ltr'>Christum</span> <span class='ocrx_word' id='word_1_34' title='bbox 1312 1049 1356 1114; x_wconf 92' lang='lat' dir='ltr'>ad</span> <span class='ocrx_word' id='word_1_35' title='bbox 1384 1049 1507 1130; x_wconf 88' lang='lat' dir='ltr'>Deum,</span> 
     </span>
     <span class='ocr_line' id='line_1_7' title="bbox 210 1141 1507 1243; baseline -0.001 -20"><span class='ocrx_word' id='word_1_36' title='bbox 210 1179 280 1224; x_wconf 89' lang='lat' dir='ltr'>non</span> <span class='ocrx_word' id='word_1_37' title='bbox 302 1157 394 1243; x_wconf 92' lang='lat' dir='ltr'>quod</span> <span class='ocrx_word' id='word_1_38' title='bbox 426 1156 638 1223; x_wconf 83' lang='lat' dir='ltr'>sufficientes</span> <span class='ocrx_word' id='word_1_39' title='bbox 670 1159 776 1222; x_wconf 88' lang='lat' dir='ltr'>simus</span> <span class='ocrx_word' id='word_1_40' title='bbox 808 1141 961 1243; x_wconf 84' lang='lat' dir='ltr'>cogitare</span> <span class='ocrx_word' id='word_1_41' title='bbox 993 1156 1125 1242; x_wconf 90' lang='lat' dir='ltr'>aliquid</span> <span class='ocrx_word' id='word_1_42' title='bbox 1157 1155 1309 1241; x_wconf 90' lang='lat' dir='ltr'>anobis,</span> <span class='ocrx_word' id='word_1_43' title='bbox 1342 1159 1440 1243; x_wconf 83' lang='lat' dir='ltr'>quasi</span> <span class='ocrx_word' id='word_1_44' title='bbox 1463 1179 1507 1222; x_wconf 86' lang='lat' dir='ltr'>ex</span> 
     </span>
     <span class='ocr_line' id='line_1_8' title="bbox 210 1262 1507 1352; baseline -0.002 -22"><span class='ocrx_word' id='word_1_45' title='bbox 210 1264 334 1331; x_wconf 63' lang='grc' dir='ltr'>1101110ί</span> <span class='ocrx_word' id='word_1_46' title='bbox 356 1263 416 1330; x_wconf 89' lang='lat' dir='ltr'>sed</span> <span class='ocrx_word' id='word_1_47' title='bbox 439 1263 651 1330; x_wconf 83' lang='lat' dir='ltr'>sufficientia</span> <span class='ocrx_word' id='word_1_48' title='bbox 673 1271 791 1330; x_wconf 86' lang='lat' dir='ltr'>nostra</span> <span class='ocrx_word' id='word_1_49' title='bbox 814 1286 857 1328; x_wconf 85' lang='lat' dir='ltr'>ex</span> <span class='ocrx_word' id='word_1_50' title='bbox 879 1262 952 1330; x_wconf 90' lang='lat' dir='ltr'>Deo</span> <span class='ocrx_word' id='word_1_51' title='bbox 976 1269 1037 1348; x_wconf 89' lang='lat' dir='ltr'>est,</span> <span class='ocrx_word' id='word_1_52' title='bbox 1061 1285 1140 1328; x_wconf 93' lang='lat' dir='ltr'>cum</span> <span class='ocrx_word' id='word_1_53' title='bbox 1159 1263 1350 1347; x_wconf 85' lang='lat' dir='ltr'>spiritualis</span> <span class='ocrx_word' id='word_1_54' title='bbox 1372 1267 1507 1352; x_wconf 86' lang='lat' dir='ltr'>gratiae</span> 
     </span>
     <span class='ocr_line' id='line_1_9' title="bbox 211 1369 1507 1457; baseline -0.002 -20"><span class='ocrx_word' id='word_1_55' title='bbox 211 1373 390 1457; x_wconf 81' lang='lat' dir='ltr'>inspiratio</span> <span class='ocrx_word' id='word_1_56' title='bbox 414 1377 566 1436; x_wconf 89' lang='lat' dir='ltr'>mentem</span> <span class='ocrx_word' id='word_1_57' title='bbox 592 1378 690 1436; x_wconf 86' lang='lat' dir='ltr'>tuam</span> <span class='ocrx_word' id='word_1_58' title='bbox 722 1369 878 1436; x_wconf 88' lang='lat' dir='ltr'>coelestis</span> <span class='ocrx_word' id='word_1_59' title='bbox 916 1371 1104 1454; x_wconf 90' lang='lat' dir='ltr'>sapientiae</span> <span class='ocrx_word' id='word_1_60' title='bbox 1136 1369 1298 1436; x_wconf 90' lang='lat' dir='ltr'>thesauro</span> <span class='ocrx_word' id='word_1_61' title='bbox 1330 1369 1507 1451; x_wconf 78' lang='lat' dir='ltr'>ditaverit,</span> 
     </span>
     <span class='ocr_line' id='line_1_10' title="bbox 211 1475 1508 1564; baseline 0 -20"><span class='ocrx_word' id='word_1_62' title='bbox 211 1487 246 1544; x_wconf 91' lang='lat' dir='ltr'>et</span> <span class='ocrx_word' id='word_1_63' title='bbox 270 1501 373 1564; x_wconf 92' lang='lat' dir='ltr'>quam</span> <span class='ocrx_word' id='word_1_64' title='bbox 401 1478 558 1562; x_wconf 84' lang='lat' dir='ltr'>plurimis</span> <span class='ocrx_word' id='word_1_65' title='bbox 590 1479 739 1544; x_wconf 72' lang='lat' dir='ltr'>assertio</span> <span class='ocrx_word' id='word_1_66' title='bbox 770 1477 815 1542; x_wconf 92' lang='lat' dir='ltr'>ad</span> <span class='ocrx_word' id='word_1_67' title='bbox 844 1475 1043 1545; x_wconf 89' lang='lat' dir='ltr'>didascalici</span> <span class='ocrx_word' id='word_1_68' title='bbox 1075 1479 1192 1542; x_wconf 88' lang='lat' dir='ltr'>meriti</span> <span class='ocrx_word' id='word_1_69' title='bbox 1224 1477 1356 1543; x_wconf 90' lang='lat' dir='ltr'>lucidas</span> <span class='ocrx_word' id='word_1_70' title='bbox 1388 1485 1508 1544; x_wconf 88' lang='lat' dir='ltr'>contu-</span> 
     </span>
     <span class='ocr_line' id='line_1_11' title="bbox 211 1584 1508 1672; baseline -0.002 -20"><span class='ocrx_word' id='word_1_71' title='bbox 211 1585 323 1652; x_wconf 88' lang='lat' dir='ltr'>bernii</span> <span class='ocrx_word' id='word_1_72' title='bbox 345 1587 400 1652; x_wconf 89' lang='lat' dir='ltr'>tui</span> <span class='ocrx_word' id='word_1_73' title='bbox 423 1584 588 1669; x_wconf 89' lang='lat' dir='ltr'>officinas,</span> <span class='ocrx_word' id='word_1_74' title='bbox 612 1588 710 1672; x_wconf 92' lang='lat' dir='ltr'>quasi</span> <span class='ocrx_word' id='word_1_75' title='bbox 733 1585 880 1650; x_wconf 90' lang='lat' dir='ltr'>totidem</span> <span class='ocrx_word' id='word_1_76' title='bbox 901 1587 1048 1672; x_wconf 86' lang='lat' dir='ltr'>gemmis</span> <span class='ocrx_word' id='word_1_77' title='bbox 1066 1589 1250 1670; x_wconf 88' lang='lat' dir='ltr'>ornaverit,</span> <span class='ocrx_word' id='word_1_78' title='bbox 1273 1585 1366 1652; x_wconf 90' lang='lat' dir='ltr'>haud</span> <span class='ocrx_word' id='word_1_79' title='bbox 1385 1607 1508 1671; x_wconf 89' lang='lat' dir='ltr'>parum</span> 
     </span>
     <span class='ocr_line' id='line_1_12' title="bbox 211 1691 1507 1780; baseline -0.002 -21"><span class='ocrx_word' id='word_1_80' title='bbox 211 1692 378 1780; x_wconf 88' lang='lat' dir='ltr'>ingenioli</span> <span class='ocrx_word' id='word_1_81' title='bbox 393 1695 461 1758; x_wconf 89' lang='lat' dir='ltr'>mei</span> <span class='ocrx_word' id='word_1_82' title='bbox 476 1691 680 1760; x_wconf 87' lang='lat' dir='ltr'>reformidat</span> <span class='ocrx_word' id='word_1_83' title='bbox 695 1695 879 1776; x_wconf 82' lang='lat' dir='ltr'>rusticitas,</span> <span class='ocrx_word' id='word_1_84' title='bbox 896 1692 979 1758; x_wconf 92' lang='lat' dir='ltr'>dum</span> <span class='ocrx_word' id='word_1_85' title='bbox 994 1713 1057 1776; x_wconf 89' lang='lat' dir='ltr'>me,</span> <span class='ocrx_word' id='word_1_86' title='bbox 1073 1699 1113 1758; x_wconf 92' lang='lat' dir='ltr'>ut</span> <span class='ocrx_word' id='word_1_87' title='bbox 1129 1695 1179 1758; x_wconf 92' lang='lat' dir='ltr'>ita</span> <span class='ocrx_word' id='word_1_88' title='bbox 1195 1693 1309 1760; x_wconf 89' lang='lat' dir='ltr'>dicam</span> <span class='ocrx_word' id='word_1_89' title='bbox 1324 1693 1507 1778; x_wconf 82' lang='lat' dir='ltr'>elinguem,</span> 
     </span>
     <span class='ocr_line' id='line_1_13' title="bbox 211 1800 1508 1889; baseline 0 -21"><span class='ocrx_word' id='word_1_90' title='bbox 211 1826 251 1868; x_wconf 90' lang='lat' dir='ltr'>ac</span> <span class='ocrx_word' id='word_1_91' title='bbox 284 1825 368 1887; x_wconf 90' lang='lat' dir='ltr'>pene</span> <span class='ocrx_word' id='word_1_92' title='bbox 396 1805 504 1868; x_wconf 85' lang='lat' dir='ltr'>totins</span> <span class='ocrx_word' id='word_1_93' title='bbox 537 1801 745 1868; x_wconf 82' lang='lat' dir='ltr'>urbanitatis</span> <span class='ocrx_word' id='word_1_94' title='bbox 777 1808 958 1885; x_wconf 84' lang='lat' dir='ltr'>extorrem,</span> <span class='ocrx_word' id='word_1_95' title='bbox 991 1800 1097 1886; x_wconf 91' lang='lat' dir='ltr'>iubes,</span> <span class='ocrx_word' id='word_1_96' title='bbox 1129 1823 1149 1867; x_wconf 94' lang='lat' dir='ltr'>o</span> <span class='ocrx_word' id='word_1_97' title='bbox 1183 1801 1305 1886; x_wconf 86' lang='lat' dir='ltr'>presul,</span> <span class='ocrx_word' id='word_1_98' title='bbox 1338 1801 1508 1889; x_wconf 85' lang='lat' dir='ltr'>regalium</span> 
     </span>
     <span class='ocr_line' id='line_1_14' title="bbox 211 1908 1507 1995; baseline -0.002 -20"><span class='ocrx_word' id='word_1_99' title='bbox 211 1913 373 1976; x_wconf 86' lang='lat' dir='ltr'>instituta</span> <span class='ocrx_word' id='word_1_100' title='bbox 396 1909 620 1976; x_wconf 83' lang='lat' dir='ltr'>collationum</span> <span class='ocrx_word' id='word_1_101' title='bbox 643 1908 800 1992; x_wconf 90' lang='lat' dir='ltr'>recolere,</span> <span class='ocrx_word' id='word_1_102' title='bbox 823 1908 880 1974; x_wconf 90' lang='lat' dir='ltr'>vel</span> <span class='ocrx_word' id='word_1_103' title='bbox 904 1909 1083 1974; x_wconf 87' lang='lat' dir='ltr'>Senatoria</span> <span class='ocrx_word' id='word_1_104' title='bbox 1115 1911 1223 1975; x_wconf 88' lang='lat' dir='ltr'>totius</span> <span class='ocrx_word' id='word_1_105' title='bbox 1246 1911 1345 1995; x_wconf 85' lang='lat' dir='ltr'>regni</span> <span class='ocrx_word' id='word_1_106' title='bbox 1369 1908 1507 1973; x_wconf 90' lang='lat' dir='ltr'>decreta</span> 
     </span>
     <span class='ocr_line' id='line_1_15' title="bbox 211 2015 1508 2102; baseline -0.002 -18"><span class='ocrx_word' id='word_1_107' title='bbox 211 2019 326 2084; x_wconf 88' lang='lat' dir='ltr'>ieiuna</span> <span class='ocrx_word' id='word_1_108' title='bbox 349 2020 502 2084; x_wconf 91' lang='lat' dir='ltr'>oratione</span> <span class='ocrx_word' id='word_1_109' title='bbox 527 2015 762 2102; x_wconf 87' lang='lat' dir='ltr'>recapitulare.</span> <span class='ocrx_word' id='word_1_110' title='bbox 794 2015 914 2102; x_wconf 87' lang='lat' dir='ltr'>Neque</span> <span class='ocrx_word' id='word_1_111' title='bbox 938 2017 1031 2081; x_wconf 92' lang='lat' dir='ltr'>enim</span> <span class='ocrx_word' id='word_1_112' title='bbox 1058 2016 1103 2082; x_wconf 89' lang='lat' dir='ltr'>ad</span> <span class='ocrx_word' id='word_1_113' title='bbox 1126 2015 1255 2102; x_wconf 89' lang='lat' dir='ltr'>regalia</span> <span class='ocrx_word' id='word_1_114' title='bbox 1287 2017 1429 2082; x_wconf 89' lang='lat' dir='ltr'>consilia</span> <span class='ocrx_word' id='word_1_115' title='bbox 1452 2039 1508 2081; x_wconf 89' lang='lat' dir='ltr'>mc</span> 
     </span>
     <span class='ocr_line' id='line_1_16' title="bbox 211 2123 1508 2212; baseline -0.002 -22"><span class='ocrx_word' id='word_1_116' title='bbox 211 2123 427 2190; x_wconf 87' lang='lat' dir='ltr'>consultricia</span> <span class='ocrx_word' id='word_1_117' title='bbox 452 2124 653 2209; x_wconf 88' lang='lat' dir='ltr'>prudentiae</span> <span class='ocrx_word' id='word_1_118' title='bbox 678 2123 809 2190; x_wconf 89' lang='lat' dir='ltr'>inculta</span> <span class='ocrx_word' id='word_1_119' title='bbox 826 2123 992 2212; x_wconf 89' lang='lat' dir='ltr'>provehit</span> <span class='ocrx_word' id='word_1_120' title='bbox 1016 2126 1184 2206; x_wconf 86' lang='lat' dir='ltr'>materies,</span> <span class='ocrx_word' id='word_1_121' title='bbox 1217 2145 1278 2189; x_wconf 90' lang='lat' dir='ltr'>nec</span> <span class='ocrx_word' id='word_1_122' title='bbox 1306 2125 1420 2190; x_wconf 89' lang='lat' dir='ltr'>tenuis</span> <span class='ocrx_word' id='word_1_123' title='bbox 1448 2127 1508 2206; x_wconf 91' lang='lat' dir='ltr'>rei,</span> 
     </span>
     <span class='ocr_line' id='line_1_17' title="bbox 211 2230 1509 2318; baseline 0 -21"><span class='ocrx_word' id='word_1_124' title='bbox 211 2240 362 2298; x_wconf 89' lang='lat' dir='ltr'>stantem</span> <span class='ocrx_word' id='word_1_125' title='bbox 393 2254 455 2318; x_wconf 92' lang='lat' dir='ltr'>pro</span> <span class='ocrx_word' id='word_1_126' title='bbox 488 2231 620 2298; x_wconf 85' lang='lat' dir='ltr'>foribus</span> <span class='ocrx_word' id='word_1_127' title='bbox 652 2231 857 2298; x_wconf 90' lang='lat' dir='ltr'>intromittit</span> <span class='ocrx_word' id='word_1_128' title='bbox 890 2230 1049 2315; x_wconf 89' lang='lat' dir='ltr'>despecta</span> <span class='ocrx_word' id='word_1_129' title='bbox 1082 2232 1268 2314; x_wconf 90' lang='lat' dir='ltr'>pauperies.</span> <span class='ocrx_word' id='word_1_130' title='bbox 1305 2230 1393 2310; x_wconf 80' lang='lat' dir='ltr'>Quia</span> <span class='ocrx_word' id='word_1_131' title='bbox 1425 2251 1509 2298; x_wconf 87' lang='lat' dir='ltr'>vero</span> 
     </span>
     <span class='ocr_line' id='line_1_18' title="bbox 211 2329 1509 2425; baseline -0.001 -21"><span class='ocrx_word' id='word_1_132' title='bbox 211 2339 427 2406; x_wconf 87' lang='lat' dir='ltr'>obedientiae</span> <span class='ocrx_word' id='word_1_133' title='bbox 450 2340 541 2425; x_wconf 83' lang='lat' dir='ltr'>eligo</span> <span class='ocrx_word' id='word_1_134' title='bbox 559 2329 670 2425; x_wconf 82' lang='lat' dir='ltr'>magia</span> <span class='ocrx_word' id='word_1_135' title='bbox 683 2359 821 2422; x_wconf 88' lang='lat' dir='ltr'>operam</span> <span class='ocrx_word' id='word_1_136' title='bbox 837 2337 927 2420; x_wconf 87' lang='lat' dir='ltr'>dare,</span> <span class='ocrx_word' id='word_1_137' title='bbox 950 2359 1054 2424; x_wconf 89' lang='lat' dir='ltr'>quam</span> <span class='ocrx_word' id='word_1_138' title='bbox 1069 2335 1207 2402; x_wconf 83' lang='lat' dir='ltr'>caritati</span> <span class='ocrx_word' id='word_1_139' title='bbox 1222 2340 1337 2403; x_wconf 88' lang='lat' dir='ltr'>omnia</span> <span class='ocrx_word' id='word_1_140' title='bbox 1354 2341 1509 2422; x_wconf 85' lang='lat' dir='ltr'>speranti</span> 
     </span>
     <span class='ocr_line' id='line_1_19' title="bbox 211 2434 1509 2534; baseline -0.002 -22"><span class='ocrx_word' id='word_1_141' title='bbox 211 2446 344 2534; x_wconf 87' lang='lat' dir='ltr'>aliquid</span> <span class='ocrx_word' id='word_1_142' title='bbox 367 2446 545 2533; x_wconf 86' lang='lat' dir='ltr'>denegare,</span> <span class='ocrx_word' id='word_1_143' title='bbox 578 2445 668 2512; x_wconf 89' lang='lat' dir='ltr'>malo</span> <span class='ocrx_word' id='word_1_144' title='bbox 691 2447 798 2510; x_wconf 90' lang='lat' dir='ltr'>etiam</span> <span class='ocrx_word' id='word_1_145' title='bbox 828 2434 921 2510; x_wconf 84' lang='lat' dir='ltr'>ultra</span> <span class='ocrx_word' id='word_1_146' title='bbox 953 2447 1044 2510; x_wconf 88' lang='lat' dir='ltr'>vires</span> <span class='ocrx_word' id='word_1_147' title='bbox 1077 2443 1344 2528; x_wconf 89' lang='lat' dir='ltr'>obtemperando</span> <span class='ocrx_word' id='word_1_148' title='bbox 1372 2466 1509 2528; x_wconf 85' lang='lat' dir='ltr'>praesu-</span> 
     </span>
     <span class='ocr_line' id='line_1_20' title="bbox 211 2551 1509 2641; baseline -0.001 -20"><span class='ocrx_word' id='word_1_149' title='bbox 211 2577 313 2638; x_wconf 89' lang='lat' dir='ltr'>mare,</span> <span class='ocrx_word' id='word_1_150' title='bbox 343 2575 448 2641; x_wconf 89' lang='lat' dir='ltr'>quam</span> <span class='ocrx_word' id='word_1_151' title='bbox 471 2561 749 2639; x_wconf 86' lang='lat' dir='ltr'>praesumptuose</span> <span class='ocrx_word' id='word_1_152' title='bbox 773 2555 913 2618; x_wconf 87' lang='lat' dir='ltr'>minime</span> <span class='ocrx_word' id='word_1_153' title='bbox 941 2551 1186 2637; x_wconf 89' lang='lat' dir='ltr'>obtemperare.</span> <span class='ocrx_word' id='word_1_154' title='bbox 1217 2553 1383 2632; x_wconf 79' lang='lat' dir='ltr'>Quamvis</span> <span class='ocrx_word' id='word_1_155' title='bbox 1415 2556 1509 2620; x_wconf 88' lang='lat' dir='ltr'>enim</span> 
     </span>
     <span class='ocr_line' id='line_1_21' title="bbox 212 2660 1508 2750; baseline 0 -22"><span class='ocrx_word' id='word_1_156' title='bbox 212 2665 385 2750; x_wconf 89' lang='lat' dir='ltr'>imperitia</span> <span class='ocrx_word' id='word_1_157' title='bbox 417 2685 493 2729; x_wconf 89' lang='lat' dir='ltr'>mea</span> <span class='ocrx_word' id='word_1_158' title='bbox 525 2662 681 2728; x_wconf 90' lang='lat' dir='ltr'>dictandi</span> <span class='ocrx_word' id='word_1_159' title='bbox 712 2683 782 2728; x_wconf 89' lang='lat' dir='ltr'>non</span> <span class='ocrx_word' id='word_1_160' title='bbox 810 2669 961 2746; x_wconf 89' lang='lat' dir='ltr'>praestet</span> <span class='ocrx_word' id='word_1_161' title='bbox 994 2660 1200 2744; x_wconf 80' lang='lat' dir='ltr'>facundiam,</span> <span class='ocrx_word' id='word_1_162' title='bbox 1234 2665 1358 2728; x_wconf 90' lang='lat' dir='ltr'>caritas</span> <span class='ocrx_word' id='word_1_163' title='bbox 1390 2670 1508 2728; x_wconf 90' lang='lat' dir='ltr'>tamen</span> 
     </span>
     <span class='ocr_line' id='line_1_22' title="bbox 211 2767 1508 2856; baseline 0 -21"><span class='ocrx_word' id='word_1_164' title='bbox 211 2767 444 2835; x_wconf 85' lang='lat' dir='ltr'>obedientiam</span> <span class='ocrx_word' id='word_1_165' title='bbox 467 2789 536 2834; x_wconf 91' lang='lat' dir='ltr'>non</span> <span class='ocrx_word' id='word_1_166' title='bbox 559 2774 673 2856; x_wconf 87' lang='lat' dir='ltr'>negat.</span> <span class='ocrx_word' id='word_1_167' title='bbox 705 2767 811 2834; x_wconf 90' lang='lat' dir='ltr'>Porro</span> <span class='ocrx_word' id='word_1_168' title='bbox 834 2788 904 2834; x_wconf 90' lang='lat' dir='ltr'>non</span> <span class='ocrx_word' id='word_1_169' title='bbox 927 2769 964 2834; x_wconf 92' lang='lat' dir='ltr'>in</span> <span class='ocrx_word' id='word_1_170' title='bbox 987 2768 1051 2836; x_wconf 94' lang='lat' dir='ltr'>hoc</span> <span class='ocrx_word' id='word_1_171' title='bbox 1074 2789 1175 2853; x_wconf 88' lang='lat' dir='ltr'>opere</span> <span class='ocrx_word' id='word_1_172' title='bbox 1209 2771 1338 2853; x_wconf 90' lang='lat' dir='ltr'>proprii</span> <span class='ocrx_word' id='word_1_173' title='bbox 1359 2767 1508 2838; x_wconf 84' lang='lat' dir='ltr'>¹arbitrii</span> 
     </span>
     <span class='ocr_line' id='line_1_23' title="bbox 211 2874 1509 2962; baseline 0.001 -21"><span class='ocrx_word' id='word_1_174' title='bbox 211 2879 361 2962; x_wconf 87' lang='lat' dir='ltr'>vestigia</span> <span class='ocrx_word' id='word_1_175' title='bbox 392 2874 470 2962; x_wconf 87' lang='lat' dir='ltr'>figo,</span> <span class='ocrx_word' id='word_1_176' title='bbox 501 2897 624 2942; x_wconf 82' lang='lat' dir='ltr'>verum</span> <span class='ocrx_word' id='word_1_177' title='bbox 647 2877 795 2960; x_wconf 89' lang='lat' dir='ltr'>praeviis</span> <span class='ocrx_word' id='word_1_178' title='bbox 828 2875 933 2940; x_wconf 91' lang='lat' dir='ltr'>alieni</span> <span class='ocrx_word' id='word_1_179' title='bbox 965 2876 1099 2940; x_wconf 88' lang='lat' dir='ltr'>itineris</span> <span class='ocrx_word' id='word_1_180' title='bbox 1132 2875 1265 2941; x_wconf 88' lang='lat' dir='ltr'>nisibus</span> <span class='ocrx_word' id='word_1_181' title='bbox 1299 2877 1429 2961; x_wconf 88' lang='lat' dir='ltr'>insisto,</span> <span class='ocrx_word' id='word_1_182' title='bbox 1463 2876 1509 2942; x_wconf 93' lang='lat' dir='ltr'>ob</span> 
     </span>
     <span class='ocr_line' id='line_1_24' title="bbox 212 2981 1508 3071; baseline -0.001 -22"><span class='ocrx_word' id='word_1_183' title='bbox 212 3005 315 3071; x_wconf 91' lang='lat' dir='ltr'>quam</span> <span class='ocrx_word' id='word_1_184' title='bbox 338 2983 501 3048; x_wconf 85' lang='lat' dir='ltr'>videlicet</span> <span class='ocrx_word' id='word_1_185' title='bbox 534 3004 679 3066; x_wconf 88' lang='lat' dir='ltr'>causam,</span> <span class='ocrx_word' id='word_1_186' title='bbox 711 2983 741 3046; x_wconf 88' lang='lat' dir='ltr'>ai</span> <span class='ocrx_word' id='word_1_187' title='bbox 772 2982 856 3068; x_wconf 91' lang='lat' dir='ltr'>quid</span> <span class='ocrx_word' id='word_1_188' title='bbox 889 2985 926 3046; x_wconf 92' lang='lat' dir='ltr'>in</span> <span class='ocrx_word' id='word_1_189' title='bbox 958 2981 1151 3048; x_wconf 88' lang='lat' dir='ltr'>errabundo</span> <span class='ocrx_word' id='word_1_190' title='bbox 1182 2985 1332 3070; x_wconf 87' lang='lat' dir='ltr'>vestigio</span> <span class='ocrx_word' id='word_1_191' title='bbox 1364 2981 1508 3048; x_wconf 89' lang='lat' dir='ltr'>libarius</span> 
     </span>
     <span class='ocr_line' id='line_1_25' title="bbox 211 3088 1507 3178; baseline -0.002 -21"><span class='ocrx_word' id='word_1_192' title='bbox 211 3097 379 3178; x_wconf 84' lang='lat' dir='ltr'>evagatus</span> <span class='ocrx_word' id='word_1_193' title='bbox 402 3111 497 3155; x_wconf 91' lang='lat' dir='ltr'>meus</span> <span class='ocrx_word' id='word_1_194' title='bbox 520 3089 714 3155; x_wconf 89' lang='lat' dir='ltr'>deviaverit</span> <span class='ocrx_word' id='word_1_195' title='bbox 729 3089 889 3172; x_wconf 90' lang='lat' dir='ltr'>calamus,</span> <span class='ocrx_word' id='word_1_196' title='bbox 913 3109 982 3154; x_wconf 89' lang='lat' dir='ltr'>non</span> <span class='ocrx_word' id='word_1_197' title='bbox 996 3088 1136 3175; x_wconf 87' lang='lat' dir='ltr'>ambigo</span> <span class='ocrx_word' id='word_1_198' title='bbox 1158 3111 1263 3175; x_wconf 87' lang='lat' dir='ltr'>quarn</span> <span class='ocrx_word' id='word_1_199' title='bbox 1286 3088 1399 3156; x_wconf 86' lang='lat' dir='ltr'>facilis</span> <span class='ocrx_word' id='word_1_200' title='bbox 1414 3091 1507 3174; x_wconf 89' lang='lat' dir='ltr'>apud</span> 
     </span>
     <span class='ocr_line' id='line_1_26' title="bbox 211 3195 1508 3282; baseline -0.001 -17"><span class='ocrx_word' id='word_1_201' title='bbox 211 3207 247 3265; x_wconf 93' lang='lat' dir='ltr'>te</span> <span class='ocrx_word' id='word_1_202' title='bbox 270 3199 317 3263; x_wconf 90' lang='lat' dir='ltr'>sit</span> <span class='ocrx_word' id='word_1_203' title='bbox 340 3199 461 3262; x_wconf 88' lang='lat' dir='ltr'>veniae</span> <span class='ocrx_word' id='word_1_204' title='bbox 484 3196 587 3280; x_wconf 88' lang='lat' dir='ltr'>locus,</span> <span class='ocrx_word' id='word_1_205' title='bbox 610 3217 676 3282; x_wconf 87' lang='lat' dir='ltr'>que</span> <span class='ocrx_word' id='word_1_206' title='bbox 700 3218 755 3261; x_wconf 89' lang='lat' dir='ltr'>res</span> <span class='ocrx_word' id='word_1_207' title='bbox 779 3198 913 3281; x_wconf 83' lang='lat' dir='ltr'>pigram</span> <span class='ocrx_word' id='word_1_208' title='bbox 935 3197 1042 3262; x_wconf 86' lang='lat' dir='ltr'>etiam</span> <span class='ocrx_word' id='word_1_209' title='bbox 1064 3195 1213 3281; x_wconf 88' lang='lat' dir='ltr'>impellit</span> <span class='ocrx_word' id='word_1_210' title='bbox 1241 3197 1344 3264; x_wconf 89' lang='lat' dir='ltr'>huius</span> <span class='ocrx_word' id='word_1_211' title='bbox 1372 3197 1508 3264; x_wconf 88' lang='lat' dir='ltr'>consilii</span> 
     </span>
     <span class='ocr_line' id='line_1_27' title="bbox 212 3301 1509 3388; baseline 0.002 -17"><span class='ocrx_word' id='word_1_212' title='bbox 212 3326 351 3372; x_wconf 90' lang='lat' dir='ltr'>moram.</span> <span class='ocrx_word' id='word_1_213' title='bbox 389 3303 458 3370; x_wconf 83' lang='lat' dir='ltr'>Sed</span> <span class='ocrx_word' id='word_1_214' title='bbox 489 3310 570 3368; x_wconf 89' lang='lat' dir='ltr'>sunt</span> <span class='ocrx_word' id='word_1_215' title='bbox 602 3302 747 3368; x_wconf 87' lang='lat' dir='ltr'>fortasse</span> <span class='ocrx_word' id='word_1_216' title='bbox 779 3301 945 3384; x_wconf 89' lang='lat' dir='ltr'>nonnulli,</span> <span class='ocrx_word' id='word_1_217' title='bbox 983 3305 1044 3388; x_wconf 92' lang='lat' dir='ltr'>qui</span> <span class='ocrx_word' id='word_1_218' title='bbox 1076 3305 1149 3368; x_wconf 86' lang='lat' dir='ltr'>sine</span> <span class='ocrx_word' id='word_1_219' title='bbox 1181 3305 1326 3370; x_wconf 89' lang='lat' dir='ltr'>rationis</span> <span class='ocrx_word' id='word_1_220' title='bbox 1364 3305 1509 3374; x_wconf 87' lang='lat' dir='ltr'>circum-</span> 
     </span>
     <span class='ocr_line' id='line_1_28' title="bbox 212 3408 1507 3497; baseline 0.002 -21"><span class='ocrx_word' id='word_1_221' title='bbox 212 3413 394 3497; x_wconf 90' lang='lat' dir='ltr'>spectione,</span> <span class='ocrx_word' id='word_1_222' title='bbox 418 3410 511 3476; x_wconf 88' lang='lat' dir='ltr'>idem</span> <span class='ocrx_word' id='word_1_223' title='bbox 533 3410 625 3476; x_wconf 89' lang='lat' dir='ltr'>unde</span> <span class='ocrx_word' id='word_1_224' title='bbox 640 3432 751 3476; x_wconf 89' lang='lat' dir='ltr'>sermo</span> <span class='ocrx_word' id='word_1_225' title='bbox 767 3417 828 3493; x_wconf 90' lang='lat' dir='ltr'>est,</span> <span class='ocrx_word' id='word_1_226' title='bbox 852 3408 1033 3474; x_wconf 86' lang='lat' dir='ltr'>consilium</span> <span class='ocrx_word' id='word_1_227' title='bbox 1052 3409 1302 3477; x_wconf 76' lang='lat' dir='ltr'>tursollinum⁸</span> <span class='ocrx_word' id='word_1_228' title='bbox 1323 3419 1507 3480; x_wconf 91' lang='lat' dir='ltr'>autumant</span> 
     </span>
     <span class='ocr_line' id='line_1_29' title="bbox 212 3517 1507 3605; baseline 0.002 -21"><span class='ocrx_word' id='word_1_229' title='bbox 212 3541 285 3584; x_wconf 89' lang='lat' dir='ltr'>esse</span> <span class='ocrx_word' id='word_1_230' title='bbox 300 3517 519 3604; x_wconf 89' lang='lat' dir='ltr'>superfluum,</span> <span class='ocrx_word' id='word_1_231' title='bbox 542 3520 656 3584; x_wconf 90' lang='lat' dir='ltr'>minus</span> <span class='ocrx_word' id='word_1_232' title='bbox 673 3517 814 3604; x_wconf 89' lang='lat' dir='ltr'>provide</span> <span class='ocrx_word' id='word_1_233' title='bbox 828 3525 1025 3600; x_wconf 88' lang='lat' dir='ltr'>asserentes,</span> <span class='ocrx_word' id='word_1_234' title='bbox 1048 3520 1202 3604; x_wconf 85' lang='lat' dir='ltr'>antiquis</span> <span class='ocrx_word' id='word_1_235' title='bbox 1219 3518 1372 3586; x_wconf 88' lang='lat' dir='ltr'>dieentes</span> <span class='ocrx_word' id='word_1_236' title='bbox 1391 3522 1507 3605; x_wconf 87' lang='lat' dir='ltr'>potius</span> 
     </span>
     <span class='ocr_line' id='line_1_30' title="bbox 214 3623 1508 3712; baseline 0.001 -21"><span class='ocrx_word' id='word_1_237' title='bbox 214 3627 348 3710; x_wconf 91' lang='lat' dir='ltr'>piorum</span> <span class='ocrx_word' id='word_1_238' title='bbox 371 3625 600 3691; x_wconf 89' lang='lat' dir='ltr'>insistendum</span> <span class='ocrx_word' id='word_1_239' title='bbox 619 3647 691 3690; x_wconf 88' lang='lat' dir='ltr'>asse</span> <span class='ocrx_word' id='word_1_240' title='bbox 707 3623 893 3690; x_wconf 89' lang='lat' dir='ltr'>relatibus:</span> <span class='ocrx_word' id='word_1_241' title='bbox 916 3645 1063 3710; x_wconf 91' lang='lat' dir='ltr'>quorum</span> <span class='ocrx_word' id='word_1_242' title='bbox 1079 3625 1232 3710; x_wconf 87' lang='lat' dir='ltr'>profecto</span> <span class='ocrx_word' id='word_1_243' title='bbox 1249 3647 1353 3712; x_wconf 90' lang='lat' dir='ltr'>quam</span> <span class='ocrx_word' id='word_1_244' title='bbox 1371 3626 1508 3711; x_wconf 82' lang='lat' dir='ltr'>frivola,</span> 
     </span>
     <span class='ocr_line' id='line_1_31' title="bbox 212 3732 1510 3820; baseline 0 -22"><span class='ocrx_word' id='word_1_245' title='bbox 212 3755 383 3820; x_wconf 90' lang='lat' dir='ltr'>quamque</span> <span class='ocrx_word' id='word_1_246' title='bbox 401 3735 448 3798; x_wconf 88' lang='lat' dir='ltr'>sit</span> <span class='ocrx_word' id='word_1_247' title='bbox 463 3732 657 3798; x_wconf 89' lang='lat' dir='ltr'>inconsulta</span> <span class='ocrx_word' id='word_1_248' title='bbox 672 3734 876 3813; x_wconf 89' lang='lat' dir='ltr'>coniectura,</span> <span class='ocrx_word' id='word_1_249' title='bbox 900 3737 1036 3796; x_wconf 89' lang='lat' dir='ltr'>nonest</span> <span class='ocrx_word' id='word_1_250' title='bbox 1052 3753 1303 3816; x_wconf 83' lang='lat' dir='ltr'>supervacuum</span> <span class='ocrx_word' id='word_1_251' title='bbox 1318 3733 1510 3818; x_wconf 91' lang='lat' dir='ltr'>pauslisper</span> 
     </span>
     <span class='ocr_line' id='line_1_32' title="bbox 212 3839 1508 3927; baseline 0.001 -22"><span class='ocrx_word' id='word_1_252' title='bbox 212 3861 484 3907; x_wconf 89' lang='lat' dir='ltr'>commemorare.</span> <span class='ocrx_word' id='word_1_253' title='bbox 508 3841 596 3919; x_wconf 78' lang='lat' dir='ltr'>Quia</span> <span class='ocrx_word' id='word_1_254' title='bbox 619 3840 656 3906; x_wconf 91' lang='lat' dir='ltr'>hi</span> <span class='ocrx_word' id='word_1_255' title='bbox 680 3841 778 3925; x_wconf 88' lang='lat' dir='ltr'>regni</span> <span class='ocrx_word' id='word_1_256' title='bbox 801 3839 1011 3905; x_wconf 87' lang='lat' dir='ltr'>detractores</span> <span class='ocrx_word' id='word_1_257' title='bbox 1034 3842 1145 3927; x_wconf 85' lang='lat' dir='ltr'>magis</span> <span class='ocrx_word' id='word_1_258' title='bbox 1169 3842 1306 3926; x_wconf 87' lang='lat' dir='ltr'>proprio</span> <span class='ocrx_word' id='word_1_259' title='bbox 1324 3840 1508 3907; x_wconf 90' lang='lat' dir='ltr'>consulunt</span> 
     </span>
    </p>
   </div>
   <div class='ocr_carea' id='block_1_4' title="bbox 212 4067 1509 4678">
    <p class='ocr_par' dir='ltr' id='par_1_5' title="bbox 212 4067 1509 4678">
     <span class='ocr_line' id='line_1_33' title="bbox 269 4067 1508 4140; baseline -0.002 -14"><span class='ocrx_word' id='word_1_260' title='bbox 269 4071 477 4126; x_wconf 76' lang='grc'>11091--1104</span> <span class='ocrx_word' id='word_1_261' title='bbox 504 4070 681 4140; x_wconf 84' lang='lat' dir='ltr'>esatergomi</span> <span class='ocrx_word' id='word_1_262' title='bbox 709 4067 804 4124; x_wconf 77' lang='lat' dir='ltr'>erselr.</span> <span class='ocrx_word' id='word_1_263' title='bbox 914 4068 974 4122; x_wconf 86' lang='lat' dir='ltr'>irat</span> <span class='ocrx_word' id='word_1_264' title='bbox 993 4067 1198 4140; x_wconf 82' lang='lat' dir='ltr'>curaollinum,</span> <span class='ocrx_word' id='word_1_265' title='bbox 1217 4089 1235 4126; x_wconf 87' lang='lat' dir='ltr'>a</span> <span class='ocrx_word' id='word_1_266' title='bbox 1254 4069 1351 4125; x_wconf 74' lang='lat' dir='ltr'>mssik</span> <span class='ocrx_word' id='word_1_267' title='bbox 1374 4069 1508 4124; x_wconf 80' lang='grc'><strong>111110111-</strong></span> 
     </span>
     <span class='ocr_line' id='line_1_34' title="bbox 214 4159 1509 4232; baseline -0.002 -16"><span class='ocrx_word' id='word_1_268' title='bbox 214 4159 804 4231; x_wconf 65' lang='grc' dir='ltr'><strong>Κ111111,Μο111111.Εο01.8111301.168.</strong></span> <span class='ocrx_word' id='word_1_269' title='bbox 913 4163 1019 4212; x_wconf 87' lang='grc'><strong>1111101</strong></span> <span class='ocrx_word' id='word_1_270' title='bbox 1055 4165 1162 4214; x_wconf 88' lang='lat' dir='ltr'>mutat.</span> <span class='ocrx_word' id='word_1_271' title='bbox 1193 4159 1397 4232; x_wconf 86' lang='lat' dir='ltr'>Legnagyobb</span> <span class='ocrx_word' id='word_1_272' title='bbox 1428 4159 1509 4214; x_wconf 80' lang='lat' dir='ltr'>vald-</span> 
     </span>
     <span class='ocr_line' id='line_1_35' title="bbox 269 4244 1509 4322; baseline -0.001 -19"><span class='ocrx_word' id='word_1_273' title='bbox 269 4258 279 4286; x_wconf 82' lang='grc'><em>·</em></span> <span class='ocrx_word' id='word_1_274' title='bbox 297 4249 440 4304; x_wconf 85' lang='lat' dir='ltr'>Kerinth.</span> <span class='ocrx_word' id='word_1_275' title='bbox 459 4247 500 4304; x_wconf 88' lang='lat'>11.</span> <span class='ocrx_word' id='word_1_276' title='bbox 519 4250 544 4304; x_wconf 83' lang='lat'>3.</span> <span class='ocrx_word' id='word_1_277' title='bbox 565 4251 590 4303; x_wconf 79' lang='grc'>5.</span> <span class='ocrx_word' id='word_1_278' title='bbox 913 4244 1053 4318; x_wconf 74' lang='lat' dir='ltr'>sainflsdg</span> <span class='ocrx_word' id='word_1_279' title='bbox 1065 4250 1178 4304; x_wconf 84' lang='grc'><strong>0101111</strong></span> <span class='ocrx_word' id='word_1_280' title='bbox 1191 4249 1323 4318; x_wconf 84' lang='lat' dir='ltr'>Tarczal,</span> <span class='ocrx_word' id='word_1_281' title='bbox 1336 4265 1406 4304; x_wconf 90' lang='lat' dir='ltr'>nem</span> <span class='ocrx_word' id='word_1_282' title='bbox 1418 4249 1509 4322; x_wconf 85' lang='lat' dir='ltr'>pedig</span> 
     </span>
     <span class='ocr_line' id='line_1_36' title="bbox 268 4334 1509 4410; baseline -0.005 -15"><span class='ocrx_word' id='word_1_283' title='bbox 268 4347 279 4377; x_wconf 82' lang='lat'>⁸</span> <span class='ocrx_word' id='word_1_284' title='bbox 298 4343 325 4394; x_wconf 89' lang='lat' dir='ltr'>A</span> <span class='ocrx_word' id='word_1_285' title='bbox 338 4357 443 4410; x_wconf 88' lang='lat' dir='ltr'>corpus</span> <span class='ocrx_word' id='word_1_286' title='bbox 456 4338 591 4394; x_wconf 86' lang='lat' dir='ltr'>iurisban</span> <span class='ocrx_word' id='word_1_287' title='bbox 601 4337 806 4393; x_wconf 84' lang='lat' dir='ltr'>Vercellinum</span> <span class='ocrx_word' id='word_1_288' title='bbox 915 4335 1080 4402; x_wconf 82' lang='lat' dir='ltr'>Vencselld,</span> <span class='ocrx_word' id='word_1_289' title='bbox 1100 4337 1179 4400; x_wconf 84' lang='lat' dir='ltr'>mint</span> <span class='ocrx_word' id='word_1_290' title='bbox 1200 4335 1293 4392; x_wconf 82' lang='lat' dir='ltr'>sokun</span> <span class='ocrx_word' id='word_1_291' title='bbox 1312 4352 1330 4388; x_wconf 88' lang='lat' dir='ltr'>a</span> <span class='ocrx_word' id='word_1_292' title='bbox 1350 4334 1509 4391; x_wconf 78' lang='lat' dir='ltr'>vercelli-t</span> 
     </span>
     <span class='ocr_line' id='line_1_37' title="bbox 212 4425 1509 4501; baseline 0 -21"><span class='ocrx_word' id='word_1_293' title='bbox 212 4427 264 4481; x_wconf 74' lang='lat' dir='ltr'>all.</span> <span class='ocrx_word' id='word_1_294' title='bbox 296 4428 340 4482; x_wconf 87' lang='lat' dir='ltr'>De</span> <span class='ocrx_word' id='word_1_295' title='bbox 366 4446 398 4483; x_wconf 90' lang='grc'>01</span> <span class='ocrx_word' id='word_1_296' title='bbox 431 4429 500 4484; x_wconf 84' lang='lat' dir='ltr'>csak</span> <span class='ocrx_word' id='word_1_297' title='bbox 520 4446 646 4501; x_wconf 88' lang='lat' dir='ltr'>magyar</span> <span class='ocrx_word' id='word_1_298' title='bbox 674 4429 806 4482; x_wconf 78' lang='lat' dir='ltr'>asinatra</span> <span class='ocrx_word' id='word_1_299' title='bbox 914 4426 1138 4498; x_wconf 72' lang='lat' dir='ltr'>magyartzttk,</span> <span class='ocrx_word' id='word_1_300' title='bbox 1170 4445 1251 4500; x_wconf 84' lang='lat' dir='ltr'>vagy</span> <span class='ocrx_word' id='word_1_301' title='bbox 1282 4425 1400 4494; x_wconf 89' lang='lat' dir='ltr'>Kartal,</span> <span class='ocrx_word' id='word_1_302' title='bbox 1429 4427 1509 4480; x_wconf 87' lang='lat' dir='ltr'>mint</span> 
     </span>
     <span class='ocr_line' id='line_1_38' title="bbox 213 4515 1112 4589; baseline -0.002 -17"><span class='ocrx_word' id='word_1_303' title='bbox 213 4515 456 4587; x_wconf 84' lang='lat' dir='ltr'>vonatkozhatik,</span> <span class='ocrx_word' id='word_1_304' title='bbox 476 4535 545 4571; x_wconf 90' lang='lat' dir='ltr'>nem</span> <span class='ocrx_word' id='word_1_305' title='bbox 564 4517 653 4589; x_wconf 85' lang='lat' dir='ltr'>pcdig</span> <span class='ocrx_word' id='word_1_306' title='bbox 672 4535 706 4571; x_wconf 82' lang='grc'>11</span> <span class='ocrx_word' id='word_1_307' title='bbox 727 4519 804 4572; x_wconf 83' lang='lat'>1053.</span> <span class='ocrx_word' id='word_1_308' title='bbox 915 4515 1024 4572; x_wconf 89' lang='lat' dir='ltr'>Pauler</span> <span class='ocrx_word' id='word_1_309' title='bbox 1043 4515 1112 4572; x_wconf 73' lang='lat' dir='ltr'>vali.</span> 
     </span>
     <span class='ocr_line' id='line_1_39' title="bbox 213 4603 804 4678; baseline 0.002 -19"><span class='ocrx_word' id='word_1_310' title='bbox 213 4603 263 4660; x_wconf 83' lang='lat' dir='ltr'>e&#39;vi</span> <span class='ocrx_word' id='word_1_311' title='bbox 275 4605 421 4660; x_wconf 86' lang='lat' dir='ltr'>vercelli-i</span> <span class='ocrx_word' id='word_1_312' title='bbox 431 4607 570 4660; x_wconf 88' lang='lat' dir='ltr'>zsinatra.</span> <span class='ocrx_word' id='word_1_313' title='bbox 582 4605 804 4678; x_wconf 64' lang='grc' dir='ltr'><strong>111οἕ1111111-</strong></span> 
     </span>
    </p>
   </div>
   <div class='ocr_carea' id='block_1_5' title="bbox 0 0 1602 5214">
    <p class='ocr_par' dir='ltr' id='par_1_6' title="bbox 0 0 1602 5214">
     <span class='ocr_line' id='line_1_40' title="bbox 0 0 1602 5214; baseline 0 0"><span class='ocrx_word' id='word_1_314' title='bbox 0 0 1602 5214; x_wconf 95' lang='lat' dir='ltr'> </span> 
     </span>
    </p>
   </div>
  </div>
 </body>
</html>
