3124 5216
216 375 282 440 764

213 589 364 656 evocato,
395 597 438 638 ex
477 596 592 660 eoque.
615 575 706 660 quod
731 575 862 640 nullam
900 577 1122 657 superstitem
1154 574 1290 638 Prolem
1322 572 1504 638 masculam

215 692 290 768 post
314 705 349 746 se
372 682 560 766 reliquerit,
584 681 807 746 Serenissimo
839 704 878 745 ac
902 681 1148 745 Potentissimo
1180 681 1337 759 Domino,
1361 680 1504 744 Domino

214 789 386 873 Leopoldo
410 788 576 870 Secundo,
599 789 834 854 Romanorum
865 787 1086 871 Imperatore.
1109 810 1177 874 qua
1205 789 1364 852 Eundem
1396 798 1503 852 aetate

213 898 409 960 immediate
442 905 614 980 sequente,
642 917 805 981 germano
838 903 873 958 et
908 898 1043 959 uterino
1066 896 1198 975 Fratre,
1230 895 1384 980 adeoque
1413 895 1502 957 iuxta

213 1006 434 1068 successionis
458 1001 630 1077 Ordinem,
654 1001 762 1066 libero
778 1001 949 1085 Principis
972 1009 1006 1065 et
1027 1001 1190 1066 Statuam
1212 1003 1327 1088 Regni
1355 1000 1503 1082 arbitrio,

213 1114 248 1174 in
265 1111 434 1175 Articulis
456 1113 483 1174 i.
507 1117 542 1174 et
565 1111 595 1173 2.
617 1109 787 1194 generalis
815 1109 1015 1193 Hungariae
1038 1108 1191 1191 Diaetae,
1214 1111 1250 1172 in
1275 1107 1377 1174 Anno
1402 1107 1504 1171 mille

213 1222 299 1283 simo
324 1219 629 1303 septingentesimo
652 1219 820 1302 vigesimo
844 1220 948 1281 tertio
967 1217 1135 1298 conclus0,
1158 1216 1362 1298 stabilitum,
1386 1216 1505 1280 Eidem

213 1325 359 1390 altefato
392 1327 509 1390 Fratri
537 1346 607 1406 suO,
631 1326 668 1388 in
692 1327 759 1388 isto
791 1325 992 1408 Hungariae
1008 1325 1132 1410 Regno
1154 1345 1194 1389 ac
1210 1324 1375 1390 Partibus
1398 1323 1504 1388 eidem

214 1435 358 1497 annexis
391 1433 610 1511 succedente;
643 1433 833 1517 Fascesque
865 1441 900 1496 et
933 1432 1175 1498 Gubernacula
1207 1432 1322 1516 Regni
1355 1430 1502 1515 legitime

213 1541 429 1623 suscipiente,
452 1539 570 1604 fideles
595 1539 715 1603 Status
737 1547 773 1603 et
789 1539 943 1621 Ordines,
968 1547 1246 1624 praenotatorum
1271 1536 1503 1603 Articulorum

212 1646 405 1711 Contextus
428 1667 497 1710 non
521 1649 743 1728 immemores,
778 1669 838 1730 pro
861 1649 1035 1731 exigentia
1068 1646 1272 1732 homagialis
1294 1668 1374 1710 suae
1409 1644 1503 1708 Fidei

212 1765 247 1817 et
276 1753 487 1834 Devotionis,
526 1753 682 1818 Eandem
721 1753 825 1818 Suam
863 1752 1082 1838 Majestatem
1121 1755 1404 1834 Sacratissimam,
1441 1773 1502 1837 qua

213 1863 406 1947 legitimum
438 1884 479 1925 ac
516 1861 784 1926 haereditarium
817 1863 958 1948 Regem,
989 1871 1025 1926 et
1048 1863 1235 1928 Dominum
1258 1865 1411 1946 ipsorum
1443 1861 1504 1924 cle-

213 1971 475 2052 mentissimum,
514 1977 590 2053 post
623 1969 814 2033 extraditos
847 1969 996 2055 benigno
1034 1970 1224 2053 Diplomati
1263 1991 1323 2033 suo
1361 1973 1504 2033 insertos

215 2077 401 2160 Articulos,
425 2077 685 2161 depositumque
718 2077 906 2142 secundum
938 2075 1123 2141 formulam
1155 2077 1384 2142 subinsertam
1407 2076 1504 2141 Jura-
1557 2085 1558 2088 ’

213 2193 376 2265 mentum,
400 2187 559 2248 invocato
592 2184 656 2247 Dei
689 2191 743 2248 ter
775 2184 907 2267 Optimi
939 2185 1084 2248 Maximi
1107 2185 1258 2266 Auxilio,
1281 2184 1384 2249 Sacro
1417 2181 1504 2266 Apo

213 2292 326 2355 stolici
350 2291 550 2376 Hungariae
574 2291 689 2376 Regni
705 2291 917 2372 Diademate,
940 2295 1118 2356 unanimes
1143 2295 1234 2355 inter
1256 2291 1449 2374 applausus,
1472 2301 1502 2351 et

213 2397 440 2462 faustissimas
462 2399 733 2480 acclamationes
756 2401 827 2463 ritu
851 2399 982 2463 solenni
1010 2407 1224 2463 coronarunt.

212 2573 394 2642 Articulus
416 2573 448 2642 2.
473 2574 643 2664 Diplomu
668 2575 830 2666 Regium,
850 2597 918 2666 per
940 2575 1091 2644 Sacrum
1115 2575 1264 2664 Regium
1283 2573 1504 2662 Mnjesintem

210 2686 293 2748 ante
311 2679 452 2768 felicem
477 2680 807 2771 Innnparntionem,
841 2683 1186 2772 Coronuiionemqne
1212 2703 1317 2750 suam
1345 2678 1504 2748 Statibus

211 2795 244 2856 el
278 2788 472 2857 Ordinibus
510 2790 625 2878 Repni
663 2790 802 2874 dotum,
837 2789 994 2880 publicis
1034 2788 1354 2859 Constitutionibus
1392 2785 1506 2875 Regni

769 2899 947 2966 inseritur.

319 3044 457 3108 Fideles
496 3044 615 3109 Status
653 3052 688 3108 et
713 3043 859 3108 Ordines
896 3045 1027 3129 Inclyti
1068 3045 1183 3130 Regni
1221 3045 1431 3128 Hungariae,
1471 3052 1503 3103 et
1557 3073 1558 3084 ¹

212 3153 369 3216 Partium
402 3173 621 3232 annexarum,
653 3151 746 3216 ultro
788 3175 848 3235 per
885 3175 982 3216 suam
1015 3149 1232 3235 Majestatem
1264 3153 1412 3236 Regiam
1445 3169 1505 3231 pro

212 3257 325 3323 fausta
350 3260 411 3324 Sui
453 3259 681 3324 Ooronatione
705 3259 748 3322 ad
774 3259 933 3324 Diaetam
972 3263 1161 3337 convocati,
1187 3260 1373 3343 peroptime
1397 3277 1505 3320 recor-
1557 3285 1558 3288 ¹

211 3367 346 3448 dantur,
370 3366 518 3450 qualiter
541 3369 660 3451 vigore
684 3365 921 3430 Articulorum
946 3369 974 3430 1.
1006 3369 1035 3430 2.
1059 3373 1094 3430 et
1128 3368 1156 3430 3.
1183 3367 1278 3430 1723.
1301 3364 1366 3430 Jus
1388 3363 1505 3427 haere·

212 3475 358 3538 ditariae
391 3474 619 3538 Successionis
642 3476 679 3537 in
711 3474 834 3558 Regno
861 3473 1070 3558 Hungariae,
1103 3473 1341 3558 Partibusque,
1372 3471 1504 3555 Regnis

211 3589 245 3645 et
285 3581 477 3645 Provinciis
516 3582 628 3645 eidem
666 3585 818 3664 annexis,
850 3584 887 3645 in
919 3581 1047 3646 Sexum
1079 3582 1287 3647 foemineum
1324 3579 1504 3664 Augustae

211 3691 341 3755 Domus
357 3691 559 3755 Austriacae
576 3690 783 3754 translatum
799 3689 914 3773 fuerit,
930 3692 1066 3776 quodve
1082 3713 1162 3776 erga
1182 3710 1314 3773 semper
1328 3688 1503 3751 occasione

211 3796 395 3882 cujuslibet
418 3799 714 3882 inaugurationeS,
747 3798 790 3861 ad
824 3801 1072 3881 praescriptum
1095 3799 1228 3883 Legum
1259 3794 1503 3878 suscipiendae,

213 3905 499 3988 praemittendam
524 3903 823 3986 diplomaticorum
845 3903 1082 3968 Articulorum
1101 3903 1378 3985 acceptationem,
1403 3899 1428 3965 J
1430 3921 1503 3963 ura-
1557 3971 1558 3988 ,

210 4016 384 4098 mentique
409 4012 656 4095 depositionem
672 4011 771 4092 Eum,
795 4032 896 4094 quem
911 4008 1012 4094 juxta
1030 4010 1306 4094 praestabilitum
1322 4010 1502 4074 successio

210 4122 262 4183 nis
286 4121 448 4200 ordinem,
481 4117 600 4181 eadem
624 4120 790 4180 successio
822 4119 989 4201 respiciet,
1024 4137 1083 4200 pro
1116 4117 1271 4201 legitimo
1304 4114 1372 4180 Suo
1406 4114 1501 4198 Rege
1557 4117 1558 4120 ’

209 4235 242 4290 et
268 4227 414 4291 Domino
438 4224 626 4306 habituros,
650 4231 684 4287 et
709 4231 929 4288 coronaturos
954 4247 988 4288 se
1013 4224 1272 4288 declaraverint.

316 4334 404 4397 Oum
427 4335 544 4416 itaque
569 4332 670 4396 Sacra
704 4331 994 4414 Caesarea-Regia
1023 4328 1196 4413 MajestaS,
1228 4331 1285 4392 via
1317 4327 1501 4411 legitimae,

209 4451 242 4504 et
267 4441 464 4504 immediate
484 4439 713 4503 Successionis
737 4439 907 4522 Regimen
931 4440 1045 4523 Regni
1062 4437 1164 4523 hujus
1188 4438 1399 4519 suscepisset,
1415 4432 1500 4518 ejus·

209 4549 368 4631 modique
399 4546 574 4610 Articulos
607 4552 825 4628 acceptasset,
858 4554 892 4609 et
916 4545 1160 4610 duramentum
1192 4546 1230 4608 in
1262 4565 1309 4625 ea,
1341 4563 1409 4627 qua
1443 4563 1502 4625 per

210 4651 404 4732 Augustam
436 4651 649 4715 Oenitrieem
682 4653 786 4716 Suam
819 4663 853 4716 et
887 4654 1057 4736 Reginam
1090 4651 1324 4734 Apostolicam
1356 4649 1500 4713 Mariam
1557 4689 1558 4704 1
