3124 5216
1295 405 1360 469 745

59 594 246 660 mobilium
269 595 393 660 Eidem
416 599 535 682 vigore
560 599 747 680 praesentis
772 605 954 681 perpetuae
982 598 1187 665 Donationis
1210 609 1244 665 et
1267 602 1360 666 Fun·

58 703 215 766 dationis
246 704 388 786 collatis,
413 726 472 788 per
495 725 739 790 quemcunque,
763 711 798 768 et
822 712 940 770 contra
963 727 1199 792 quemcunque
1222 730 1360 773 moven-

59 811 126 892 dis,
150 811 262 874 medio
297 833 476 876 causarum
499 813 704 877 Nostrarum
736 811 921 897 Regalium
944 813 1141 897 Directoris,
1169 824 1205 880 et
1238 816 1359 882 Sacrae

58 918 179 1003 Regni
202 918 403 1003 Hungariae
435 920 589 985 Coronae
612 919 757 984 Fiscalis
781 941 990 1004 conservare,
1018 943 1152 1007 augere,
1176 929 1211 987 et
1244 923 1360 988 defen·

60 1028 144 1092 dere
168 1027 331 1110 uelimus3
365 1050 408 1092 ne
431 1035 547 1091 autem
579 1027 650 1092 ullo
682 1050 834 1112 unquam
857 1035 1011 1112 tempore
1044 1033 1224 1116 quaepiam
1255 1030 1359 1116 hujus

59 1134 189 1216 Fundi,
212 1142 247 1199 et
271 1133 383 1200 factae
408 1156 467 1218 per
490 1135 561 1200 Nos
586 1135 724 1217 praevio
757 1135 857 1198 modo
882 1143 1064 1219 perpetuae
1087 1137 1291 1204 Donationis
1324 1147 1359 1204 et

59 1241 293 1306 Fundationis
316 1244 449 1306 intuitu
471 1244 626 1326 quaestio
650 1240 784 1305 oborire
800 1242 923 1324 valeat,
947 1245 1066 1309 eadam
1089 1246 1185 1311 Bona
1209 1245 1359 1330 mobilia,

60 1355 97 1412 et
124 1349 300 1414 inmobilia
325 1347 480 1433 specifice
496 1351 602 1412 etiam
617 1349 697 1413 huic
721 1349 867 1414 Nostrae
884 1350 1071 1417 Donationi
1095 1360 1130 1416 ot
1145 1354 1358 1419 Fundationi

62 1456 245 1520 inserenda
270 1479 341 1521 esse
364 1456 550 1520 clementer
573 1455 734 1520 duximus
751 1505 757 1521 .
775 1507 806 1521 ..

171 1563 265 1640 Quae
289 1564 430 1647 proinde
454 1565 568 1628 omnia
593 1565 731 1646 praevio
764 1565 864 1629 modo
889 1567 1064 1650 recensita,
1090 1575 1163 1632 tam
1195 1568 1358 1632 videlicet

61 1691 213 1734 summas
237 1671 421 1756 Capitales,
446 1679 481 1736 et
504 1670 681 1754 Aedificia,
714 1694 818 1756 quam
841 1695 923 1738 vcro
947 1676 1088 1760 quaevis
1112 1675 1208 1740 Bona
1239 1678 1358 1741 immo-

62 1775 148 1840 bilia
171 1778 214 1841 ad
253 1779 416 1864 Collegia,
454 1779 674 1844 Residentias
707 1787 742 1843 et
780 1781 960 1846 Missiones
988 1781 1137 1847 abolitae
1176 1782 1358 1847 Societatis
1450 1861 1452 1867 y

64 1883 151 1948 Jesu
175 1885 314 1950 Ordinis
338 1889 470 1952 tamin
492 1887 614 1970 Regno
647 1886 856 1972 Hungariae,
880 1910 958 1952 oum
982 1896 1016 1952 et
1040 1888 1182 1952 adnexis
1214 1889 1358 1954 Provin-

63 1992 135 2073 ciis,
177 1993 309 2078 Regnis
348 1996 474 2079 quippe
512 1993 715 2076 Dalmatiae,
754 1993 921 2076 Croatiae,
960 2000 995 2058 et
1028 1993 1237 2077 Sclaveniae,
1276 2016 1358 2078 quo-

62 2120 197 2184 cunque
231 2101 316 2166 Jure
342 2102 558 2184 pertinentia,
591 2107 626 2164 et
660 2121 819 2184 possessa,
851 2101 910 2164 sed
943 2107 978 2164 et
1006 2102 1073 2166 alia
1098 2103 1239 2186 quaevis
1271 2103 1296 2168 J
1297 2125 1357 2167 ura

64 2210 327 2292 possessionaria
352 2230 443 2272 nunc
466 2209 589 2273 Fundo
606 2208 808 2273 Studiorum
825 2208 962 2292 publico
974 2207 1076 2293 juxta
1100 2212 1283 2293 praemissa
1300 2211 1358 2274 ad-

62 2317 200 2399 scripta,
217 2337 276 2400 pro
293 2337 449 2400 supremo
468 2316 676 2381 Patronatus
701 2317 821 2381 Nostri
844 2317 869 2382 J
870 2339 938 2399 ure,
961 2338 1029 2402 quo
1052 2325 1092 2381 ut
1115 2318 1192 2382 Rex
1215 2317 1358 2403 Hunga-

62 2425 133 2487 n'ae
157 2425 268 2487 instar
290 2423 467 2488 Gloriosae
499 2423 790 2488 Reminiscentiaa
818 2425 1120 2489 Praedecessorum
1152 2426 1358 2491 Nostrorum

60 2530 232 2595 Diuorum
264 2552 370 2616 aeque
402 2530 603 2616 Hungariae
634 2531 797 2616 Regnum
829 2531 927 2614 plane
958 2531 1043 2596 Jure
1068 2529 1224 2614 fruimur,
1257 2555 1358 2597 sensu

58 2639 168 2701 etiam
200 2644 235 2702 et
268 2637 454 2702 dictamine
479 2640 659 2721 praecitati
691 2637 842 2702 Articuli
877 2639 983 2702 12-mi
1017 2640 1112 2703 1548.
1144 2641 1247 2704 simul
1279 2663 1357 2705 cum

58 2747 197 2809 cunctis
234 2744 467 2828 Utilitaubus,
505 2744 766 2827 Emolumentis,
799 2751 834 2809 ot
873 2745 1098 2810 Pertinentiis
1136 2747 1357 2832 quibuslibet,

57 2853 194 2918 Castris
213 2855 386 2936 nimirum,
410 2853 578 2936 Castaliis,
603 2852 755 2936 oppidis,
776 2853 1042 2936 PossesionibuS,
1059 2855 1170 2937 Villis,
1194 2856 1357 2938 Praediis,

59 2959 178 3024 Terris
196 2967 369 3043 practerea
385 2959 573 3024 arabilibus
590 2960 700 3043 cultis,
718 2967 751 3023 et
769 2959 918 3041 incultis,
934 2959 1048 3046 Agris,
1067 2962 1191 3045 Pratis,
1209 2963 1356 3047 Campis,

59 3068 211 3150 Pascuis,
235 3069 404 3150 Faenetis,
421 3068 546 3152 Sylvis,
570 3067 784 3150 Nemoribus,
803 3066 990 3150 Montibus
1007 3069 1170 3152 Collibus,
1189 3069 1356 3152 Vallibus,

59 3175 189 3256 Vincis,
206 3176 460 3261 Vinearumque
481 3177 738 3259 Promontoriis,
760 3175 880 3261 Aquis,
896 3176 1040 3260 Fluviis,
1065 3177 1219 3258 Piscinis,
1243 3179 1357 3243 Pisca-

57 3283 158 3364 turis,
183 3283 378 3346 Pisciumve
403 3283 577 3364 clausuris
602 3291 636 3347 et
659 3305 825 3368 aquarum
849 3283 1066 3367 Decursibus,
1090 3285 1297 3350 Molendiuis
1321 3295 1356 3351 et

58 3391 248 3454 eorundem
270 3392 380 3474 Locis,
402 3413 464 3455 nec
493 3413 560 3456 non
593 3390 772 3472 Educillis,
795 3413 834 3455 ac
867 3391 1030 3474 Macellis,
1052 3395 1245 3477 generatim
1274 3416 1355 3459 vero

57 3498 207 3562 aliarum
231 3498 463 3584 quarumlibet
488 3499 701 3582 Utilitatum,
725 3506 760 3563 et
785 3499 1078 3564 Pertinentiarum
1102 3522 1241 3565 suarum
1264 3501 1356 3566 lnte-

58 3605 250 3690 gritatibus
289 3607 411 3690 quovis
452 3608 600 3670 nominis
639 3605 815 3671 Vocabulo
854 3608 1025 3690 vocitatis,
1067 3605 1131 3671 sub
1163 3611 1233 3673 suis
1265 3612 1356 3674 varis

59 3712 175 3794 Metis,
198 3719 234 3776 et
257 3714 410 3797 antiquis
434 3711 622 3777 Limitibus
641 3713 878 3795 existentibus,
902 3713 945 3778 ad
970 3715 1246 3798 praespecificata
1261 3718 1357 3782 vide-

58 3821 142 3884 licet
166 3820 262 3884 Bona
286 3818 476 3883 immobilia
500 3820 542 3882 de
566 3819 660 3902 Jure,
685 3825 720 3882 at
743 3818 787 3883 ab
810 3821 953 3904 antiquo
982 3823 1151 3904 pertinere
1185 3823 1355 3906 debentia,

58 3931 89 3992 si
113 3929 219 3992 etiam
242 3926 478 4011 praesentibus
502 3928 629 3992 Literis
652 3949 854 4012 quocunque
874 3928 974 3992 modo
999 3930 1112 3993 miuus
1135 3933 1201 3994 rite
1218 3933 1354 4013 inserta,

56 4043 120 4100 aut
154 4035 252 4118 plane
285 4056 327 4098 ex
359 4033 609 4118 specificatione
641 4035 763 4097 emissa
795 4041 917 4116 essent,
949 4035 1008 4098 sed
1041 4037 1084 4101 ad
1118 4039 1236 4102 eadem
1269 4039 1353 4103 Jure

59 4144 266 4226 pertinuisse
290 4141 444 4225 legitime
468 4143 602 4207 edoceri
627 4149 772 4226 possent,
793 4165 853 4226 pro
877 4144 1033 4226 praefato
1058 4143 1193 4226 publico
1218 4145 1355 4209 Studio-

59 4271 138 4313 rum
162 4256 197 4313 ct
221 4249 422 4313 Scholarum
447 4250 571 4314 Funde
595 4272 655 4333 per
677 4251 839 4334 Regnum
871 4251 1072 4337 Hungariae
1096 4258 1130 4314 ct
1154 4251 1354 4316 Provincias

57 4357 172 4421 eidem
204 4357 354 4420 adnexas
378 4379 416 4421 co
451 4380 587 4441 prorsus
620 4359 732 4440 Modo,
756 4380 823 4442 quo
859 4381 918 4441 per
949 4357 1115 4423 abolitam
1148 4358 1354 4423 Societatem

58 4471 192 4545 usuata,
232 4472 267 4528 et
301 4485 451 4547 possessa
485 4463 635 4547 fuerunt,
668 4464 753 4528 Jure
786 4466 923 4548 utenda,
962 4465 1174 4549 possidenda,
1207 4467 1353 4530 tenenda

58 4573 191 4654 pariter
213 4579 247 4635 et
280 4571 446 4654 habenda,
471 4580 583 4636 totum
607 4573 699 4654 itern,
732 4579 767 4636 at
791 4595 890 4637 omne
922 4573 988 4637 Jus
1011 4573 1170 4657 Regium,
1193 4574 1284 4658 quod
1318 4578 1354 4638 in

58 4678 347 4762 praespacificatis
371 4682 540 4744 universis
574 4680 687 4760 Bonis,
711 4688 746 4744 et
770 4679 914 4744 Juribus
939 4683 1218 4764 possessionariis,
1250 4689 1353 4766 atque
