3124 5216
218 395 283 460 706

217 594 428 688 torve'nyek
448 595 486 668 e's
507 594 754 692 kivaltsdgok
773 595 1063 692 e'rve'nyasse'get
1081 596 1283 669 mindazon
1306 594 1512 668 esetekben

217 721 256 794 e's
302 719 674 810 vonatkozasokban,
719 721 946 815 melyekben
997 746 1019 794 a
1065 719 1511 795 nemkatholikusoknak

216 845 438 920 kedveznek
477 845 516 918 e's
554 846 647 917 csak
683 872 706 919 a
752 847 1071 942 vegrehejtasban
1116 845 1156 920 es
1201 845 1512 920 alkalmaaasban

217 973 332 1046 hoaza
368 972 414 1043 be
453 994 546 1043 aaon
580 970 827 1064 javitasokat,
864 973 1056 1066 melyeket
1102 971 1209 1069 egesa
1255 971 1513 1046 birodalmara

216 1097 332 1172 nezve
360 1095 555 1168 elrendelt.

324 1221 374 1294 H.
393 1221 422 1294 J
423 1218 526 1293 dasef
541 1225 660 1294 dsszes
680 1223 959 1296 rendelkezesei
987 1225 1324 1297 visszavonasakor
1348 1223 1512 1295 kivetelt

218 1351 294 1418 tett
321 1369 345 1416 a
364 1343 616 1417 tolerantiara
634 1347 758 1420 nonve.
776 1346 893 1420 Latni
912 1347 1057 1443 fogjuk,
1076 1349 1257 1445 mikepen
1274 1347 1514 1422 inte'zkedett

218 1470 468 1566 etargyban
497 1471 755 1565 tiirve‘nyesen,
784 1498 826 1546 aa
859 1479 1079 1548 1790-91.
1108 1473 1385 1571 orszaggydlda

327 1596 365 1668 A
394 1593 572 1669 Oarolina
599 1597 800 1671 resolutiot
827 1626 850 1672 a
879 1600 1021 1693 kirtlyi
1049 1599 1375 1694 helytartotanacs
1409 1625 1512 1672 man·

218 1724 393 1808 datuma3
422 1746 444 1792 a
473 1722 627 1794 tiirelmi
655 1723 865 1796 rendeletet
888 1724 1061 1820 egykon'i
1081 1726 1215 1800 hitales
1234 1725 1514 1819 nyomtatvany

218 1847 313 1920 utan
341 1846 531 1940 k'oniiljiik.

397 2092 437 2161 A
461 2091 659 2163 carolina
682 2093 900 2165 Resolutio
924 2094 1023 2165 1731.
1048 2094 1255 2165 marcatus
1278 2094 1333 2165 21.

614 2256 652 2326 (A
672 2255 930 2326 helytartotanacs
948 2255 1123 2324 rendelete.)

325 2421 424 2486 Actis
448 2422 706 2488 Commissionis
730 2421 876 2486 articulo
901 2423 952 2486 30.
985 2444 1037 2486 an.
1072 2423 1167 2487 1715.
1202 2423 1393 2504 denotatae,
1426 2441 1517 2504 quae
1554 2495 1556 2500 ι

219 2532 381 2593 nimirum
396 2552 485 2594 anno
504 2531 598 2596 1721.
616 2533 653 2594 in
669 2529 777 2594 libera
796 2553 835 2594 ao
859 2531 970 2614 Regia
994 2532 1137 2594 civitate
1156 2531 1326 2595 Pestiensi
1342 2527 1517 2608 inchoata,

218 2659 307 2702 anno
330 2659 412 2702 vero
436 2645 607 2722 sequente,
630 2640 668 2702 in
690 2638 798 2701 altera
823 2636 931 2700 libera
954 2637 1131 2722 Regiaque
1154 2640 1298 2703 civitate
1314 2638 1518 2701 Posoniensi

219 2753 407 2810 reassumta
430 2753 465 2810 et
489 2748 674 2810 terminata
697 2745 775 2829 fuit,
800 2745 887 2809 Suae
904 2745 1080 2809 Maiestati
1096 2746 1352 2810 Sacratissimae
1367 2744 1520 2808 demisse

219 2852 344 2936 relatis,
368 2855 588 2937 materiisque
612 2856 649 2918 in
672 2854 794 2917 iisdem
817 2851 972 2936 specifice
1005 2875 1044 2916 ac
1077 2852 1216 2917 uberius
1248 2853 1413 2932 deductis,
1448 2854 1520 2915 rite

222 2960 418 3044 ponderatis
441 2983 480 3024 ac
505 2961 666 3024 discussis
689 2960 827 3042 habitis,
851 2958 998 3043 benigne
1021 2962 1135 3023 visum
1167 2957 1236 3023 fuit
1269 2959 1391 3026 Eidem
1425 2959 1521 3024 Suae

221 3068 396 3132 Maiestati
429 3067 695 3151 sacratissimae,
728 3067 791 3131 hac
824 3070 908 3150 vice,
941 3075 1140 3152 sequentem
1164 3075 1304 3131 eatenus
1328 3067 1522 3132 clementer

222 3176 392 3258 impertiri
417 3175 668 3240 resolutionem.
691 3175 739 3239 Et
763 3175 902 3260 quidem

326 3281 352 3344 I.
376 3281 569 3366 Benignam
602 3284 833 3365 pientissimae
866 3283 1049 3346 memoriae
1082 3283 1304 3365 imperatoris
1337 3289 1372 3345 et
1406 3281 1520 3364 Regis

219 3387 384 3470 Leopoldi
408 3389 659 3470 resolutionem,
683 3389 747 3454 sub
771 3390 852 3454 dato
876 3392 905 3454 2.
929 3389 1039 3473 April.
1065 3389 1160 3454 1691.
1184 3393 1279 3474 typis
1306 3389 1518 3468 mandatam,

219 3500 254 3558 et
278 3516 338 3558 suo
362 3496 462 3560 modo
487 3495 705 3579 publicatam,
730 3518 789 3580 pro
822 3499 926 3580 regiis
958 3495 1257 3580 explanationibus
1289 3495 1520 3560 articulorum

221 3601 273 3665 25.
298 3608 333 3664 et
357 3603 409 3668 26.
432 3625 484 3668 an.
510 3604 605 3668 1681.
629 3611 664 3667 et
687 3605 739 3670 21.
756 3607 838 3668 anni
856 3605 951 3670 1687.
968 3627 1028 3688 per
1045 3608 1269 3688 praecitatum
1285 3612 1348 3670 art.
1365 3604 1416 3668 30.
1432 3605 1517 3666 anni

222 3709 317 3775 1715.
341 3709 559 3793 confirmetis,
582 3710 784 3794 habendam,
808 3719 843 3776 et
866 3714 964 3776 iuxta
987 3713 1083 3776 illam
1099 3733 1200 3777 sensu
1215 3711 1360 3777 antelati
1375 3711 1517 3774 articuli

221 3817 272 3880 25,
289 3816 447 3882 omnibus
463 3817 703 3902 Augustanam
714 3826 749 3883 et
760 3819 978 3884 Helveticam
988 3818 1140 3884 Confess.
1152 3817 1393 3903 profitentibus
1403 3819 1518 3902 regni-

221 3923 312 4004 colis,
336 3923 463 4010 vbique
483 3947 679 3990 concessum
695 3924 928 3990 Confessionis
943 3929 1095 4009 ipsorum
1111 3927 1322 4008 exercitium,
1339 3927 1518 4010 privatum

220 4030 399 4113 duntaxat,
423 4031 609 4096 dictamine
634 4053 732 4116 porro
757 4035 930 4117 sequentis
953 4031 1092 4097 articuli
1116 4033 1168 4096 26.
1191 4032 1234 4095 ad
1257 4038 1350 4096 certa
1377 4033 1519 4096 nonnisi

220 4139 293 4204 loca
317 4140 515 4204 restrictum
539 4147 764 4204 memoratum
788 4143 990 4204 exercitium
1016 4138 1191 4224 publicum
1215 4138 1296 4222 fore,
1318 4161 1358 4204 ac
1391 4140 1519 4203 exinde

329 4243 374 4310 H.
398 4245 641 4310 Praedicantes
665 4247 708 4311 ad
732 4247 930 4311 articularia
954 4247 1125 4311 duntaxat
1148 4247 1230 4330 loca,
1253 4247 1365 4332 quoad
1384 4245 1521 4310 confes-

221 4354 326 4418 sionis
357 4375 436 4418 suae
470 4375 551 4438 erga
583 4353 671 4418 hanc
705 4353 914 4438 profitentes,
946 4361 1018 4418 tam
1050 4353 1101 4420 ibi
1134 4354 1305 4438 degentes,
1337 4374 1443 4438 quam
1484 4364 1521 4415 et

221 4460 359 4540 aliunde
392 4483 431 4525 eo
464 4460 672 4525 confluentes
706 4464 917 4544 exercitium,
950 4463 1122 4546 restringi,
1155 4464 1193 4526 in
1230 4459 1358 4526 talibus
1397 4467 1522 4525 autem

221 4567 312 4649 locis,
336 4575 398 4650 tot,
431 4575 514 4654 quot
547 4571 730 4632 necessitas
763 4575 798 4632 et
831 4568 1019 4632 multitudo
1052 4571 1167 4654 gregis
1189 4570 1307 4652 exigit,
1330 4569 1523 4649 ministros,

222 4677 359 4757 praeuia
398 4683 515 4738 tamen
556 4682 783 4740 remonstrata
822 4677 1017 4740 istiusmodi
1056 4679 1266 4758 necessitate,
1308 4681 1524 4759 acceptaque
