3160 5212
229 339 296 402 368

228 538 394 623 intellige,
419 537 631 602 solummodo
655 539 811 603 dominos
840 537 1017 621 praelatos,
1051 537 1195 602 barones
1218 546 1253 602 et
1277 538 1362 602 alios
1385 562 1525 625 magna·

229 655 289 728 tes,
313 652 416 730 atque
440 645 611 731 quoslibet
635 646 777 727 nobiles,
800 645 859 710 sed
883 666 952 709 non
976 645 1154 730 ignobiles,

336 754 435 817 Licet
458 761 574 817 autem
598 756 663 818 iste
686 755 855 818 terminus
879 753 1041 837 populus;
1065 753 1221 818 includat
1253 775 1369 819 omnes
1393 754 1526 820 nobiles

229 870 263 925 et
282 859 465 946 'ignobiles
498 863 634 944 pariter,
667 861 709 925 de
748 859 960 946 ignobilibus
992 867 1116 944 tamen,
1149 864 1209 946 qui
1248 861 1355 944 plebis
1388 866 1526 928 nomine

229 968 483 1053 intelliguntur,
512 971 549 1032 in
572 968 637 1032 hac
660 977 757 1053 parte
788 968 876 1032 nihil
901 975 953 1032 est
976 969 1018 1032 ad
1044 971 1264 1052 propositum.

338 1076 489 1159 Populus
512 1079 603 1141 enim
627 1099 665 1141 eo
690 1076 851 1141 differta
877 1075 984 1160 plebe,
1003 1097 1070 1160 quo
1089 1079 1217 1160 species
1241 1099 1260 1140 a
1283 1099 1415 1161 genere.
1436 1079 1525 1143 Nam

230 1183 458 1266 appellatione
482 1184 600 1267 populi
623 1187 777 1249 universi
805 1184 945 1266 nobiles,
979 1189 1050 1247 tam
1083 1191 1271 1268 magnates,
1303 1207 1406 1269 quam
1438 1184 1526 1249 infe-

231 1294 344 1373 110100,
377 1294 481 1355 0110111
504 1291 716 1376 ignobilibus
740 1294 955 1376 computatis
981 1290 1232 1376 significantur;
1267 1291 1375 1375 plebis
1407 1300 1524 1357 autem

231 1401 367 1462 nomine
392 1399 455 1462 soli
478 1387 648 1484 ignobiles
674 1399 923 1484 intelligentur.

300 1591 303 1594 ·
339 1558 407 1622 Tit.
431 1559 471 1622 V.
501 1555 596 1641 Quos
629 1556 744 1644 tipont
768 1556 1035 1623 constitutiones
1061 1560 1093 1622 et
1126 1559 1273 1622 statuto.
1307 1557 1464 1622 Ulterius
1497 1562 1526 1623 si

231 1673 423 1752 quaeratur,
447 1688 531 1752 quos
554 1667 666 1752 ligant
691 1669 955 1731 constitutiones
979 1674 1013 1730 et
1037 1663 1201 1730 decreta?
1227 1665 1418 1744 Sciendum,
1435 1666 1526 1751 quod

228 1776 337 1857 primo
365 1775 475 1859 ligent
509 1778 621 1858 ipsum
655 1777 852 1858 principem,
876 1777 935 1860 qui
959 1797 1015 1838 eas
1040 1774 1164 1858 populo
1189 1773 1383 1857 postulante
1407 1775 1527 1838 edidit.

231 1882 334 1946 quta
358 1882 463 1946 illud:
488 1891 603 1966 patere
620 1882 740 1966 legem,
756 1904 859 1967 quem
885 1882 1005 1945 tuleris
1028 1884 1109 1965 ipse.
1130 1881 1233 1945 Seous
1256 1888 1309 1944 est
1332 1881 1527 1952 desummo

232 1987 392 2072 pontifice
417 1996 451 2052 et
475 1991 681 2072 imperatore
704 1990 937 2053 Romanorum
962 1989 1189 2069 sentiendum,
1217 1989 1259 2051 de
1283 1987 1408 2072 quibus
1432 1988 1528 2052 nulla

232 2099 268 2160 in
292 2097 355 2160 hac
381 2103 477 2179 parte
500 2105 641 2161 notatur
664 2099 801 2161 mentio.
1218 2085 1225 2100 ’

339 2205 471 2270 Deinde
504 2203 615 2288 ligant
647 2224 764 2266 01111100
793 2200 1028 2286 jurisdictioni
1062 2203 1225 2285 principis
1257 2198 1438 2282 subjectos,
1480 2202 1529 2266 Et

233 2333 300 2376 non
327 2312 436 2375 00111111
469 2311 555 2390 11100,
588 2312 645 2375 sed
675 2315 781 2375 etiam
804 2332 1023 2396 quoscunque
1057 2308 1232 2374 forensesi
1264 2311 1301 2374 111
1323 2309 1388 2374 hoc
1421 2330 1528 2393 regno

233 2419 405 2502 degentes

340 2527 489 2590 Interius
514 2550 596 2592 vero
620 2530 851 2613 cuiuscunque
884 2535 1004 2610 status,
1037 2528 1219 2612 dignitatis
1252 2533 1287 2590 et
1319 2525 1530 2588 conditionis

233 2636 392 2718 existant,
416 2635 546 2699 sufficit
571 2641 705 2718 tempus
730 2635 1014 2720 promulgationis
1038 2641 1254 2698 statutorum.
1279 2633 1326 2697 Et
1342 2632 1407 2696 hoc
1426 2631 1530 2694 modo

233 2764 295 2805 nec
341 2745 499 2824 intranei,
545 2765 607 2806 1100
647 2742 798 2804 forenses
837 2748 1052 2805 excusantur.
1091 2741 1264 2824 Namque:
1303 2761 1380 2802 011111
1420 2738 1530 2802 fueris

233 2848 371 2930 Romae,
395 2849 551 2914 Romano
575 2851 687 2913 vivito
710 2871 812 2913 more.

341 3008 408 3072 Tit.
442 3010 500 3074 VI.
537 3006 634 3074 Unde
674 3007 825 3074 traxerit
867 3007 1041 3095 oripincnr
1076 3003 1292 3073 consuetudo
1331 3009 1455 3070 nostru
1493 3006 1529 3071 in

235 3111 375 3179 iudiciis
400 3111 658 3182 observando?
683 3119 866 3183 Sciendum
891 3121 1041 3200 0001111110,
1069 3118 1159 3202 quod
1183 3138 1390 3202 quamquam
1414 3119 1531 3179 omnia

235 3221 305 3285 fere
325 3219 404 3304 jura
428 3226 525 3308 regni
549 3222 660 3308 hujus,
684 3225 900 3310 originaliter
923 3249 964 3288 ex
996 3224 1173 3308 pontificii,
1205 3225 1417 3308 caesareique
1438 3219 1531 3305 juris

235 3328 389 3393 fontibus
422 3352 638 3415 progressum
680 3333 848 3414 habeant,
889 3332 1106 3416 municipalis
1148 3340 1263 3395 tamen
1295 3331 1378 3394 haec
1411 3339 1531 3394 nostra

235 3437 453 3520 consuetudo,
485 3461 552 3524 qua
576 3442 613 3503 in
635 3441 773 3504 iudiciis
806 3439 906 3504 modo
929 3438 1138 3524 generaliter
1169 3441 1307 3520 utimur,
1341 3460 1383 3501 ex
1414 3437 1530 3502 tribus

235 3543 469 3609 fundamentis
493 3555 636 3610 constat.

343 3653 456 3718 Primo
480 3677 522 3717 ex
546 3653 851 3717 constitutionibus
875 3661 910 3717 et
934 3653 1080 3717 decretis
1112 3652 1266 3736 publicis.

343 3760 494 3825 Secundo
518 3769 651 3825 autem:
676 3784 717 3824 ex
743 3762 935 3844 principum
964 3761 1163 3846 privilegiis.

345 3867 455 3932 Tertio
479 3888 578 3932 vero:
602 3892 644 3933 ex
664 3865 822 3951 judicum
850 3869 1101 3932 ordinariorum
1132 3867 1231 3950 regni
1263 3867 1452 3929 sententiis.
1489 3906 1528 3912 —

236 3973 456 4038 Ktivetkezik
487 3997 506 4038 a
539 3999 632 4060 nagy
674 3973 908 4060 torvenyhozd
949 3975 1109 4060 kirtlyok
1150 3973 1339 4056 elsorolasa,
1378 3973 1530 4039 Kalman

235 4080 491 4166 kilragyasdval.

341 4190 596 4254 Inviotissimns
620 4199 736 4274 postea
766 4215 825 4255 rex
849 4191 1014 4272 Andreas,
1039 4190 1135 4253 tertii
1168 4189 1271 4253 Belae
1305 4190 1396 4273 regis
1428 4187 1530 4271 filius,

236 4319 275 4359 ao
299 4295 419 4360 beatae
442 4297 632 4382 Elisabeth,
655 4299 780 4364 viduae
804 4300 950 4383 genitor,
975 4303 1050 4379 post
1084 4293 1219 4359 felicem
1243 4294 1287 4360 ab
1310 4295 1530 4378 expeditione

236 4404 559 4489 Hierosolymitana,
592 4428 695 4490 quam
728 4427 788 4489 pro
822 4428 935 4469 sacrae
969 4403 1050 4466 fidei
1082 4402 1298 4467 Christianae
1331 4401 1531 4466 defensione

345 4643 355 4670 ⁶
374 4632 520 4686 Kitlfoldi.
