3138 5212
206 363 275 428 404

207 566 408 647 cognoverit
431 584 503 626 esse
520 563 563 626 ad
581 562 727 626 salutem
744 564 844 626 istius
860 564 958 645 regni
982 569 1017 625 et
1040 561 1249 645 reipublicae
1273 564 1506 640 Christianae,

208 692 270 734 nco
294 669 362 733 tale
387 669 519 754 aliquid
543 677 688 754 uterque
705 675 861 732 nostrum
885 667 997 732 facere
1021 669 1124 750 volet,
1149 692 1209 752 per
1232 672 1321 756 quod
1347 694 1505 756 sequere-

207 787 266 841 tur
291 781 390 842 ruina
415 785 449 840 et
473 777 646 840 excidium
663 779 764 840 istius
783 779 890 860 regni.
907 776 989 840 Ideo
1012 777 1112 841 ambo
1137 777 1208 842 Nos
1232 779 1504 862 publicationem

208 888 317 966 ipsam
352 887 467 966 pacis⁹
507 882 678 965 publicam
718 881 827 946 hostis
866 881 1131 946 declarationem
1166 893 1201 948 et
1234 889 1505 950 nominationem

208 992 317 1056 hostis
350 994 539 1054 communis
572 991 689 1054 Serus
712 989 789 1052 Rex
822 989 973 1054 Joannes
1007 993 1139 1054 remisit
1163 992 1208 1054 ad
1238 991 1505 1057 declarationem

208 1121 288 1162 suae
312 1100 497 1165 Caesareae
522 1093 628 1162 Matia
660 1099 756 1160 cuius
780 1099 885 1160 etiam
905 1097 1130 1162 declarationi
1154 1109 1293 1182 propter
1318 1104 1504 1183 praemissa

208 1217 298 1271 stare
324 1206 497 1290 pollicitus
521 1213 591 1285 est;
615 1207 718 1268 sicuti
742 1213 777 1268 et
809 1225 871 1268 nos
904 1204 990 1268 illud
1015 1207 1106 1270 idem
1132 1210 1376 1290 promittimus.
1401 1208 1504 1272 simul

208 1323 243 1377 et
268 1336 344 1378 suas
369 1323 403 1378 et
427 1313 645 1378 subditorum
669 1332 807 1375 suorum
829 1314 920 1374 vires
946 1333 1004 1394 pro
1023 1335 1117 1395 posse
1141 1315 1184 1378 ad
1209 1314 1448 1380 defensionem
1472 1325 1508 1378 et

209 1421 448 1486 liberationem
482 1424 582 1485 istius
615 1419 801 1484 extendere
835 1423 893 1502 ita,
927 1428 965 1484 ut
999 1441 1060 1484 nos
1094 1422 1186 1486 idem
1221 1421 1405 1492 faciemus:
1440 1446 1510 1510 quo

209 1529 448 1593 communibus
464 1527 598 1592 viribus
615 1548 759 1610 regnum
777 1527 870 1590 istud
887 1526 931 1591 ab
947 1527 1099 1592 hostium
1109 1527 1333 1594 infestatione
1351 1531 1511 1594 salvetur

208 1646 243 1699 et
268 1636 482 1703 liberetur.¹⁰
505 1643 540 1698 et
564 1638 593 1697 si
617 1655 701 1716 opus
734 1656 805 1696 esse
842 1634 1026 1715 videbitur,
1059 1658 1175 1700 rursus
1200 1645 1285 1700 tunc
1310 1649 1512 1720 praesentes

209 1743 362 1806 litterrae
396 1741 656 1806 renovabuntur
688 1761 765 1802 cum
808 1744 1022 1822 expressione
1062 1747 1209 1806 nominis
1250 1746 1357 1826 ipsius
1396 1746 1510 1810 hostis

208 1853 404 1912 communis.

315 1958 367 2020 41.
392 1957 481 2020 Item
507 1960 542 2018 in
566 1976 645 2018 casu
669 1975 736 2038 quo
760 1954 924 2019 Caesarea
951 1955 1047 2018 Matus
1071 1979 1110 2019 ac
1134 1979 1195 2022 nos
1219 1962 1255 2022 in
1279 1963 1410 2023 semine
1439 1983 1511 2024 ma-

209 2065 340 2128 sculino
364 2063 507 2128 deficere
532 2065 755 2144 contingeret,
780 2084 818 2125 eo
852 2071 935 2125 tunc
967 2067 1133 2127 successio
1162 2069 1260 2149 regni
1286 2079 1513 2149 praenarrata

209 2171 415 2238 devolvatur
439 2174 475 2233 in
499 2169 587 2233 filios
611 2179 645 2233 et
670 2171 810 2233 heredes
831 2173 937 2253 ipsius
961 2166 1057 2234 Sermi
1081 2172 1189 2256 Regis
1212 2174 1366 2253 Joannis,
1391 2179 1422 2239 si
1439 2181 1514 2261 qui,

209 2279 272 2340 deo
297 2277 446 2342 favente.
470 2281 671 2360 superstites
695 2287 814 2356 erunt,
848 2277 917 2341 illis
941 2300 1022 2342 vero
1051 2300 1120 2342 non
1143 2283 1372 2346 existentibus
1397 2283 1512 2348 libem,

208 2388 315 2470 Regis
340 2386 460 2449 electio
485 2407 601 2448 rursus
625 2386 714 2468 apud
739 2395 859 2468 gentes
876 2388 1081 2470 hungaricus
1104 2390 1201 2451 iuxta
1226 2393 1298 2454 eius
1324 2394 1515 2472 pristinam

210 2494 321 2578 legem
345 2501 448 2578 atque
472 2492 669 2556 libertatem
693 2501 838 2557 maneat.

317 2601 369 2663 42.
392 2601 491 2680 Item,
524 2599 615 2683 quod
649 2603 677 2662 si
712 2600 827 2664 Ser¹¹¹¹¹⁸
859 2600 934 2664 Rex
969 2599 1119 2684 Joanncs
1153 2612 1291 2686 propter
1315 2607 1515 2672 amicitiam

209 2709 394 2772 Caesareae
419 2702 512 2771 Matis
537 2715 570 2769 ct
596 2715 746 2770 nostram
771 2708 813 2770 de
839 2710 905 2770 isto
925 2728 1030 2790 regno
1043 2715 1160 2772 nostro
1185 2731 1245 2791 per
1268 2709 1383 2773 hostes
1400 2712 1513 2796 (quod

209 2817 291 2878 deus
317 2815 432 2898 procul
457 2813 606 2890 avertat)
631 2812 881 2894 exturbaretur,
907 2821 989 2876 tunc
1014 2815 1049 2876 in
1074 2835 1112 2876 eo
1129 2837 1208 2877 casu
1225 2814 1390 2880 Caesarea
1408 2817 1516 2881 Maras

209 2932 243 2985 ct
268 2945 329 2986 nos
353 2931 531 2986 teneamur
555 2919 621 2982 sibi
647 2921 689 2982 de
722 2928 815 2983 statu
848 2920 991 2984 honesto
1025 2927 1059 2984 et
1093 2922 1228 2985 decenti
1261 2930 1295 2986 et
1328 2923 1393 2986 tali
1433 2931 1516 3009 qui-

209 3030 287 3098 dem
313 3036 445 3092 uttam
470 3033 541 3112 ipse
565 3031 744 3095 honestam
767 3034 877 3094 vitam
901 3052 1009 3113 agore,
1042 3053 1145 3114 quarn
1169 3035 1273 3094 ctiam
1299 3032 1451 3096 dominis
1478 3050 1516 3098 et.

210 3137 435 3204 servitoribus
459 3142 538 3220 suis,
555 3143 614 3223 qui
632 3139 684 3202 illi
703 3142 813 3202 secuti
833 3137 971 3220 fuerint,
988 3139 1163 3202 commode
1188 3140 1367 3222 providere
1392 3155 1515 3225 queat.

317 3247 368 3308 43.
393 3245 491 3328 Item,
515 3247 606 3330 quod
632 3269 719 3310 unus
755 3269 813 3328 per
841 3254 953 3310 totum
978 3268 1121 3329 regnum
1147 3248 1318 3310 communi
1343 3254 1425 3310 voto
1455 3271 1517 3332 pa-

210 3354 337 3416 latinus
362 3356 458 3416 iuxta
483 3363 656 3418 vetustam
690 3355 801 3438 legem
834 3363 868 3418 et
902 3353 1098 3418 libertatem
1130 3355 1245 3438 Regni
1269 3355 1423 3418 indicta
1451 3380 1517 3420 seu

211 3469 383 3524 conventu
407 3461 559 3544 generali
584 3461 783 3544 publicandi
811 3484 891 3543 paca
917 3462 1074 3544 eligatur.
1099 3462 1196 3525 Alios
1220 3470 1336 3525 autem
1360 3462 1517 3528 honores

210 3590 268 3630 seu
293 3571 524 3648 magistratus,
550 3575 641 3650 puta,
666 3567 925 3648 Cancellarium,
959 3568 1119 3632 Judicem
1143 3569 1275 3649 Curiae,
1300 3573 1518 3653 magistrum

210 3675 486 3755 Tarernicorum,
525 3675 732 3758 Ceterosque
773 3673 901 3736 iudices
940 3675 1129 3738 ordinarios
1162 3685 1195 3740 et
1230 3677 1519 3759 prothonotarios

264 3937 338 3988 ‘ltt
357 3953 419 4006 ugy
448 3937 555 3990 ldtszik
575 3953 593 3988 a
612 3935 722 3989 masold
744 3952 802 4004 egy
912 3938 1059 3990 cntionem
1088 3944 1119 3990 et
1141 3938 1373 3994 declarationem
1403 3957 1520 4011 supra-

209 4027 271 4079 szdt
290 4026 473 4096 kil'elejtett3
503 4027 586 4080 taltn
606 4027 659 4097 igy
678 4026 802 4096 egessit·
911 4026 1007 4080 dictas
1021 4027 1052 4078 in
1066 4029 1235 4096 praesentia
1245 4029 1277 4082 in
1290 4027 1373 4082 aliud
1388 4035 1522 4101 tempus

210 4116 316 4184 hetjuk
337 4117 385 4170 ki:
406 4115 476 4169 Ideo
494 4117 580 4169 ambo
600 4117 658 4170 Nos
672 4116 803 4186 publica·
912 4117 1090 4170 conveniens
1110 4117 1287 4184 remisimus,
1310 4135 1362 4188 per
1381 4135 1437 4173 nos
1455 4132 1521 4175 aut

210 4208 321 4259 tionem
350 4207 444 4276 ipsam
474 4208 555 4276 pacis
584 4206 729 4272 volumus,
752 4206 802 4258 sed
912 4206 1080 4275 praelatum
1120 4205 1386 4278 Archiepiscopum
1427 4208 1522 4264 Lun.

210 4296 358 4365 publicam
378 4302 433 4348 etc.
690 4289 693 4293 ’
863 4333 865 4338 -
912 4295 1041 4362 dcnsem,
1066 4300 1213 4348 oratorem
1232 4301 1263 4349 et
1282 4297 1521 4354 mandatarium

267 4395 286 4421 ¹⁰
315 4385 382 4457 Egy
416 4386 595 4456 jegyzetben
628 4401 643 4437 e
675 4382 802 4454 ponthoz
912 4389 1046 4436 nostrum
1060 4399 1113 4436 suo
1126 4389 1266 4454 tempore,
1286 4401 1354 4438 cum
1367 4387 1412 4438 ita
1426 4386 1525 4441 vide-

210 4473 421 4534 niclldkletbcn
444 4493 476 4527 ez
495 4475 554 4530 all:
584 4475 649 4526 Hoc
674 4473 803 4543 amplius
914 4473 995 4526 bitur
1013 4473 1153 4543 expedire
1173 4473 1350 4530 faciendam.

210 4563 337 4617 habetur
351 4566 381 4616 in
396 4564 493 4618 literis
507 4564 667 4619 Caesareae
681 4562 802 4616 Mettis:
966 4562 1005 4614 Et
1023 4565 1049 4616 si
1071 4567 1126 4616 stc.

264 4650 333 4703 Ideo
346 4667 382 4703 ex
398 4653 567 4720 praemissis
587 4654 684 4705 causis
707 4651 802 4722 publi-
