3182 5212
227 359 292 423 790

225 639 264 708 A
282 659 459 730 magyar
477 640 605 730 nyelv
629 638 889 711 oktatasardl
909 641 953 710 es
971 639 1183 711 hiratalos
1202 639 1521 710 hasznalatardl

620 744 731 816 sarilo
755 746 1122 837 tbrvenyozikkek.

676 910 784 977 1790:
808 909 989 977 Articulus
1016 911 1068 977 16.

334 1037 401 1102 Sua
440 1035 602 1120 Majestas
636 1037 872 1102 Sacratissima
904 1038 1021 1103 fideles
1055 1039 1173 1104 Status
1205 1047 1240 1102 et
1274 1037 1342 1102 00.
1375 1037 1419 1101 de
1453 1057 1522 1100 non

226 1146 473 1210 introducenda
498 1167 558 1230 pro
581 1147 738 1230 Negotiis
762 1146 1021 1231 quibuscunque
1037 1147 1173 1230 Lingua
1190 1148 1368 1230 peregrina
1385 1166 1524 1209 securos

226 1253 357 1335 reddit;
381 1261 421 1316 ut
444 1260 559 1316 autem
583 1255 702 1316 nativa
726 1253 862 1336 Lingua
885 1253 1085 1336 Hungarica
1108 1255 1218 1337 magis
1242 1259 1463 1336 propagetur,
1488 1267 1523 1313 et

226 1360 428 1442 expoliatur,
461 1363 497 1424 in
529 1360 737 1444 GymnasiiS,
769 1367 804 1423 et
836 1359 1072 1424 Universitate
1104 1360 1305 1444 Hungarica
1337 1357 1524 1442 peculiaris

227 1465 403 1531 Professor
425 1467 580 1551 Linguae
604 1475 639 1530 et
672 1466 764 1551 Styli
795 1467 988 1550 Hungarici
1021 1471 1259 1548 constituetur,
1291 1473 1331 1532 ut
1363 1465 1428 1546 illi,
1464 1467 1524 1550 qui

226 1574 369 1638 eandem
393 1576 561 1658 ignorant,
585 1581 620 1636 et
643 1573 837 1637 condiscere
860 1573 992 1654 volunt,
1015 1573 1071 1638 vel
1086 1595 1167 1638 vero
1184 1570 1336 1656 ejusdem
1352 1573 1523 1656 Linguae,

224 1677 298 1762 jam
321 1683 430 1764 gnari,
455 1683 491 1744 in
514 1679 579 1746 hac
602 1701 673 1744 sese
697 1680 859 1764 perficere
882 1683 1034 1764 cupiunt,
1053 1684 1263 1745 occasionem
1277 1683 1525 1744 nanciscantur

227 1787 410 1872 utrobique
432 1793 514 1850 vota
538 1808 598 1851 sua
616 1786 785 1870 explendi,
800 1787 1039 1852 Dieasterialia
1055 1787 1203 1871 Negotia
1219 1794 1334 1852 autem
1350 1788 1525 1851 Idiomate

226 1893 351 1957 Latino
374 1915 465 1958 nunc
488 1894 600 1958 adhuc
625 1894 864 1978 pertractanda
888 1897 1036 1958 venient.

685 2051 792 2120 1792:
815 2051 997 2120 Articulus
1022 2053 1053 2119 7.

335 2179 390 2243 Ad
411 2182 548 2264 propius
564 2181 812 2264 assequendum
826 2179 977 2243 Articuli
995 2181 1045 2244 16.
1064 2180 1158 2244 1791.
1175 2180 1330 2263 Scopum,
1347 2196 1527 2244 annuente

228 2288 296 2352 Sua
330 2285 512 2370 Majestate
544 2287 663 2370 Regia,
697 2287 883 2350 decernunt
917 2287 1035 2352 Status
1058 2295 1092 2350 et
1117 2287 1270 2368 Ordines,
1294 2294 1333 2350 ut
1357 2287 1526 2352 Studium

228 2396 383 2478 Linguae
414 2394 633 2477 Hungaricae
664 2396 756 2457 intra
787 2393 871 2457 fines
909 2395 1023 2478 Regni
1062 2391 1238 2478 ejusdem¹
1276 2393 1438 2477 deinceps
1479 2397 1526 2458 sit

229 2504 391 2568 Studium
438 2501 666 2582 Ordinarium,
709 2509 748 2565 ut
787 2501 850 2566 hac
889 2505 1020 2567 ratione
1060 2505 1151 2566 intra
1190 2509 1319 2566 certam
1357 2505 1528 2585 temporis

228 2613 412 2676 Periodum
435 2611 645 2694 pedetentim
670 2610 806 2694 publica
830 2615 946 2675 munia
970 2615 1061 2675 intra
1084 2613 1199 2696 Regni
1223 2611 1367 2676 Limites
1383 2613 1527 2674 nonnisi

227 2720 313 2784 tales
338 2719 525 2800 obtineant,
548 2721 608 2803 qui
632 2741 734 2801 penes
758 2719 888 2804 reliqua
904 2723 971 2783 rite
986 2718 1143 2784 absoluta
1160 2719 1283 2784 Studia
1299 2717 1528 2782 Testimoniis

227 2829 442 2908 edocuerint3
467 2830 503 2890 in
526 2827 689 2891 Partibus
712 2835 828 2891 autem
855 2829 997 2892 adnexis
1030 2835 1166 2893 maneat
1201 2827 1363 2893 Studium
1396 2825 1529 2890 Extra-

228 2936 447 3018 ordinarium,
480 2935 709 3019 Exterigenae
743 2943 867 3018 tamen,
906 2939 965 3020 qui
1003 2936 1307 3000 condiscendarum
1346 2933 1526 2998 Bonarum

227 3043 366 3106 Artium
400 3042 519 3124 Causa,
551 3043 594 3106 ad
628 3042 862 3125 Hungaricam
902 3043 1183 3122 Universitatem,
1221 3049 1281 3106 aut
1316 3040 1528 3104 Academias

228 3150 403 3230 accedunt,
435 3171 544 3234 neque
577 3151 613 3212 in
645 3149 766 3232 Regno
799 3149 863 3214 hoc
896 3152 949 3214 sui
981 3149 1341 3214 Accommodationem
1369 3169 1527 3232 unquam

228 3279 389 3341 quaerere
405 3257 599 3338 intendunt,
616 3279 635 3320 a
650 3259 853 3320 necessitate
870 3257 1113 3320 condiscendae
1130 3257 1285 3341 Linguae
1301 3254 1528 3338 Hungaricae

228 3353 476 3446 dispensentur.

335 3469 391 3532 Ad
438 3469 593 3532 Petitum
639 3476 754 3533 autem
801 3469 896 3546 illud,
938 3477 976 3533 ut
1015 3470 1165 3553 Regium
1203 3469 1527 3533 Locumtenentialis

228 3576 420 3640 Consilium
442 3574 673 3640 Comitatibus
698 3577 776 3656 illis,
800 3578 859 3660 qui
883 3576 1082 3659 Hungarico
1098 3575 1267 3640 Idiomate
1282 3597 1360 3639 suas
1377 3577 1527 3659 posituri

228 3691 307 3746 sunt
332 3684 684 3766 Repraesentationea
708 3686 744 3746 in
768 3683 889 3746 iisdem
913 3684 1070 3766 Negotiis
1093 3683 1279 3767 hungariae
1310 3683 1527 3766 respondeat,

231 3790 298 3855 Sua
323 3787 486 3872 Majestas
511 3791 747 3854 Sacratissima
772 3791 956 3854 clementer
980 3790 1178 3854 ordinatura
1202 3798 1262 3872 est,
1279 3797 1318 3854 ut
1333 3787 1526 3871 Deputatio

229 3899 265 3958 in
288 3896 554 3960 Coordinatione
578 3897 723 3961 Consilii
746 3897 1075 3960 Locumtenentialis
1099 3896 1314 3960 elaboratura
1346 3895 1527 3978 deliberet,

228 4012 331 4087 atque
371 4006 534 4086 proximis
567 4005 726 4068 Comitiis
760 4003 962 4086 Opinionem
995 4026 1091 4067 suam
1122 4003 1258 4082 referat,
1290 4025 1357 4088 qua
1389 4007 1526 4068 ratione

228 4117 397 4173 attactum
422 4110 612 4174 Consilium
635 4110 942 4174 Jurisdictionibus
974 4111 1089 4194 Regni
1121 4111 1320 4194 Hungariae
1353 4109 1396 4174 ad
1431 4111 1525 4175 idem

228 4217 429 4300 Hungarico
457 4217 626 4280 idiomate
660 4216 897 4294 scribentibus,
930 4218 1041 4301 quoad
1075 4217 1281 4281 domesticae
1313 4219 1405 4280 intra
1439 4215 1527 4280 fines

229 4325 342 4407 Regni
366 4324 644 4387 determinandae
668 4323 990 4386 Administrationis
1015 4331 1135 4406 partes,
1151 4321 1253 4406 juxta
1272 4324 1447 4405 Principia
1466 4347 1527 4407 per

228 4430 419 4494 Altefatam
467 4431 570 4495 Suam
616 4428 833 4513 Majestatem
879 4431 1160 4512 Sacratissimam,
1201 4431 1314 4495 medio
1353 4429 1526 4514 benignae

340 4651 347 4676 ¹
368 4641 394 4693 A
415 4658 552 4694 szorosau
574 4647 637 4693 vett
658 4641 898 4711 Mugyarorszdg,
919 4657 936 4692 a
955 4641 1090 4711 kapesolt
1109 4639 1210 4694 re'szek
1229 4639 1341 4694 ndlkul.
