3160 5212
1274 357 1340 420 335

61 570 110 618 eto.
136 555 397 618 Matrimonium
421 555 512 617 inter
535 561 693 636 nepotem
718 561 873 616 nostrum
896 551 1127 617 Archiducem
1151 554 1340 617 Ferdinan·

60 662 128 725 dum
156 661 305 742 Austrie,
344 661 540 744 Principem
570 660 772 725 Castestelle
811 659 886 740 (sic)
925 668 960 724 et
993 661 1111 724 fratris
1143 684 1183 725 ac
1215 663 1339 726 sororis

61 777 239 833 nostrorum
277 771 368 853 regis
401 775 436 831 et
469 770 586 852 regine
619 767 798 851 Hungarie
831 775 934 852 atque
967 768 1106 832 Boemie
1139 768 1246 832 filiam
1269 771 1338 832 iam

59 885 162 940 natam
194 876 265 940 soil.
307 875 444 940 Annam
477 874 705 939 amicabiliter
737 883 772 938 et
805 873 956 938 fraterne
990 876 1271 941 concordavimus
1303 883 1338 940 et

58 987 351 1066 111111111111111111111
368 990 403 1046 et
415 983 641 1047 conclusimus
652 989 687 1045 et
697 984 734 1045 in
743 981 849 1046 verbo
859 991 975 1046 nostro
991 983 1086 1067 regio
1102 983 1336 1067 exequendum

57 1103 85 1153 et
101 1091 245 1155 firmiter
272 1091 523 1156 observandum
548 1093 780 1173 promittimus
805 1091 1048 1155 concordamus
1071 1099 1106 1156 et
1131 1094 1338 1175 presenciam

56 1219 106 1279 per
126 1206 281 1262 tenorem
304 1201 417 1263 animo
442 1197 631 1262 deliberato
655 1205 690 1262 et
713 1221 756 1261 ex
780 1205 872 1262 certa
896 1206 1013 1262 nostra
1038 1199 1190 1264 Scientia
1214 1222 1339 1284 apum·-

55 1315 180 1369 tuamus
213 1306 448 1370 concludimus
480 1312 582 1389 atque
617 1306 858 1388 promittimus.
890 1305 945 1368 Ita
973 1307 1064 1390 quod
1090 1306 1215 1390 prefati
1238 1307 1339 1371 liberi

54 1415 100 1476 sui
113 1413 293 1478 Archidux
310 1412 550 1477 Ferdinandus
576 1420 610 1475 et
633 1411 780 1476 Domina
803 1413 905 1476 Anna
930 1435 1021 1476 nuno
1045 1421 1080 1477 et
1104 1417 1141 1478 in
1165 1421 1338 1498 posterum

54 1541 124 1584 vero
157 1529 193 1584 et
222 1521 447 1606 irrefragibili
469 1519 609 1583 vinculo
632 1519 881 1602 sponsaliorum
914 1528 948 1583 et
973 1520 1083 1584 futuri
1117 1520 1338 1584 Matrimonio

53 1629 193 1693 invicem
212 1631 347 1693 astricti
370 1637 405 1693 et
429 1628 584 1713 colligati
607 1631 677 1690 suis
701 1635 736 1692 et
760 1651 831 1692 esse
855 1629 1012 1710 debeant,
1036 1635 1140 1713 etque
1165 1651 1339 1712 permane-

54 1743 113 1798 ant.
147 1736 196 1799 Et
230 1758 290 1801 nos
323 1739 485 1820 utrinque
519 1735 690 1819 predictos
723 1741 857 1800 nostros
890 1736 1015 1800 liberos
1038 1737 1169 1800 nemini
1193 1735 1338 1800 ulterius

54 1840 162 1926 locare,
188 1843 246 1907 sed
266 1864 441 1930 quousque
465 1842 508 1905 ad
532 1863 638 1904 annos
662 1839 796 1905 nubiles
814 1843 933 1906 divino
956 1842 1084 1906 auxilio
1110 1846 1337 1927 pervenerint.

53 1950 193 2014 invicem
228 1950 405 2034 prestolari
439 1948 559 2032 facere,
593 1956 626 2012 et
660 1951 800 2012 interim
832 1950 942 2034 Regia
974 1959 1009 2014 et
1038 1950 1214 2033 splendide
1249 1953 1337 2015 sicut

52 2065 202 2136 parentes
226 2059 376 2122 naturali
400 2058 621 2122 inclinatione
651 2065 685 2121 et
709 2080 822 2122 amore
847 2059 954 2140 decet,
978 2058 1121 2122 educare
1145 2059 1337 2124 debeamus.

52 2162 89 2226 Et
122 2187 201 2228 cum
235 2188 344 2229 annus
378 2167 450 2229 sive
485 2173 620 2250 tempus
649 2189 707 2230 sue
751 2168 987 2230 convenientis
1019 2170 1122 2231 etatis
1155 2170 1337 2252 attigerint

52 2271 265 2337 Sacramento
304 2272 518 2336 Matrimonii
557 2280 591 2336 et
631 2275 783 2357 coniugii
825 2271 977 2354 copulari
1011 2273 1337 2360 Matrimoniumque

50 2375 239 2443 huiusmodi
272 2382 345 2442 sive
379 2381 548 2463 sponsalia
581 2381 740 2444 concludi
772 2387 806 2443 et
844 2384 1072 2445 consummari
1105 2380 1277 2465 faciemus
1302 2393 1335 2446 et

50 2487 183 2551 interim
207 2509 308 2571 super
336 2487 425 2570 dote,
448 2489 607 2553 dotalitio
631 2496 734 2574 atque
758 2487 904 2552 Donatis
928 2495 963 2552 et
987 2486 1127 2570 reliquis
1156 2509 1221 2570 que
1249 2489 1337 2551 invi-

49 2615 112 2657 cem
135 2597 302 2677 praestari
319 2603 353 2658 et
377 2594 531 2660 exhiberi
555 2595 773 2688 debebantur
796 2595 1084 2678 quemadmodum
1108 2595 1200 2658 inter
1223 2598 1336 2679 regiae

49 2704 159 2785 stirpis
185 2703 295 2784 proles
319 2705 480 2787 utrinque
504 2701 724 2766 observatum
747 2709 782 2765 et
806 2711 1007 2766 consuetum
1030 2707 1091 2784 est,
1120 2700 1271 2766 fraterne
1301 2711 1334 2766 et

48 2809 272 2873 auricabiliter
300 2811 548 2872 conveniemus
572 2809 619 2872 Et
643 2830 752 2892 neque
778 2807 821 2872 ob
852 2808 917 2872 hoo
940 2831 1050 2894 neque
1083 2809 1187 2873 aliam
1220 2833 1337 2895 quam-

49 2917 131 2996 piam
149 2917 298 2982 Causam
308 2915 510 2980 'huiusmodi
526 2915 787 2978 Matrimonium
804 2918 1036 2997 praetermitti
1055 2938 1115 2979 seu
1131 2919 1336 3001 interrumpi

50 3027 291 3103 permittamus.
315 3024 407 3100 Quin
430 3025 498 3086 imo
523 3024 628 3085 etiam
651 3021 796 3084 ulterius
820 3027 1107 3104 apunotuavimus
1137 3025 1234 3106 plene
1260 3049 1337 3090 con-

48 3128 206 3195 clusimus
229 3152 268 3194 ac
292 3129 396 3194 verbo
420 3152 481 3194 nro
506 3133 599 3215 regio
616 3130 763 3194 firmiter
774 3132 990 3212 promisimus
1014 3134 1051 3194 in
1074 3132 1165 3196 huno
1188 3135 1336 3216 modum,

46 3235 127 3301 Cum
157 3235 293 3322 prefata
316 3259 410 3302 soror
442 3247 558 3302 nostra
591 3238 737 3302 ohar'ma
761 3237 895 3322 Regina
928 3238 1107 3324 Hungarie
1139 3248 1175 3304 et
1198 3241 1336 3306 Boemie

47 3365 130 3408 nunc
154 3345 302 3430 gravida
327 3367 386 3428 per
408 3345 464 3409 dei
487 3347 636 3430 gratiam
670 3344 786 3408 future
820 3345 924 3427 prolis
953 3353 1089 3429 partum
1123 3347 1336 3431 prestoletur,

10 3513 12 3534 ἶ
47 3454 69 3514 si
84 3457 303 3538 contingeret
319 3452 425 3516 filiam
442 3477 483 3517 ex
500 3475 539 3517 eo
559 3455 737 3536 procreari,
760 3453 868 3517 altero
893 3475 973 3516 vero
998 3453 1105 3517 filiam
1128 3457 1196 3516 11111
1220 3462 1336 3519 natam

45 3568 118 3624 ante
144 3582 249 3645 quarn
273 3581 378 3623 anuos
402 3558 536 3623 nubiles
562 3561 751 3644 attingeret
782 3567 817 3623 et
848 3558 1044 3622 huiusmodi
1076 3560 1335 3624 Matrimonium

46 3673 343 3730 consummaretur.
380 3665 483 3750 (quod
508 3665 600 3728 Deus
624 3665 773 3746 avertat)
797 3689 838 3730 ex
862 3647 1021 3729 humanis
1049 3667 1220 3749 decedere,
1244 3667 1332 3764 quod

46 3780 121 3836 tuno
157 3773 311 3856 predicta
350 3771 421 3835 filia
459 3793 562 3856 quam
602 3775 822 3857 progenuerit
860 3774 978 3854 nepoti
1016 3796 1077 3838 nro
1115 3774 1335 3858 Ferdinando

10 3903 11 3906 ¹
46 3879 214 3966 legittime
247 3881 449 3965 desponsata
482 3889 516 3944 et
551 3884 714 3964 promissa
747 3904 818 3944 esse
847 3879 970 3944 debeat
994 3889 1029 3946 91
1054 3889 1274 3964 permaneant
1298 3883 1334 3943 in

10 4055 11 4058 ¹
45 3985 239 4052 huiusmodi
251 3987 481 4068 Matrimonia,
492 3990 654 4071 utrinque
671 3991 784 4051 omnia
801 3989 955 4070 superius
966 3989 1003 4050 in
1018 3987 1239 4051 Matrimonio
1257 4009 1334 4049 curn

45 4091 108 4159 filia
137 4099 209 4160 iam
233 4102 314 4159 nata
337 4095 484 4161 Domina
509 4095 610 4160 Anna
635 4096 787 4178 predicta
811 4117 969 4177 expressa
993 4103 1028 4159 et
1045 4102 1204 4160 contenta
1222 4094 1334 4158 obser-

45 4214 168 4268 rentur
192 4210 226 4268 et
250 4203 493 4286 compleantur,
517 4203 595 4268 dolo
619 4211 654 4266 et
679 4203 799 4266 fraude
828 4225 866 4264 ac
900 4204 1038 4266 sinistra
1063 4203 1184 4286 quavis
1208 4200 1334 4264 machi-

45 4314 180 4376 natione
205 4313 352 4374 semotis.
376 4309 418 4373 In
443 4331 588 4395 quorum
605 4312 758 4373 omnium
773 4309 876 4373 fidem
892 4317 927 4372 et
944 4309 1080 4373 firmum
1098 4311 1334 4372 testimonium

45 4415 108 4481 Nos
143 4419 444 4501 supranominatus
468 4417 608 4480 Maxim.
631 4417 730 4480 Rom.
755 4439 814 4479 rex
840 4437 898 4497 pro
923 4415 1021 4480 nobis
1045 4423 1079 4480 et
1105 4416 1237 4499 prefato
1262 4415 1333 4480 filio

151 4655 159 4681 ¹
181 4647 208 4698 Α
228 4643 359 4698 franczia
378 4643 801 4715 appointer-helybenhagyni.
