3160 5212
1283 322 1349 386 273

60 514 114 576 hoc
137 513 457 580 Transsilvanianse
481 519 743 599 transmitteret,
767 525 802 581 et
826 519 983 581 extiterit
999 517 1249 601 transmissura,
1265 527 1349 584 tunc

60 621 129 686 huic
155 622 220 686 tali
243 623 379 690 Nuntio
402 623 515 708 Regio
539 627 681 708 potenti,
714 621 846 706 atejus
870 626 983 687 coetui
1006 624 1121 688 nullus
1145 629 1283 691 omnino
1306 651 1349 692 ex

60 727 246 804 Nobilibus,
270 729 329 794 sed
352 731 467 817 neque
495 755 537 794 ex
571 732 695 796 Siculis
728 739 765 796 at
798 731 990 796 Saxonibus
1022 734 1131 797 totius
1156 736 1264 816 partis
1289 757 1349 799 sen

58 837 168 922 Regni
192 835 308 922 hujus,
337 836 569 924 cujuscunque
602 841 809 904 conditionis
832 851 866 904 et
890 846 1001 904 status
1026 843 1080 923 sit,
1104 863 1138 904 se
1161 839 1350 927 adjungere

60 944 185 1027 debeat,
210 967 270 1008 seu
294 948 416 1030 quavis
439 950 571 1011 ratione
596 957 656 1010 ant
681 949 822 1038 invento
847 945 957 1011 colore
977 947 1153 1012 inhaerere
1177 949 1298 1034 eidem,
1314 961 1350 1016 et

59 1051 166 1116 dolose
192 1052 387 1137 admiscere,
410 1056 523 1136 ipsum
547 1076 681 1141 qnoque
704 1055 878 1119 Nuncium
910 1053 1071 1138 Regium,
1095 1077 1155 1118 seu
1178 1055 1349 1122 Baronem

57 1160 279 1242 inconsuetas,
296 1163 368 1226 sive
384 1161 549 1226 victualia
567 1164 742 1245 inusitata,
758 1185 844 1226 neve
869 1159 953 1224 alias
976 1163 1160 1226 inusitatas
1183 1185 1350 1249 quascun-

58 1288 114 1349 que
138 1269 360 1332 inconsvetas
383 1271 578 1333 exactiones
610 1273 766 1335 novitate
799 1271 922 1356 quavis
946 1269 1088 1333 inducta
1111 1269 1271 1353 faciendi,
1295 1295 1351 1354 pe-

58 1375 148 1438 tendi
172 1383 210 1438 et
233 1377 460 1462 extorquendi
485 1378 656 1459 inducere,
679 1377 865 1445 informare
889 1397 929 1438 ac
952 1398 1091 1440 suasum
1113 1378 1265 1461 reddere,
1291 1401 1351 1443 seu

58 1504 210 1547 securum
244 1484 355 1548 faeere
389 1496 618 1568 praesummat
651 1497 686 1550 et
720 1493 914 1570 attemptat.
947 1461 1128 1550 Articulus
1160 1489 1190 1550 is
1225 1487 1350 1554 Sextus

57 1589 301 1675 subsequenter
324 1596 472 1657 insertus
496 1602 566 1657 est:
590 1595 681 1679 quod
705 1598 786 1680 qnia
802 1593 989 1676 demeritis,
1012 1601 1052 1656 ut
1076 1595 1264 1660 verisimile
1289 1603 1350 1678 est,

58 1719 169 1762 eorum
195 1700 415 1784 exigentibus
435 1697 508 1782 jam
528 1699 602 1784 jam
634 1705 909 1784 inpraetermisse
934 1703 1137 1766 immanium
1160 1703 1350 1769 Turonium

58 1805 347 1872 crebrescentibus
363 1808 507 1891 insidiis
524 1809 650 1890 spoliis,
668 1809 879 1892 praedisque,
903 1829 942 1870 ac
965 1809 1219 1873 vastationibus
1235 1816 1350 1895 variis,

58 1933 85 1974 er
107 1913 190 1976 aliis
214 1915 528 1995 pervastationibus
552 1915 703 2000 undique
737 1913 936 1979 exitialibus
959 1915 1065 1976 etiam
1089 1937 1149 1998 per
1172 1915 1350 1982 abductio-

57 2043 109 2084 nes
127 2021 268 2085 rrebras
285 2031 475 2106 parentum,
491 2021 686 2106 liberorum,
703 2021 896 2106 conjugmn,
913 2023 1213 2107 proximorumque
1230 2046 1349 2089 eorum

57 2132 86 2191 in
102 2132 348 2211 captivitatem
364 2137 571 2213 perpetuam,
588 2137 622 2194 et
646 2130 880 2212 execrabilem,
905 2149 965 2211 pro
989 2127 1103 2191 dolor!
1137 2133 1351 2216 servitutem,

57 2236 280 2300 nihilominus
303 2259 407 2320 quam
430 2260 544 2302 rerum
568 2241 729 2317 omnium,
758 2245 792 2300 et
827 2235 993 2299 bonorum
1025 2237 1178 2318 ipsorum
1212 2239 1351 2320 deprae-

56 2343 210 2408 dationes
235 2348 432 2409 innumeras
464 2346 509 2410 ad
532 2345 695 2410 ultimum
718 2367 834 2429 usque,
868 2351 902 2406 et
930 2363 1071 2408 numero
1096 2351 1130 2406 et
1155 2344 1351 2410 domesticis

13 2495 15 2544 ,
56 2449 149 2515 bonis
174 2461 289 2516 essent
313 2459 348 2516 et
372 2451 486 2516 forent
519 2453 704 2518 admodum
737 2454 922 2532 imminuti,
956 2459 1110 2532 praterea
1138 2474 1260 2536 nempe
1284 2475 1351 2538 quo

13 2545 14 2550 ἵ
54 2556 206 2623 <leterius
245 2558 478 2645 afflictiusqne
517 2561 725 2624 sufferentur
757 2569 792 2622 et
827 2567 1034 2641 paterentur,
1066 2561 1212 2623 internis
1245 2565 1351 2626 etiam

54 2687 255 2747 guerrarum
280 2667 388 2749 bellis,
412 2667 747 2752 dissensionibusque
772 2675 803 2731 et
831 2668 1004 2730 acerrimis
1028 2665 1273 2751 simultatibus
1289 2692 1351 2732 nec

54 2793 118 2836 non
144 2776 340 2838 inimicitiis
363 2777 539 2838 intestinis
572 2775 796 2858 praecedente
829 2776 944 2836 attriti
977 2795 1075 2854 saepe
1099 2795 1240 2838 numero
1265 2779 1351 2839 exti-

13 2969 14 2974 ,
55 2883 186 2964 tissent,
210 2879 450 2966 affligerentur
482 2885 519 2945 in
553 2885 839 2964 praesentiarum
862 2882 986 2944 horum
1015 2881 1174 2965 equidem
1198 2885 1351 2946 omnium

13 2987 15 3036 ἰ
55 2989 327 3052 consideratione
353 2992 537 3072 perspicua,
557 2989 711 3054 volentes
736 3012 796 3071 per
819 2991 941 3070 omnia,
966 2994 1000 3050 et
1024 2992 1217 3052 accuratius
1241 2993 1352 3054 inten-

54 3093 183 3178 dentes,
210 3105 311 3178 prout
334 3104 369 3159 et
401 3095 490 3160 velle
524 3101 691 3182 congruit,
730 3119 847 3160 eorum
880 3094 1088 3178 reipublicae
1121 3107 1155 3160 et
1179 3101 1352 3161 communi

55 3203 205 3267 utilitati
227 3211 417 3287 opportune
442 3203 613 3268 efficatius
633 3206 821 3287 providere.
846 3212 880 3266 et
904 3207 999 3266 viam
1022 3207 1114 3267 tanti
1137 3204 1219 3268 mali
1244 3208 1352 3287 inopi-

54 3315 124 3374 nati
151 3309 239 3375 forti
261 3311 448 3376 vallatione
488 3311 714 3395 praecludere,
747 3301 936 3375 universali
968 3311 1107 3374 decreto
1141 3315 1351 3394 statuissent,

55 3420 118 3484 imo
145 3427 345 3484 statuerunt
378 3429 413 3484 et
446 3421 687 3504 disposuerunt
721 3418 1008 3503 irrefragabiliter·
1042 3440 1101 3501 pro
1135 3443 1267 3502 semper
1294 3418 1352 3482 ob-

54 3529 272 3611 servandum,
295 3528 386 3615 quod
409 3528 551 3593 Nobiles
585 3537 619 3592 et
653 3529 760 3593 Siculi
793 3537 866 3592 tam
899 3549 1016 3591 eorum
1050 3531 1195 3610 propriis
1218 3531 1256 3591 in
1279 3549 1353 3610 per-

56 3641 154 3722 sonia,
188 3660 293 3722 quam
332 3659 409 3722 cum
449 3637 713 3718 conthoralibus,
753 3635 915 3719 prolibus,
953 3635 1116 3718 orphanis
1155 3643 1189 3700 et
1227 3636 1352 3716 viduiS,

54 3744 224 3831 rebusque
248 3748 381 3810 cunctis
403 3749 556 3828 ipsorum
588 3752 622 3808 et
655 3745 754 3808 bonis
787 3745 830 3808 ad
864 3743 1034 3808 Civitates
1064 3744 1352 3826 Santonicamque

53 3850 135 3915 alias
162 3873 394 3938 quascumque
418 3851 562 3917 mallent
594 3856 811 3932 munitiones,
836 3851 993 3934 patulum
1017 3874 1150 3934 semper
1173 3850 1353 3915 obtineant

54 3960 257 4042 ingressum,
300 3961 559 4046 accedendique,
599 3959 761 4041 intrandi,
795 3957 1027 4042 confugiendi,
1061 3967 1095 4022 et
1135 3957 1353 4042 ingrediendi

53 4067 186 4132 tutelae
218 4077 253 4130 et
287 4066 495 4130 defensionis
535 4088 634 4130 causa
667 4087 820 4129 securam
853 4087 986 4148 semper
1024 4064 1283 4149 absolutamque
1317 4072 1352 4127 et

54 4174 233 4254 pacificam
273 4172 474 4237 facultatem
512 4171 671 4255 habeant,
711 4181 746 4235 et
784 4172 1031 4236 authoritatem
1070 4171 1250 4252 libertatis
1289 4172 1353 4236 tali

13 4261 15 4272 ἶ
53 4289 154 4364 pacto
189 4291 223 4344 et
258 4281 453 4346 conditione
491 4283 683 4364 expressius
722 4280 933 4362 subinsertiS,
973 4279 1063 4364 quod
1102 4277 1245 4344 Nobiles
1277 4281 1353 4362 ipsi,

13 4389 14 4432 ³
52 4396 160 4475 atque
186 4389 294 4454 Siculi
316 4390 478 4471 universi,
510 4410 578 4452 una
610 4411 687 4452 cum
721 4387 913 4453 Saxonibus
938 4387 1210 4468 civitatensibus,
1234 4387 1293 4456 sed
1317 4395 1352 4450 et

13 4513 15 4528 ’
51 4495 403 4580 comprovincialibus
426 4495 571 4580 singulis
605 4499 757 4560 omnium
790 4496 1050 4578 adversitatum,
1083 4515 1293 4579 guerrarum,
1318 4502 1352 4557 et

51 4607 274 4670 inimicorum
310 4623 590 4689 quorumcunque
623 4602 866 4666 insultantium
905 4599 1126 4684 temporibus,
1166 4599 1350 4664 secundum

104 4743 242 4788 nram:
258 4743 278 4786 s
292 4753 395 4796 magyar·
409 4743 521 4786 artene
535 4741 626 4786 naun.
1210 4719 1244 4775 18
