3138 5212
1300 276 1366 341 455

74 477 239 572 peldany
275 479 372 551 latin
410 479 587 574 subveget
634 503 655 550 a
694 477 920 551 Verancsics
956 477 1072 550 iratai
1110 479 1244 550 kozttt
1281 479 1366 551 levd

73 603 293 677 masolatrdl
316 605 451 676 kiadta
471 603 605 696 Szalay
624 599 767 676 Laszld.
795 597 1048 699 (Veranosios,
1067 607 1188 677 osszes
1206 603 1366 676 munka'i

75 735 106 801 5.
135 731 172 802 k.
203 735 289 802 283.
308 725 348 826 l.)
377 730 414 801 A
443 729 591 802 szultzin
620 728 713 800 altal
742 727 930 800 kiallitott
959 728 1124 823 pelda'ny
1148 729 1263 802 torol<
1291 732 1366 802 sao-

72 854 246 951 vegenek
292 881 451 951 magyar
496 852 699 928 sorditasat
744 853 960 948 feltalaljuk
1006 854 1185 947 Rosnyay
1231 851 1366 943 David,

73 981 271 1053 Tbrteneti
299 979 662 1073 Maradvdnyaiban.
693 984 752 1052 32.
780 979 803 1052 l.
978 977 982 988 '

138 1249 179 1320 A
200 1247 612 1320 bekeszerzodeanok
636 1247 940 1426 iidssardinand
963 1247 1069 1319 altal
1092 1247 1299 1323 uaffitott

606 1373 659 1446 pe
707 1375 829 1446 anya.

180 1552 295 1614 Primo
319 1551 436 1634 igitur,
460 1551 629 1613 universis
662 1557 697 1613 et
722 1548 867 1633 singulis
891 1551 1016 1613 nostris
1050 1550 1246 1633 capitaneis,
1272 1570 1365 1632 prae·

68 1660 182 1740 fectis,
215 1655 429 1736 officialibus,
468 1659 645 1738 ministris
669 1655 839 1720 militibus
872 1679 911 1720 ac
943 1657 1092 1721 subditis
1122 1659 1210 1721 serio
1243 1663 1278 1719 et
1301 1655 1366 1720 sub

70 1788 181 1852 poena
216 1767 339 1849 capitis
379 1764 627 1846 mandabimus,
660 1771 700 1828 ut
732 1763 821 1828 hanc
845 1786 962 1847 pacem
995 1771 1120 1847 sancte,
1153 1763 1299 1828 firmiter
1331 1770 1365 1827 et

67 1873 237 1939 inviolate
276 1870 468 1954 observent,
499 1879 535 1934 et
573 1893 616 1934 ne
654 1869 824 1934 militibus
862 1879 923 1934 aut
971 1869 1119 1936 subditis
1158 1871 1366 1934 serenissimi

66 1982 292 2064 Imperatoris
329 1979 527 2060 Turcarum,
550 2001 590 2042 ac
612 1975 761 2062 praefati
800 1977 864 2042 filii
887 1979 1059 2064 quondam
1092 1980 1183 2063 regis
1221 1977 1366 2042 Joannis

66 2111 174 2171 arma,
198 2090 270 2152 vim
293 2095 328 2150 et
352 2085 459 2150 ullam
481 2083 710 2149 hostilitatem
742 2083 903 2168 inferant,
935 2108 997 2150 neo
1026 2085 1162 2149 eosdem
1194 2086 1238 2149 ad
1271 2105 1365 2148 arma

67 2176 248 2278 lacessam,
272 2195 332 2259 sed
356 2191 527 2258 cumillis
551 2214 668 2275 pacem
692 2198 727 2255 et
751 2191 876 2257 bonam
900 2195 1116 2258 vicinitatem
1141 2191 1290 2259 foveant.

178 2304 226 2368 Et
238 2304 400 2388 quoniam
415 2304 452 2366 in
467 2300 673 2366 tractatibus
691 2300 761 2364 illis
778 2304 869 2384 pacis
885 2302 1273 2388 quinquemralis,qua1n
1286 2323 1365 2364 cum

67 2410 225 2496 praefato
249 2413 463 2474 serenissimo
480 2409 668 2474 Turcarum
692 2410 896 2492 imperatore
913 2431 1001 2474 anno
1018 2409 1157 2474 Domini
1174 2409 1364 2490 millesim0,

66 2521 345 2605 quingentesimo
387 2517 648 2602 quadragesimo
687 2517 841 2598 septime,
874 2518 1038 2580 inivimus
1071 2539 1110 2580 ac
1143 2515 1365 2595 firmavimus

65 2624 268 2690 conclusum
301 2630 447 2708 pactum,
482 2630 518 2687 et
560 2629 768 2686 conventum
801 2621 924 2704 fuerat,
958 2629 998 2686 ut
1036 2626 1216 2688 annuatim
1249 2625 1364 2687 mitte-

66 2754 184 2797 remus
207 2732 251 2796 ad
276 2738 409 2815 portam
433 2731 641 2793 serenissimi
664 2729 853 2793 Turcarum
877 2731 1093 2813 imperatoris
1117 2753 1240 2794 munus
1257 2729 1361 2794 hono-

65 2843 199 2904 rarium
224 2841 370 2924 triginta
397 2837 546 2902 millium
570 2837 781 2916 ducatorum,
814 2859 874 2901 nos
898 2859 978 2900 sane
998 2833 1100 2920 juxta
1125 2837 1253 2901 dictam
1287 2859 1362 2920 pao

66 2949 201 3012 tionem
231 2954 266 3011 et
299 2947 561 3011 conventionem
602 2944 866 3029 quinquennalis
899 2943 993 3008 illius
1027 2947 1127 3028 pacis,
1160 2951 1200 3009 ut
1232 2943 1365 3008 afflicto

65 3055 270 3139 Hungariae
294 3073 409 3138 regno,
433 3054 701 3136 miserorumque
726 3051 921 3116 colonorum
955 3059 990 3116 et
1013 3051 1231 3117 subditorum
1254 3053 1365 3138 quieti

65 3172 102 3227 et
127 3161 360 3226 incolumitati
384 3158 577 3223 consultum
601 3161 656 3240 sit,
680 3161 717 3223 in
740 3167 914 3242 posterum
936 3181 1070 3244 quoque
1094 3159 1240 3245 singulis
1256 3161 1364 3242 annis,

66 3271 217 3334 durante
250 3270 316 3332 ista
340 3265 510 3330 octennali
534 3287 624 3350 pace,
657 3267 700 3330 ad
726 3273 860 3350 portam
892 3268 1087 3330 serenitatis
1111 3263 1184 3348 ejus
1217 3266 1364 3350 triginta

65 3377 129 3442 illa
156 3377 359 3440 ducatorum
383 3372 659 3458 hungaricalium
683 3373 788 3438 millis
820 3376 1102 3439 transmittemus

178 3589 347 3655 Similiter
377 3586 421 3652 ab
453 3585 589 3651 arcibus
612 3609 746 3672 quoque
770 3597 805 3652 et
843 3587 1002 3671 castellis,
1034 3585 1177 3651 urbibus
1210 3607 1248 3648 ac
1282 3585 1364 3649 locis

65 3698 357 3784 Transsylvaniae
389 3717 525 3760 omnem
549 3697 621 3760 vim
652 3703 756 3781 atque
779 3696 1008 3761 hostilitatem
1031 3692 1288 3759 abstinebimus.
1312 3693 1364 3758 De

65 3809 154 3872 locis
178 3827 259 3871 vero
282 3811 379 3870 extra
413 3802 715 3887 Transsylvaniam
748 3807 877 3887 positis,
911 3825 1056 3888 quorum
1087 3801 1188 3886 longe
1211 3799 1279 3863 alia
1311 3809 1365 3864 est

65 3918 168 3998 ratic,
198 3936 302 4000 quam
325 3912 620 3996 Transsylvaniae,
644 3921 801 3995 respectu
825 3914 910 3977 dicti
944 3913 1150 3976 serenissimi
1175 3910 1365 3974 Turearum

66 4023 295 4106 imperatoris,
327 4042 367 4082 ac
391 4021 579 4102 praesentis
612 4020 811 4082 concordiae
845 4027 880 4082 et
913 4021 1005 4102 pacis
1028 4040 1138 4101 causa,
1171 4038 1240 4081 non
1270 4038 1364 4079 recu-

66 4151 184 4194 samus
224 4149 302 4192 cum
335 4127 568 4190 illustrissimo
601 4127 734 4190 Joanne
768 4126 1008 4211 Sigismuudo
1029 4125 1123 4206 duce,
1156 4123 1364 4187 serenissimi

66 4237 243 4324 quondam
271 4236 362 4319 regis
386 4234 530 4299 Joannis
554 4233 634 4314 filie,
652 4235 863 4314 concordare,
888 4255 973 4318 quae
998 4233 1071 4298 loca
1095 4230 1193 4294 nobis
1225 4231 1363 4293 restitui

66 4355 103 4408 et
128 4364 215 4428 quae
248 4343 314 4425 ipsi
348 4339 485 4424 pacifice
509 4341 701 4425 relinquere
741 4341 896 4422 velimus,
929 4343 978 4403 ita
1011 4347 1135 4420 tamen,
1158 4345 1198 4401 ut
1231 4337 1364 4400 dictum

66 4450 243 4536 quondam
265 4451 356 4535 regis
389 4449 533 4514 Joanuis
566 4448 685 4530 filium,
725 4449 870 4512 durante
904 4447 967 4510 hoc
992 4443 1164 4510 octennali
1197 4467 1287 4528 pace,
1319 4445 1362 4506 ad

67 4554 352 4621 satisfaciendum
391 4557 489 4621 nobis
531 4558 572 4620 de
612 4557 694 4620 locis
733 4563 831 4620 extra
871 4553 1157 4638 Transsylvaniae
1203 4551 1289 4616 fines
1327 4553 1364 4614 in
