3142 5214
204 345 270 411 590

311 541 520 612 Duodecimn.
555 544 721 627 Tempore
754 548 848 628 pacis
881 544 984 629 (quod
1018 544 1112 608 Deus
1144 545 1236 628 pacis
1268 545 1499 628 approximet)

202 651 455 734 quinquaginta
489 650 585 714 mille
617 651 853 734 Imperialium
888 651 1030 736 tributo,
1069 659 1222 735 tempore
1259 658 1376 715 autem
1415 651 1500 718 belli

202 763 323 821 contra
346 757 562 844 Hungariam
586 766 622 822 et
645 759 958 844 Transsylvaniam,
985 759 1317 846 quadringentcrum
1348 759 1501 824 millium

203 861 410 929 florenorum
423 866 643 930 rhenensium
660 867 924 951 contributione,
935 870 1143 950 computatis
1157 870 1263 932 etiam
1272 865 1501 950 naturalibus,
1567 901 1568 906 κ

204 975 359 1035 contenti
381 975 526 1056 erimus;
549 976 785 1058 repertitionis
813 983 848 1038 et
881 977 1070 1040 exactionis
1102 973 1212 1040 forma
1245 997 1348 1059 penes
1380 973 1501 1038 fideles

204 1079 324 1144 Status
347 1088 382 1144 et
406 1084 602 1164 provinciae
625 1081 791 1147 officiales
820 1083 949 1168 relicte,
981 1090 1017 1148 et
1049 1083 1094 1148 ab
1126 1086 1209 1167 ipsis
1241 1087 1314 1147 sine
1347 1085 1501 1166 partium

204 1188 320 1252 studio
350 1187 395 1252 ad
423 1185 555 1271 justam
588 1193 842 1273 proportionem
874 1190 1086 1272 reducenda;
1119 1197 1261 1274 caetere,
1295 1211 1382 1276 quae
1406 1188 1502 1252 ultra

205 1295 398 1378 praedictas
421 1293 587 1380 Summas,
610 1298 668 1362 vel
691 1295 774 1362 belli
797 1299 854 1364 vel
887 1301 979 1382 pacis
1011 1305 1174 1383 tempore,
1207 1319 1268 1382 pro
1299 1296 1502 1362 defensione

206 1405 337 1486 patriae
360 1406 588 1488 requirentur,
611 1425 725 1475 amore
748 1405 904 1470 fidelium
927 1404 1106 1486 Statuum;
1130 1412 1166 1469 et
1189 1408 1369 1469 universae
1389 1402 1503 1487 plebis

205 1507 437 1574 sublevandae
460 1532 569 1594 causa,
593 1534 636 1575 ex
659 1511 758 1576 bonis
781 1515 887 1599 regiis
909 1521 944 1577 et
972 1511 1154 1596 fiscalibus,
1186 1533 1319 1577 necnon
1350 1511 1434 1575 salis
1468 1517 1502 1574 et

205 1615 415 1700 reliquorum
439 1617 658 1682 metallorum
681 1617 818 1702 fodinis,
842 1620 1034 1702 tricesimis,
1058 1617 1199 1682 decimis
1222 1621 1313 1682 inter
1338 1616 1504 1700 Saxones,

204 1722 331 1786 arenda
355 1723 564 1789 decimarum
579 1727 581 1730 ’
597 1727 634 1789 in
666 1726 896 1812 comitatibus,
929 1725 1073 1812 aliisque
1105 1725 1242 1792 Nostris
1274 1723 1504 1810 proventibus
1567 1757 1568 1760 ¹

203 1829 369 1896 allaturi.⁸

207 2023 342 2092 imponat
354 2022 573 2076 necessitatem.
594 2021 801 2079 Considerabit
819 2039 890 2079 vero
908 2040 972 2080 rem
990 2024 1194 2095 opportuniori
1213 2029 1345 2094 tempore
1357 2023 1505 2093 penitius.

205 2116 238 2164 et
255 2109 294 2162 ad
312 2109 412 2163 officia
431 2109 626 2168 Dominorum
644 2111 785 2168 Statuum
804 2130 856 2184 pro
874 2113 972 2186 Regia
993 2129 1048 2168 sua
1075 2113 1265 2184 benignitate
1291 2111 1438 2166 reflectet.
1469 2145 1505 2154 —

206 2199 313 2254 Partes
341 2199 441 2270 Regni
460 2199 636 2270 Hungariae
656 2202 909 2274 Transsylvaniae
927 2219 1068 2272 annexas,
1087 2191 1168 2257 inte'r
1186 2218 1260 2274 quas
1278 2203 1370 2256 etiam
1390 2199 1505 2254 Debre-

206 2289 324 2340 cainum
334 2287 604 2358 comprehenditur,
614 2291 690 2362 quod
699 2297 834 2361 spectat:
848 2308 916 2348 cum
928 2290 1053 2348 diilicile
1065 2293 1107 2346 sit
1117 2307 1155 2346 ex
1167 2292 1206 2346 iis
1218 2296 1372 2362 tamquam
1384 2291 1506 2344 notorio

205 2376 381 2447 Hungariae
393 2377 525 2432 membro
537 2378 640 2434 Status
659 2380 835 2452 Hungariae
854 2381 982 2450 excludi,
1001 2381 1046 2436 ita
1064 2379 1091 2434 S.
1104 2380 1145 2436 M.
1158 2396 1223 2434 rem
1234 2381 1385 2449 instituet,
1399 2385 1437 2434 ut
1450 2395 1506 2450 pro

205 2465 467 2522 administratione
484 2468 651 2524 officiorum
671 2486 746 2542 quae
764 2469 827 2526 illis
846 2470 1034 2541 inpartibus
1059 2487 1167 2525 vacare
1194 2469 1387 2540 contingerit,
1412 2470 1506 2538 (1001-
1567 2529 1568 2540 2

207 2571 293 2625 proco
311 2557 391 2610 inter
410 2557 663 2629 Transsylvaniae
691 2566 722 2614 et
751 2559 927 2630 Hungariae
954 2565 1053 2614 status
1080 2558 1217 2613 stabilito
1244 2557 1394 2614 incolatus
1418 2557 1505 2628 jure)

205 2662 265 2698 non
283 2646 383 2700 minus
403 2646 673 2718 Transsylvanicae
692 2666 782 2720 quam
800 2649 993 2720 Hungaricae
1010 2649 1180 2703 nobilitatis
1205 2653 1237 2702 et
1262 2648 1395 2702 nationis
1423 2649 1506 2703 ratic

206 2733 361 2792 habeatur.
380 2771 416 2780 -
434 2736 648 2792 Existimasset
666 2737 787 2809 quidem
812 2738 840 2792 S.
860 2737 889 2792 C.
918 2737 1008 2810 une'
1023 2739 1064 2793 M.
1092 2755 1160 2792 cum
1187 2736 1373 2792 Cancellaria
1401 2737 1506 2792 1111101

206 2823 382 2893 Hungarica
401 2825 621 2896 expeditionem
641 2826 925 2898 Transsylvanicam
943 2829 976 2880 in
995 2827 1065 2882 aula
1092 2828 1175 2882 avito
1199 2827 1268 2896 jure
1295 2829 1340 2880 ita
1367 2827 1506 2897 potuisse
1567 2855 1568 2900 1

206 2914 329 2981 reuniri,
348 2919 384 2967 ut
402 2913 586 2985 particulare
604 2921 705 2969 tamen
730 2915 897 2972 Archivum
925 2922 956 2970 et
984 2916 1211 2986 Regestratura,
1228 2916 1276 2970 uti
1303 2921 1334 2970 et
1361 2916 1506 2969 distincti

207 3018 259 3072 pro
277 2999 334 3056 hac
353 3003 543 3072 expeditione
562 3003 770 3058 Referenderii
790 3011 821 3058 et
839 3003 1007 3074 Secretarii,
1025 3005 1277 3073 instituerentur;
1304 3021 1373 3057 cum
1398 3011 1507 3060 tamen

207 3091 310 3145 Status
330 3097 360 3145 et
379 3091 435 3146 hoc
453 3091 604 3163 deprecati
631 3095 695 3148 sint
719 3095 886 3165 malintque
912 3099 1084 3164 separatum
1111 3109 1231 3164 prorsus
1258 3093 1296 3148 ab
1324 3093 1506 3165 Hungarica

207 3179 393 3234 Cancellaria
412 3182 632 3253 expeditionem
651 3185 782 3252 institui,
801 3185 845 3236 ita
865 3189 896 3237 et
913 3185 947 3237 in
965 3183 1020 3238 hoc
1039 3183 1066 3238 S.
1086 3182 1116 3236 C.
1135 3183 1173 3238 R.
1192 3183 1231 3238 M.
1251 3183 1314 3238 illis
1331 3183 1507 3254 gratificari

206 3269 440 3324 clementissime
463 3270 606 3341 resolvit;
626 3290 644 3326 a
662 3271 814 3326 Gubernio
832 3288 886 3326 suo
905 3272 1156 3344 'Praussylvanico
1178 3273 1361 3342 postulatam
1387 3273 1507 3343 opinio-

206 3374 283 3428 nem,
294 3375 331 3412 ex
345 3364 417 3430 quot
429 3366 461 3413 et
473 3360 612 3431 qualibus
625 3363 766 3432 personis,
777 3379 845 3416 cum
858 3379 916 3433 qua
929 3379 981 3432 pro
992 3361 1123 3433 singulis
1136 3361 1341 3430 instructione,
1355 3363 1507 3416 constitui

206 3449 434 3504 convenientius
452 3450 553 3519 possit.

316 3557 389 3607 ¹Az
410 3554 480 3610 1692
498 3555 683 3626 szeptember
701 3557 803 3610 sikun
823 3557 944 3612 beadott
963 3555 1193 3611 memorials'ban
1212 3575 1231 3610 a
1249 3555 1361 3610 rendek
1379 3574 1507 3628 panasz-
1567 3589 1568 3622 3

206 3643 326 3712 kodtek,
349 3643 430 3716 hogy
449 3651 495 3700 tot
506 3662 630 3701 onerum
642 3647 843 3717 supportando
861 3647 986 3701 minime
1004 3646 1149 3700 valebunt
1167 3647 1302 3717 quinimo
1319 3647 1505 3701 edriltimum

206 3732 284 3787 forte
302 3733 518 3804 desperationis
536 3737 663 3806 gradum
682 3736 876 3806 delabentur;
895 3737 1067 3808 supplicant
1084 3753 1155 3807 ergo
1173 3734 1406 3807 profundissima
1433 3753 1504 3790 cum

205 3821 412 3893 submissione,
431 3823 573 3895 dignetur
598 3825 638 3880 M.
658 3826 694 3880 V.
722 3826 749 3880 S.
778 3828 852 3898 ipsis
879 3826 1015 3896 misellis,
1043 3825 1120 3880 alias
1147 3825 1357 3894 devotissimis,
1385 3825 1505 3896 aliquid

206 3913 326 3982 respirii
340 3913 572 3969 clementissime
585 3916 762 3987 elargiri...
776 3919 803 3971 A
817 3917 923 3988 porttk
938 3916 1131 3971 feloszttstra
1143 3920 1351 3986 megegyezett
1365 3931 1383 3967 a
1396 3913 1506 3970 htrom

206 4009 324 4056 nemzet
343 4001 374 4056 es
393 4019 425 4056 ez
445 4003 621 4076 egyezseget
633 4005 763 4077 Leopold
783 4008 853 4062 1693
865 4007 970 4078 tprilis
990 4004 1107 4060 14-111611
1125 4004 1350 4075 megertlsitette
1368 4002 1508 4060 11111101-

206 4089 374 4144 kezllkben:
406 4090 480 4146 Cum
511 4092 765 4164 Transsylvaniae
792 4095 927 4149 Statibus
955 4101 987 4149 et
1013 4092 1177 4161 ordinibus,
1204 4092 1237 4145 111
1264 4091 1428 4162 diplomate
1456 4096 1507 4149 4-1

207 4179 379 4234 Decembris
391 4181 488 4234 16911
497 4181 589 4236 Nobis
599 4182 831 4238 clementissime
843 4184 917 4254 ipsis
930 4198 1068 4237 concesso
1080 4179 1208 4235 articulo
1221 4181 1316 4234 12-m0
1324 4179 1506 4237 facultatem

206 4269 416 4340 reliquerimus
435 4270 671 4327 contributiones
689 4279 721 4328 et
739 4273 800 4327 alia
817 4290 907 4327 onera
932 4273 1052 4344 publica
1070 4289 1107 4327 ex
1123 4271 1263 4342 justitiae
1281 4272 1506 4344 aequitatisque

206 4359 281 4430 lege,
301 4365 332 4413 et
344 4377 416 4414 vera
435 4363 622 4432 proportione
641 4364 721 4417 inter
739 4379 772 4417 se
789 4362 982 4434 repartiendi,
1000 4368 1142 4434 ortaeque
1160 4361 1285 4432 desuper
1303 4361 1506 4415 dissensiones

206 4449 287 4501 inter
305 4451 459 4503 nationem
477 4450 654 4504 Saxonicam
673 4469 740 4505 cum
762 4451 887 4523 reliquis
906 4450 1050 4519 Statibus,
1078 4450 1134 4504 sub
1162 4455 1266 4504 nostra
1292 4449 1505 4518 ratificatione,

207 4539 240 4592 in
271 4537 408 4593 Comitiis
439 4539 551 4594 Gibinii
578 4542 724 4612 superiori
753 4558 831 4594 anno
859 4540 1017 4595 celebretis
1045 4539 1184 4611 sequenti
1211 4537 1296 4592 modo
1323 4539 1505 4609 compositae

205 4627 287 4682 sint:
309 4630 332 4682 1.
351 4627 434 4694 Quod
453 4630 591 4700 quamvis
610 4637 673 4684 tam
691 4631 854 4684 secundum
874 4630 1049 4701 compilatas
1069 4628 1305 4696 constitutiones,
1318 4643 1409 4698 quam
1427 4627 1506 4681 alias
