3124 5216
1277 361 1343 426 713

49 565 142 644 sima,
166 569 206 625 ut
229 561 428 626 Sacerdotes
461 559 641 642 Catholici,
664 561 730 623 nisi
763 559 879 622 vocati
911 556 1051 638 fuerint,
1083 557 1343 641 aegrotantibus

49 668 260 733 Acatholicis
288 690 322 732 se
355 689 425 732 000
447 665 645 748 obtrudant,
678 673 816 750 petente
849 671 965 729 autem
988 671 1128 748 aegroto
1161 668 1343 750 propinqui

48 773 129 858 ejus,
153 783 213 840 aut
246 776 400 840 Ministri
432 775 567 838 aditum
591 774 769 838 Sacerdoti
792 773 975 837 concedere
1008 779 1209 854 teneantur;
1243 795 1343 857 porro

49 881 196 948 liberum
228 885 274 948 sit
297 883 509 948 Acatholicis
535 883 707 946 Ministris
748 903 828 946 suae
861 881 1055 964 Religionis
1087 882 1243 964 captivos
1275 903 1343 946 000

48 997 185 1056 tantum
208 995 261 1056 uti
285 991 451 1056 hactenus
474 991 672 1056 ordinatum
696 989 774 1072 fuit,
798 992 835 1053 in
868 989 1071 1054 Carceribus
1094 989 1204 1070 adire,
1222 1009 1343 1052 verum

47 1100 154 1162 etiam
176 1100 219 1163 ad
244 1099 407 1164 ultimum
430 1098 637 1182 supplicium
661 1099 826 1162 comitari.

159 1201 373 1276 Undecimo:
411 1205 704 1284 Quemadmodum
732 1201 805 1286 jam
843 1225 945 1288 supra
984 1204 1170 1268 clementer
1202 1202 1343 1267 resolvit

47 1313 115 1376 Sua
139 1312 304 1397 Majestas
336 1313 582 1392 Sacratissima,
615 1318 655 1376 ut
689 1311 901 1392 Helveticae,
938 1317 974 1374 et
1009 1310 1234 1395 Augustanae
1267 1333 1343 1376 con·

47 1419 187 1485 sessioni
211 1421 368 1502 addictio,
392 1427 427 1484 et
450 1420 573 1484 Graeci
596 1419 702 1483 Ritus
725 1441 794 1483 non
816 1421 925 1482 unitis
948 1418 1065 1482 ubivis
1087 1418 1266 1502 Locorum,
1283 1418 1342 1483 ubi

48 1529 224 1613 publicum
262 1529 456 1613 Religionis
496 1527 713 1592 Exercitium
754 1547 823 1591 000
864 1528 971 1611 viget,
1013 1525 1189 1590 sufficiens
1228 1533 1344 1590 tamen

46 1636 273 1700 Familiarum
296 1636 595 1701 Domiciliatarum
618 1635 798 1718 Numerus,
826 1657 888 1699 nec
921 1656 990 1698 non
1013 1635 1198 1718 requisitae
1221 1633 1343 1698 Facul-

46 1750 137 1807 tates
159 1743 294 1827 adsunt,
319 1747 494 1826 privatum
517 1743 710 1827 Religionis
739 1743 956 1806 Exercitium
979 1741 1194 1824 concedatur,
1223 1749 1343 1825 suapte

45 1852 275 1934 consequitur,
298 1850 368 1915 illis
392 1850 684 1933 Ludi-Magistros
707 1871 842 1935 quoque
858 1870 938 1913 suae
961 1848 1155 1932 Religionis
1178 1848 1283 1912 simili
1307 1851 1342 1913 in

46 1979 127 2022 casu
151 1958 385 2023 admittendos
408 1979 497 2038 esse,
522 1959 710 2022 sinautem
733 1979 813 2021 suae
837 1956 1031 2040 Religionis
1054 1955 1179 2020 scholis
1195 1964 1342 2037 careant,

45 2087 157 2150 neque
189 2066 266 2130 illas
289 2067 515 2148 introducere,
549 2087 608 2129 seu
631 2065 675 2130 ob
708 2067 872 2149 exiguum
895 2081 1076 2128 numerum
1109 2062 1343 2144 Familiarum,

45 2193 106 2236 seu
130 2173 174 2238 ob
212 2175 341 2238 virium
365 2196 425 2258 pro
453 2175 703 2238 sustentatione
736 2170 934 2256 hujusmodi
966 2171 1101 2236 scholae
1132 2171 1344 2237 insufficien-

45 2283 133 2344 tiam
156 2281 304 2364 valeant,
331 2281 460 2346 Iisdem
492 2280 639 2345 liberum
671 2280 820 2365 relinqui
852 2279 930 2344 vult
960 2278 1241 2365 Altanuncupata
1275 2281 1343 2346 Sua

20 2385 218 2470 .Majestas,
242 2395 282 2451 ut
305 2388 423 2452 Proles
448 2409 526 2452 suas
544 2408 604 2451 seu
627 2389 664 2452 10
697 2387 901 2468 Catholicae,
918 2407 978 2450 seu
993 2389 1099 2451 etiam
1114 2385 1343 2470 Acatholicas,

43 2496 75 2556 01
100 2495 282 2577 quaepiam
314 2493 457 2559 alterius
480 2494 674 2578 Religionis
706 2495 831 2576 adsint,
860 2493 992 2558 scholas
1024 2495 1163 2558 mittere
1195 2495 1343 2559 valeant.

157 2602 340 2666 Caeterum
363 2609 479 2666 autem
494 2603 636 2688 quaevis
660 2601 831 2666 Collectae
848 2624 908 2666 seu
925 2624 983 2686 per
1006 2603 1176 2667 studiosos
1194 2601 1343 2667 Acatho-

43 2709 140 2790 licos,
179 2730 238 2772 seu
270 2708 338 2773 alia
370 2731 572 2794 quacunque
605 2710 647 2774 de
679 2731 779 2773 causa
818 2710 1052 2774 instituendae
1084 2710 1177 2774 ultro
1209 2731 1343 2794 quoque

44 2817 261 2880 severissime
285 2817 519 2900 prohibentur,
543 2824 578 2880 et
601 2825 641 2881 ut
665 2825 806 2882 eatenus
839 2817 1013 2882 sufficiens
1035 2817 1220 2901 vigilantia
1244 2817 1342 2882 adhi-

45 2924 181 3004 beatur,
204 2923 512 2988 Jurisdictiorribus
535 2923 650 3006 Regni
673 2924 867 2988 distinctim
891 2922 1095 3008 injungitur.

154 3025 397 3094 Duodecimn:
420 3030 715 3107 Quemadmodum
744 3027 818 3113 jam
841 3033 879 3094 in
901 3030 1063 3095 Generali
1087 3032 1220 3095 Puncto
1254 3033 1342 3096 circa

43 3135 304 3201 constabilitum
351 3136 585 3202 Christianam
632 3137 866 3202 Tolerantiam
920 3141 1149 3203 constitutum
1196 3145 1256 3220 est,
1303 3147 1343 3202 ut

42 3247 190 3329 quaevis
223 3245 340 3329 Leges,
374 3245 572 3330 Privilegia,
605 3254 640 3308 et
672 3245 913 3310 Resolutiones
945 3249 982 3310 iu
1015 3244 1169 3310 favorem
1193 3244 1343 3310 Acatho-

42 3352 192 3416 licorum
236 3352 388 3417 hucdum
430 3354 587 3418 conditae
612 3355 649 3416 in
681 3374 741 3417 000
780 3355 899 3436 vigore
931 3361 1110 3434 maneant,
1148 3355 1198 3416 ita
1223 3361 1342 3436 suapte

44 3459 267 3542 intelligitur,
300 3460 435 3524 eosdem
482 3463 519 3523 in
551 3482 616 3524 000
638 3459 888 3544 imperturbato
921 3460 1161 3541 Ecclesiarum,
1194 3462 1231 3523 in
1262 3481 1343 3544 qua-

42 3588 124 3630 rum
160 3567 374 3632 Possessione
412 3575 493 3632 actu
526 3577 616 3650 sunt,
656 3568 872 3652 reliquendos
910 3589 1020 3652 neque
1059 3570 1096 3631 in
1127 3570 1231 3632 sacris
1264 3570 1342 3648 0010,

41 3683 106 3739 001
135 3673 311 3758 religionis
338 3674 446 3739 Cultu
469 3674 539 3738 ullo
563 3675 664 3739 modo
687 3675 922 3758 impediendos
945 3697 1025 3758 esse,
1050 3675 1263 3760 liberumque
1280 3675 1342 3737 eis-

43 3783 125 3861 dem
150 3782 309 3865 deinceps
333 3784 438 3846 etiam
470 3781 637 3864 futurum,
672 3791 712 3846 ut
742 3785 770 3846 si
802 3782 918 3847 nefors
950 3784 1117 3865 incendic,
1149 3793 1210 3847 aut
1243 3784 1342 3845 ruina

41 3888 216 3974 quaedam
239 3887 368 3952 harum·
384 3889 618 3953 Ecclesiarum
641 3890 873 3972 destruantur,
906 3911 1024 3953 001100
1047 3889 1138 3954 Loco
1162 3911 1268 3955 novas
1300 3913 1340 3955 ex

41 3997 168 4079 Ligno,
184 4001 245 4059 aut
255 3995 369 4078 Saxis,
385 3994 526 4060 obtenta
545 4018 564 4058 a
589 3994 740 4060 Consilio
765 3996 1077 4060 Locumtcnentiali
1100 3996 1212 4080 Regio
1236 3997 1342 4062 facul·

40 4111 119 4168 tate
138 4111 313 4168 exstruere
331 4103 479 4184 valeant,
496 4103 690 4184 dummodO,
706 4105 759 4166 uti
776 4105 813 4166 in
830 4111 1021 4186 praettacto
1037 4103 1199 4167 Generali
1215 4113 1342 4188 puncto

39 4217 218 4275 attactum
249 4217 310 4291 est,
343 4209 564 4274 contribuens
603 4209 747 4292 populus
781 4208 945 4273 subsidiis
967 4209 1012 4273 ad
1045 4209 1146 4274 hosce
1185 4221 1341 4297 sumptus

41 4316 269 4403 praestandos
302 4338 370 4380 000
401 4322 575 4400 gravetur,
596 4323 663 4408 'aut
695 4315 739 4379 ad
777 4315 1015 4379 incumbentes
1044 4318 1155 4381 eidem
1189 4318 1342 4402 publicas

39 4427 294 4510 praestationes
318 4423 529 4507 debilitetur,
554 4425 632 4490 Non
656 4446 751 4488 000110

155 4527 301 4597 Decimo
327 4529 429 4596 101110
440 4551 451 4594 .·
481 4531 677 4597 Clementer
714 4533 855 4597 resolvit
889 4531 1102 4597 Summefata
1136 4533 1203 4598 Sua
1237 4532 1341 4617 Maje-

39 4651 126 4720 stas,
150 4647 189 4703 ut
214 4639 355 4704 Filiales
379 4639 668 4723 Evangelicorurn
693 4640 874 4717 Ecclesiae,
900 4639 960 4703 ubi
983 4649 1064 4704 actu
1091 4649 1180 4722 sunt,
1213 4641 1340 4705 eisdem
