3192 5214
217 357 282 424 164

216 554 349 621 duobus
373 554 519 620 ducibus
541 554 808 620 Ruthenorum⁵
842 562 878 619 et
911 557 1050 620 tertiam
1073 555 1154 620 duci
1186 553 1373 620 Polcnice⁶
1405 556 1514 622 tradi-

218 663 331 728 dimus
354 663 391 727 in
413 679 545 744 uxores,
561 669 601 728 ut
619 684 679 744 per
693 664 785 744 ipsos
809 670 844 728 et
867 662 953 728 alios
975 662 1103 728 amicos‘
1126 669 1262 726 nostros
1284 663 1345 747 qui
1368 671 1450 728 sunt
1469 686 1512 728 ex

219 777 314 854 parte
331 771 483 852 orientis,
500 769 663 834 sciremus
677 789 778 853 nova,
793 791 880 856 quae
897 770 1046 835 multum
1062 770 1173 836 latent
1183 770 1226 834 de
1243 769 1456 853 Thartharis,
1472 779 1514 835 ut

217 881 265 946 sic
289 877 487 942 corumdem
515 875 695 942 conatibus
718 883 754 942 et
778 875 1010 942 fraudulentis
1034 877 1183 963 ingeniis
1215 881 1389 962 utcunque
1422 899 1512 942 oom-

217 987 352 1051 modius
390 985 548 1050 rcsistere
586 983 788 1049 valeremus.
828 985 1001 1050 Cumanos
1033 986 1139 1050 etiam
1171 985 1209 1048 in
1249 1005 1356 1070 regno
1395 993 1514 1050 nostro

217 1094 416 1176 recepimus,
439 1101 475 1157 et
500 1090 584 1174 proh
618 1090 732 1157 dolor!
766 1114 827 1176 per
858 1093 1016 1178 Paganos
1043 1091 1146 1158 hodie
1178 1111 1324 1178 regnum
1355 1100 1513 1158 nostrum

218 1201 436 1268 defendimus
475 1207 510 1265 et
550 1221 609 1283 per
656 1199 815 1285 Pagancs
861 1199 1018 1266 infideles
1065 1199 1226 1266 ecclesiae
1265 1199 1512 1266 conculcamus.

216 1309 387 1394 Amplius,
410 1315 551 1392 propter
573 1305 809 1372 defensionem
831 1306 913 1374 fidei
937 1307 1144 1372 christianae
1160 1305 1232 1372 filio
1247 1311 1365 1372 nostro
1389 1309 1514 1391 primo-

217 1418 337 1501 genito
360 1403 551 1482 Cumanam
574 1415 759 1498 quamdam
784 1413 883 1480 thoro
911 1417 1151 1480 coniunximus
1174 1414 1348 1480 maritalil
1381 1423 1421 1479 ut
1454 1437 1516 1500 per

218 1522 282 1588 hoc
306 1523 496 1586 vitaremus
521 1519 682 1602 deterius,
714 1529 750 1585 et
772 1529 813 1586 ut
838 1523 1048 1587 occasionem
1081 1521 1232 1606 aliquam
1263 1523 1416 1586 nancisci
1439 1544 1515 1606 pos·

153 1708 154 1716 ,
219 1650 341 1710 semus,
375 1650 435 1712 per
467 1647 571 1713 quam
594 1625 787 1692 valeremus
811 1629 956 1710 eosdem,
989 1630 1078 1692 sicut
1112 1627 1226 1711 plures
1258 1629 1328 1696 iam
1359 1626 1516 1712 fecimus,

220 1739 262 1802 ad
287 1736 452 1819 baptismi
475 1734 652 1799 lavacrum
676 1755 871 1799 convocare.
902 1735 958 1800 Ex
981 1735 1049 1800 hiis
1082 1756 1163 1821 ergo
1197 1742 1233 1800 et
1264 1735 1342 1800 aliis
1374 1745 1514 1820 exopta-

218 1866 303 1927 mus,
344 1852 384 1908 ut
424 1847 540 1926 pateat
573 1843 753 1906 sanctitati
791 1843 924 1907 Summi
964 1841 1136 1925 pontificis
1174 1865 1234 1926 per
1270 1852 1515 1928 argumentum

218 1951 369 2032 evidens,
385 1950 477 2035 quod
494 1951 532 2012 in
548 1955 602 2012 tot
617 1969 733 2012 rerum
749 1951 908 2034 angariis,
924 1967 944 2012 a
960 1949 1055 2014 nullo
1072 1947 1337 2014 christianorum
1356 1949 1515 2034 Europae

219 2059 371 2142 principe
396 2077 456 2122 seu
478 2062 583 2142 gente
617 2054 762 2119 alicuius
794 2058 980 2121 iuvaminis
1013 2057 1283 2124 emolumentum
1315 2059 1517 2141 recepimus,

119 2219 124 2234 ,
219 2167 286 2232 nisi
310 2187 330 2230 a
353 2165 454 2229 domo
469 2163 651 2247 hospitalis
667 2162 988 2250 iherosolymitani‘}
1004 2167 1101 2230 ouius
1117 2163 1243 2230 fratres
1259 2165 1302 2228 ad
1318 2167 1516 2249 requisicio-

218 2295 299 2338 nem
322 2279 475 2336 nostram
498 2292 608 2354 nuper
632 2291 726 2334 arma
749 2280 969 2353 sumpsenmt
992 2277 1111 2336 contra
1130 2272 1287 2357 Paganos
1311 2279 1347 2336 et
1370 2272 1517 2337 Scisma

220 2383 306 2444 ticos
329 2381 372 2444 ad
398 2375 633 2443 defensionem
656 2379 755 2462 regni
778 2379 888 2442 nostri
919 2387 955 2443 et
986 2377 1069 2444 fidei
1091 2379 1307 2462 christianae,
1330 2401 1416 2466 quos
1446 2383 1517 2446 iam

158 2485 161 2492 “
221 2491 347 2572 partim
371 2486 613 2552 collocavimus
637 2487 673 2549 in
697 2485 770 2550 loco
796 2489 906 2572 magis
931 2495 1097 2571 suspecto,
1120 2488 1284 2553 videlicet
1307 2490 1344 2552 in
1367 2487 1517 2555 confinio

221 2596 455 2662 Cumanorum
487 2593 579 2658 ultra
612 2593 812 2658 Danubium
849 2600 885 2658 et
917 2594 1148 2681 Bulgarorum
1180 2618 1241 2678 per
1272 2617 1375 2682 quem
1407 2599 1517 2662 eciem

220 2703 333 2768 locum
365 2707 518 2785 tempore
551 2702 740 2764 invasionis
772 2703 871 2787 regni
903 2705 1013 2768 nostri
1055 2703 1098 2766 ad
1130 2723 1192 2767 nos
1225 2703 1360 2767 aditum
1392 2703 1518 2768 habuit

221 2813 391 2875 exercitus
407 2808 703 2890 Thartharorum,⁰
720 2809 762 2872 de
786 2831 852 2894 quo
876 2809 950 2875 loco
978 2813 1087 2876 eciam
1109 2811 1322 2876 intendimus
1345 2821 1380 2876 et
1404 2833 1517 2895 spera·

221 2941 305 3002 mus,
329 2918 420 3004 quod
444 2919 474 2982 si
498 2916 630 2982 factum
653 2925 811 2982 nostrum
842 2925 878 2983 et
901 2919 1073 2984 dictorum
1103 2918 1251 2986 fratrum
1274 2921 1358 2984 deus
1381 2941 1518 3003 prospe·

221 3030 359 3110 raverit,
382 3035 424 3116 et
442 3026 539 3091 sedes
562 3025 749 3109 apostolica
773 3027 903 3091 eisdem
932 3025 1087 3092 favorem
1119 3047 1219 3091 suum
1242 3027 1386 3112 dignata
1409 3026 1519 3092 fuerit

220 3136 400 3220 impertiri,
439 3135 530 3219 quod
574 3135 777 3218 propagines
819 3133 1008 3198 catholicae
1040 3133 1130 3217 fidei,
1170 3137 1259 3199 siout
1298 3136 1520 3217 protenditur

220 3242 403 3310 Danubius
429 3241 604 3326 usquead
629 3262 721 3306 mare
748 3240 1170 3324 Constantinopolitanum
1195 3264 1255 3324 per
1277 3243 1368 3324 ipsos
1393 3245 1521 3324 poteri—

221 3373 297 3416 mus
322 3369 518 3435 prcpagare,
551 3355 587 3412 et
619 3349 667 3411 sic
690 3347 847 3412 Romano
881 3351 1024 3430 imperio
1037 3350 1064 3395 1⁰
1096 3358 1131 3414 et
1156 3352 1262 3415 etiam
1285 3357 1375 3414 terre
1399 3359 1519 3414 sancte

222 3464 384 3541 poterunt
407 3443 604 3538 impendere
636 3455 790 3520 subsidia
823 3463 999 3539 oportuna.
1031 3457 1165 3522 Partim
1197 3479 1279 3522 vero
1312 3457 1449 3522 eosdem
1480 3460 1520 3522 in

222 3564 334 3629 medio
358 3564 457 3648 regni
480 3563 591 3626 nostri
614 3561 865 3645 collocavimus,
888 3562 931 3625 ad
956 3561 1191 3628 defensionem
1215 3569 1413 3645 castrorum,
1430 3586 1521 3649 quae

222 3674 311 3736 circa
335 3668 534 3734 Danubium
557 3667 731 3733 aedificari
755 3667 909 3752 facimus,
934 3693 1011 3735 cum
1034 3691 1118 3756 gens
1142 3677 1259 3736 nostra
1283 3671 1325 3734 ad
1349 3671 1414 3735 hoo
1430 3674 1521 3736 exti-

278 3845 409 3898 ⁵Annat
424 3845 590 3914 esernigcvi
614 3841 814 3898 Rasztiszlav-
923 3845 995 3900 ncul
1023 3853 1106 3901 vette
1127 3863 1144 3900 a
1166 3845 1228 3899 kim
1258 3843 1438 3900 Erzsdbetet.
1468 3845 1522 3915 ΕΖ,

221 3933 285 4002 hcz,
305 3933 503 3989 Konstantiltt
521 3935 681 4005 przemysli
699 3935 814 3990 Leohcz
924 3937 1002 3990 mint
1021 3954 1039 3989 a
1055 3936 1236 4006 »quandam«
1256 3935 1429 4007 bizcnyltja,
1448 3953 1522 3990 nem

223 4025 293 4079 adta
312 4025 392 4080 nddl.
924 4025 1053 4080 lehetett
1090 4027 1202 4095 Kuten,
1240 4043 1320 4097 vagy
1354 4026 1419 4079 mis
1455 4025 1522 4080 kun

278 4125 287 4152 ⁰
307 4113 494 4185 Kunigunda
513 4113 640 4184 (Kinga)
662 4111 735 4166 Belo
754 4113 816 4184 leg·
924 4115 1025 4186 kirtly
1043 4115 1160 4187 leanya.

221 4201 343 4256 idb'scbb
382 4202 499 4273 leanya,
537 4201 573 4254 V.
613 4200 815 4271 Boleszldnak,
979 4203 1051 4256 ⁸Sz.
1071 4203 1164 4260 Janos
1182 4204 1322 4276 lovagjai.

224 4291 327 4346 Krakd
355 4289 386 4347 ds
414 4292 585 4347 Szcndomir
612 4289 816 4362 herozege'nek
980 4291 1190 4347 ’Kdrulbelul
1219 4311 1236 4347 a
1263 4296 1325 4348 mai
1353 4293 1400 4348 kis
1429 4292 1524 4346 Olth.

223 4382 287 4436 volt
306 4400 324 4436 a
342 4384 417 4453 neje.
436 4385 465 4438 A
478 4401 603 4455 magyar
621 4382 723 4452 kirtly
742 4382 817 4436 mes.
925 4382 1036 4452 orszdg.
1056 4385 1083 4436 A
1102 4385 1308 4454 vdrdstoronyi
1330 4399 1433 4438 sacros.

223 4473 423 4527 allianoe-nak
447 4471 533 4528 ne'zte
553 4489 585 4526 cz
605 4487 685 4526 crosz
706 4470 736 4525 e's
755 4471 817 4524 len·
983 4483 1002 4510 ¹⁰
1020 4474 1048 4524 A
1067 4472 1345 4544 konstantinapolyi
1363 4471 1441 4525 latin
1458 4471 1524 4526 esa

223 4562 294 4633 gyel
313 4561 536 4632 hazossdgokat.
879 4633 882 4638 Α
925 4559 1113 4632 szarsagnalr.

280 4649 413 4704 τΙεῒνείη
433 4650 519 4704 tehat
546 4648 612 4704 mar
641 4650 719 4704 1254.
743 4648 818 4702 eldtt
