3182 5210
262 293 328 358 176

261 490 325 556 sub
357 493 491 556 unitata
523 488 606 554 fidei
637 491 729 554 inter
759 495 890 554 ceteros
921 488 1155 554 Cumanorum
1196 485 1453 550 multitudinem

262 607 359 682 parte
382 597 579 662 charactere
603 596 774 660 dominico
797 597 1009 680 insignitam,
1033 601 1191 678 suscepto
1214 591 1467 676 baptismatis

262 713 388 786 manto,
419 705 579 790 quamvis
602 702 714 767 adhuc
737 704 775 766 in
796 704 855 766 via
878 723 1012 766 morum
1035 710 1217 782 errantem,
1249 699 1421 786 reliquam
1454 728 1474 753 ·-·

263 821 397 896 partem
419 833 438 876 a
462 813 533 876 ritu
557 812 749 896 paganismi
772 810 815 874 ad
832 811 1049 896 agnioionem
1063 811 1262 876 Christiane
1278 805 1370 892 fidei,
1387 829 1441 871 :m
1463 809 1470 819 “’

263 919 455 986 venerabili
479 929 515 984 et
538 919 753 984 sanctissimo
776 927 874 1003 petre
897 920 1037 984 domino
1060 917 1224 1002 Philippo
1247 918 1304 982 dei
1327 918 1444 1002 gracia
1476 962 1478 967 ·

264 1050 348 1112 copo
381 1027 555 1108 Firmano,
588 1027 772 1112 apostolice
795 1027 886 1092 sedis
909 1027 1033 1112 legato,
1056 1029 1198 1112 eiusque
1221 1031 1341 1090 sancto
1379 1054 1483 1087 ...a

265 1139 397 1202 domini
430 1143 633 1220 cooperante
666 1136 850 1201 clemencia
884 1136 1118 1220 perducamus,
1150 1141 1322 1220 quatenus
1354 1133 1488 1198 celeste*

264 1267 374 1330 gnum
390 1241 546 1328 proficiet
563 1265 622 1326 par
640 1253 825 1326 terrenum,
849 1243 1047 1310 solemniter
1069 1243 1288 1328 promisimus
1311 1250 1349 1308 at
1372 1241 1484 1307 iura·

265 1353 310 1416 ad
342 1359 556 1416 sacrosancae
589 1351 645 1416 dei
676 1351 864 1438 evangelia,
893 1355 930 1416 in
962 1353 1136 1435 presencia
1168 1353 1322 1418 eiusdem
1355 1371 1445 1416 vena
1466 1380 1489 1405 :r

269 1439 375 1544 patris
398 1459 529 1523 domini
551 1457 659 1543 legati
682 1467 717 1522 at
740 1459 894 1523 omnium
917 1458 1128 1541 prelatorum
1150 1467 1187 1522 at
1210 1457 1453 1543 religiosorum

209 1632 211 1641 ,
267 1587 344 1631 rum
367 1573 403 1629 et
426 1573 640 1648 satraparum
663 1573 867 1648 nostrorum,
891 1567 951 1650 qui
973 1565 1118 1630 aderent
1141 1573 1224 1630 tuno
1248 1573 1437 1650 presentes.

378 1673 495 1738 Primo
520 1672 660 1758 quidam
679 1673 886 1736 iuravimus:
902 1673 993 1758 quod
1010 1671 1115 1740 fidam
1130 1673 1337 1738 catholicam
1356 1681 1394 1738 et
1411 1672 1490 1737 eecl-

269 1783 392 1846 sticem
415 1779 612 1844 libertatem
636 1801 847 1844 servaremus
871 1787 907 1844 et
930 1789 1132 1864 teneremus,
1156 1803 1196 1845 ac
1229 1783 1341 1846 teneri
1375 1779 1506 1846 facere

269 1897 304 1952 et
344 1907 479 1952 servare
512 1890 548 1951 in
581 1907 686 1972 regno
718 1897 835 1954 nostro
867 1897 903 1954 et
935 1891 1036 1956 terris
1068 1889 1167 1954 nobis
1200 1887 1374 1972 subiectis,
1409 1887 1517 1974 quoda

270 1995 536 2058 constituciones
559 2003 594 2058 et
619 1993 755 2058 decreta
779 2003 974 2060 sanctorum
997 2018 1118 2082 regum
1143 1999 1405 2081 progenitorum
1439 2017 1496 2060 nos
1510 2039 1519 2047 .,

270 2124 356 2179 rum,
389 2109 425 2166 et
458 2099 564 2166 bones
597 2101 859 2166 consuetudines
891 2103 1085 2182 eorundem,
1117 2125 1180 2167 nec
1209 2124 1279 2167 non
1300 2105 1420 2168 omnia
1444 2103 1518 2176 alia

271 2209 417 2294 singula,
440 2230 506 2293 que
529 2209 639 2272 nostri
663 2212 896 2294 progenitores
924 2211 961 2273 in
984 2231 1044 2273 sua
1068 2217 1321 2276 consueverunt
1344 2211 1514 2276 coronaci

271 2319 393 2400 iurare,
431 2315 680 2382 inviolabiliter
718 2339 939 2398 servaremus,
977 2317 1235 2404 venerabilique
1274 2321 1367 2402 patri
1405 2319 1503 2384 Phili
1513 2330 1519 2373 i

272 2424 457 2508 apostolice
481 2423 571 2488 sedis
594 2422 707 2508 legato
730 2433 766 2488 et
788 2423 866 2488 aliis
888 2423 1013 2510 quibus
1036 2447 1077 2488 ex
1102 2423 1217 2490 officio
1242 2431 1469 2510 competeret.
1497 2454 1502 2483 =

273 2539 440 2594 staremus
463 2527 581 2592 debito
604 2550 682 2593 curn
713 2529 839 2594 effectu
871 2531 1119 2595 iurisdictionis
1155 2540 1190 2596 et
1230 2534 1414 2615 potestatis
1458 2553 1512 2596 na·

273 2637 422 2717 brachie,
456 2637 500 2700 ad
532 2637 802 2720 comprimendos
835 2645 870 2701 et
902 2636 1121 2720 expellendos
1143 2639 1313 2704 hereticos
1337 2639 1381 2704 de
1404 2661 1514 2727 regno

274 2747 376 2810 terris
398 2744 498 2809 nobis
521 2743 692 2810 subiectis.

383 2851 539 2915 Secundo
562 2853 751 2916 iuravimus
775 2855 812 2916 in
835 2857 1009 2936 presencie
1044 2857 1285 2939 predictorum,
1318 2855 1410 2940 quod
1450 2877 1529 2920 nov

275 2957 360 3021 alios
383 2958 554 3040 articulos,
577 2962 636 3044 qui
659 2961 798 3044 quidem
818 2961 1022 3026 catholicam
1038 2971 1073 3026 et
1089 2962 1356 3028 ecclesiasticam
1371 2961 1529 3027 libertat

275 3088 338 3129 nec
361 3085 430 3129 non
450 3065 724 3131 Christianorum
748 3077 783 3132 et
806 3068 1037 3134 Cumanorum
1070 3077 1200 3134 statum
1233 3077 1385 3155 tangunt
1410 3069 1551 3135 effectus

276 3172 357 3237 liter
380 3174 605 3257 impleremus,
629 3197 667 3238 ea
691 3176 791 3238 modo
815 3175 919 3241 simili
942 3199 1154 3242 servaremus
1187 3185 1223 3242 et
1247 3179 1378 3243 servari
1402 3199 1423 3242 a
1448 3179 1551 3243 nostri

276 3280 425 3344 subditis
448 3278 643 3346 faceremus

385 3387 532 3452 Demum
566 3391 780 3471 promisimus
813 3401 847 3456 et
880 3395 1069 3456 iuravimus
1101 3393 1292 3458 venarabili
1316 3395 1410 3478 patri
1435 3395 1551 3458 domin

279 3493 394 3579 legato
419 3493 552 3578 prefato
576 3499 753 3562 attendere
778 3507 812 3562 et
836 3503 966 3564 servari
999 3499 1110 3565 facere
1134 3502 1299 3566 articulos
1323 3499 1551 3586 infrascripta

278 3622 363 3685 quos
396 3623 456 3684 pro
489 3602 585 3667 cultu
618 3606 754 3668 iusticie
786 3615 821 3669 et
853 3609 987 3670 unitate
1010 3607 1092 3672 fidei
1124 3605 1339 3672 observande
1372 3605 1511 3672 Usacus
1541 3622 1551 3670 t

278 3707 389 3772 Tolon
421 3709 625 3792 principales
659 3711 898 3796 Cumanorum,
931 3735 1076 3798 quorum
1108 3717 1220 3779 vicem
1250 3721 1286 3778 at
1309 3733 1551 3778 consensums

279 3813 405 3879 hebere
430 3815 599 3898 dicebant,
623 3819 660 3880 in
693 3822 864 3899 presencie
897 3820 1050 3884 eiusdem
1081 3821 1213 3885 domini
1246 3820 1355 3906 legati
1387 3828 1426 3885 et
1460 3828 1551 3886 nostr

280 3921 478 3986 solemniter
501 3929 536 3986 at
559 3922 694 4006 publice
718 3945 752 3988 sa
776 3924 928 3990 facturos
952 3935 987 3990 et
1011 3935 1207 3992 servaturos
1231 3931 1304 3991 sine
1336 3925 1551 4014 refragacion

278 4027 434 4115 ‹pralibet
457 4039 712 4113 assumpsenmt
735 4039 770 4096 et
794 4033 903 4096 modis
926 4032 1083 4097 omnibus
1099 4033 1295 4099 curabimus
1311 4035 1404 4098 acin
1419 4045 1551 4100 nostru

280 4138 483 4219 suscipimus
493 4136 646 4203 officium
657 4149 691 4203 et
708 4142 937 4204 ministerium
953 4144 1046 4226 regie
1063 4145 1262 4224 maiestatis,
1279 4141 1343 4208 sub
1359 4141 1551 4228 obligacior

279 4246 378 4329 regni
405 4247 515 4309 nostri
548 4255 583 4309 et
618 4254 743 4329 nostre,
776 4248 912 4311 eosdem
947 4249 1150 4331 principales
1182 4250 1417 4315 Cumanorum
1442 4261 1481 4316 et
1505 4272 1551 4315 un

280 4373 397 4416 versos
420 4351 591 4416 Cumanos
614 4354 777 4418 articulos
801 4352 1038 4436 infrascriptos
1061 4355 1211 4420 fideliter
1234 4356 1491 4440 observaturos
1513 4379 1551 4424 on

280 4481 359 4524 nem
392 4461 435 4525 ad
467 4459 540 4541 hoc,
572 4469 740 4546 quantum
773 4463 816 4526 arl
849 4469 1004 4525 nostrum
1038 4473 1170 4545 spectat
1203 4463 1367 4546 officium,
1400 4485 1551 4531 curem«

280 4589 418 4652 operam
441 4570 678 4652 impendendo,
703 4573 762 4654 qui
786 4570 926 4654 quidem
949 4570 1087 4634 articuli
1110 4571 1174 4635 hoo
1197 4568 1317 4635 ordine
1338 4569 1551 4638 declarantia
