3160 5212
233 281 299 344 '278

231 485 349 561 captae
374 487 408 542 et
436 483 635 560 praesertim
655 481 833 544 cuiusdam
856 481 974 564 oppidi
999 479 1177 562 combusti.
1201 485 1337 546 nominc
1361 481 1526 544 Fursten-

196 635 199 642 .
231 585 312 652 feld.
336 587 495 670 applicui.
520 589 595 652 Hoo
620 589 784 671 oppidum
801 591 1008 652 serenissimi
1032 591 1247 672 imperatoris
1271 591 1526 670 (1111800110-

231 715 311 758 mos.
336 703 374 758 ut
398 698 505 763 aiunt,
530 700 727 760 continens:
751 697 842 782 quod
861 719 967 782 quum
984 699 1218 760 serenissimus
1241 721 1301 760 rex
1325 698 1524 782 Hungariae

230 801 419 867 obsedisset
443 813 476 867 et
501 803 586 868 alias
608 809 646 868 vi
669 827 865 890 expugnare
889 825 959 868 non
983 814 1112 887 posset:
1136 814 1210 868 erat
1234 807 1326 870 enim
1350 806 1443 870 locus
1469 829 1527 870 na-

230 917 308 972 tura
331 917 472 994 arteque
496 914 659 989 munitus
675 911 730 974 die
747 911 903 994 quadam.
920 917 1081 996 surgente
1106 911 1253 996 quodam
1279 913 1393 976 valido
1410 928 1524 978 vento.

230 1020 346 1102 ignem
370 1020 514 1082 immisit
539 1030 572 1081 et
597 1019 770 1103 usquead
796 1021 927 1082 moenia
953 1019 1071 1082 domos
1095 1021 1275 1084 interiores
1298 1024 1345 1084 ita
1371 1020 1525 1084 combus-

230 1128 284 1207 sit.
309 1133 348 1188 ut·
371 1127 432 1189 vix
456 1126 634 1190 domorum
651 1125 873 1190 fundamenta
891 1127 1181 1210 dignoscerentur.
1199 1127 1274 1192 Hoc
1298 1129 1389 1192 idem
1414 1128 1525 1192 fecere

230 1233 358 1297 milites
397 1237 597 1316 caesareani,
636 1234 866 1299 discurrentes
905 1235 1079 1300 interdum
1112 1250 1145 1298 et
1187 1235 1289 1300 villas
1326 1237 1524 1320 Hungariae

231 1339 442 1419 detinentes;
466 1345 582 1426 sicque
601 1345 774 1430 utrimque
794 1345 942 1426 rapinae,
967 1354 1095 1426 stupra.
1119 1344 1286 1427 incendia,
1311 1345 1429 1407 caedes
1454 1344 1526 1428 plu·

231 1449 336 1511 rimae
375 1456 478 1532 atque
515 1448 704 1512 horrendae
753 1453 1037 1514 committuntur:
1076 1449 1279 1534 iugulantur
1317 1452 1524 1514 sacerdotes:

231 1557 444 1639 diripiuntur
466 1578 583 1621 eorum
607 1557 713 1621 bona:
752 1569 784 1622 et
826 1561 862 1622 iu
895 1559 1020 1641 oppido
1053 1581 1154 1640 supra
1187 1557 1365 1622 combusto
1390 1561 1526 1622 circiter

231 1663 324 1728 mille
349 1687 488 1749 corpora
511 1666 688 1730 hominum
705 1667 905 1730 adustorum
921 1680 1055 1730 mortua
1079 1670 1116 1730 in
1138 1669 1205 1730 viis
1229 1675 1304 1749 post
1328 1667 1525 1730 incendium

231 1781 362 1856 reperta
389 1780 477 1838 sunt.
511 1773 622 1837 Multa
662 1783 777 1839 tamen
816 1798 859 1838 ex
890 1775 1034 1838 Austris
1072 1773 1211 1837 castella
1250 1785 1282 1836 et
1317 1775 1441 1856 oppida
1466 1797 1525 1838 rex

231 1881 338 1944 demit
362 1889 397 1944 et
422 1885 512 1964 capit
538 1882 700 1968 quotidie.
725 1883 792 1946 Hic
816 1891 933 1946 noster
965 1884 1199 1946 serenissimus
1224 1905 1338 1945 caesar
1361 1883 1525 1945 dormitat

230 1988 351 2052 adhuc.
383 1990 546 2054 Creditur
578 2000 702 2054 tamen.
734 1992 825 2075 quod
859 2013 925 2055 una
959 1991 1014 2054 die
1047 1992 1164 2074 magni
1197 1989 1326 2074 aliquid
1361 1992 1404 2052 sit
1430 1989 1526 2052 moli-

231 2106 346 2176 turus3
372 2119 477 2182 quum
510 2099 578 2160 iam
612 2097 779 2182 permulta
815 2121 856 2162 ex
891 2097 1073 2179 Carmelio,
1107 2099 1209 2160 Stiria
1246 2105 1289 2165 et.
1313 2108 1351 2160 ut
1377 2098 1459 2160 dixi.
1484 2119 1525 2159 ex

230 2201 372 2268 Austris
397 2202 463 2266 sibi
486 2202 600 2267 ablata
635 2207 714 2286 sint.
747 2203 837 2290 quod
872 2205 1003 2268 (liutius
1035 2203 1125 2266 nolle
1160 2202 1249 2266 ferre
1282 2203 1376 2283 dicit.
1400 2202 1527 2266 multas

232 2309 298 2373 sibi
321 2309 437 2374 illatas
460 2313 604 2374 iniurias
628 2313 754 2376 iniuste
779 2311 985 2375 recensendo
1009 2333 1025 2374 a
1052 2309 1123 2374 filio
1147 2311 1319 2392 adoptivo,

338 2416 403 2482 Die
427 2439 508 2482 vero
532 2416 629 2482 XVI.
653 2417 789 2482 Budam
812 2417 979 2502 applicui;
1004 2417 1222 2480 introductus
1254 2424 1370 2480 tamen
1402 2441 1418 2480 a
1446 2439 1528 2502 qua-

231 2539 310 2590 tuor
326 2527 619 2590 reverendissimis
644 2529 809 2610 episcopis
849 2535 880 2590 et
922 2523 1096 2590 nobilibus
1128 2524 1256 2604 multia,
1290 2527 1407 2610 quiet
1432 2527 1527 2588 iussu

232 2657 292 2697 ser.
310 2637 409 2718 regie,
434 2643 467 2698 et
485 2655 602 2696 eoriun
626 2634 693 2698 fide
718 2657 755 2698 ac
780 2636 1029 2698 reverentiam
1052 2633 1273 2715 apostolicam
1289 2633 1404 2696 sedem
1427 2655 1465 2695 ac
1491 2637 1526 2696 in

231 2745 451 2806 sanctitatem
475 2743 514 2804 V.
539 2742 582 2806 ad
607 2743 753 2806 milliare
778 2750 810 2806 et
832 2743 923 2806 ultra
948 2749 1178 2804 occurrerunt..
1203 2741 1352 2804 Venerat
1378 2742 1526 2822 primum

233 2852 444 2932 praepositus
468 2849 705 2934 Albaeregalis
728 2852 771 2915 ad
801 2850 961 2914 milliaria
986 2851 1123 2911 circiter
1147 2849 1214 2912 duo
1239 2849 1436 2912 Teutonica.
1459 2849 1528 2912 Re-

234 2959 304 3039 peri
328 2955 467 3020 domum
493 2970 727 3040 praeparatam
760 2956 929 3041 rebusque
962 2955 1120 3018 omnibus
1152 2955 1260 3038 regali
1294 2977 1386 3018 more
1416 2959 1527 3020 niuni-

232 3078 311 3129 tam.
337 3065 500 3150 Sequenti
525 3065 580 3127 die
606 3065 656 3128 fui
682 3087 758 3128 cum
792 3088 853 3128 ser.
887 3087 975 3147 rege.
1009 3065 1146 3126 nomine
1180 3065 1375 3126 sanctitatis
1405 3064 1445 3126 V.
1469 3063 1529 3126 ad·

230 3173 371 3238 hortans
395 3171 579 3254 multiplici
605 3175 744 3236 ratione.
768 3184 806 3235 ut
832 3195 849 3234 a
876 3170 965 3233 bello
998 3171 1178 3234 desisteret
1203 3178 1320 3232 contra
1344 3171 1530 3252 imperato-

232 3301 321 3360 rem;
346 3301 452 3364 quum
476 3302 545 3342 non
569 3280 702 3342 deceret
728 3280 838 3343 filium
872 3281 908 3342 in
942 3287 1073 3361 patrem
1098 3278 1179 3341 talia
1199 3277 1329 3358 moliri;
1353 3299 1529 3362 quumque

232 3389 263 3450 S.
280 3387 320 3450 V.
338 3387 649 3470 exploratissimum
673 3388 823 3453 haberet.
847 3387 935 3451 nihil
959 3388 1022 3450 hoc
1047 3387 1136 3450 bello
1161 3389 1271 3450 carius
1295 3409 1366 3450 esse
1392 3386 1532 3448 Tui-coe

231 3498 291 3579 qui
314 3495 415 3578 longe
440 3498 564 3557 arctiora
593 3505 689 3578 patre
722 3519 783 3559 suo
821 3498 858 3558 in
891 3495 1106 3558 Christianos
1139 3494 1226 3557 mala
1261 3494 1389 3557 inferre
1414 3494 1533 3556 decer-

231 3603 352 3666 nebat:
385 3604 475 3688 quod
510 3603 667 3666 litturum
702 3602 802 3666 facile
836 3601 1014 3683 credebat;
1048 3609 1122 3665 tum
1156 3605 1235 3687 quia
1269 3623 1351 3664 auro
1385 3610 1532 3684 patemo

232 3713 422 3774 ditissimus
446 3719 551 3790 essct:
577 3721 650 3773 tum
675 3713 754 3788 quia
779 3708 869 3772 bello
893 3732 1026 3791 semper
1049 3719 1204 3772 assuetus
1227 3717 1309 3772 erat.
1334 3720 1368 3772 et
1393 3709 1534 3772 collatis

232 3819 347 3900 signia.
372 3841 470 3898 saepe
495 3825 654 3880 tentaret.
679 3818 768 3900 quod
805 3825 901 3898 pater
932 3817 1069 3881 vitabat
1102 3837 1242 3898 semper„
1272 3826 1304 3878 et
1332 3817 1368 3879 in
1393 3817 1509 3880 insidi'

232 3923 320 3988 bella
344 3927 467 4006 gessit:
492 3931 566 3986 tum
605 3927 684 4008 quia
719 3923 888 3986 militibus
922 3931 1017 4006 ‘padre
1054 3943 1171 3986 severo
1204 3929 1239 3985 et
1263 3922 1394 3986 erudeli
1419 3926 1512 3986 cario

232 4043 322 4109 e1·at;
348 4044 526 4114 postremo,
551 4035 631 4118 quia.
665 4033 766 4118 longo
791 4048 824 4096 et
849 4035 945 4096 vario
970 4033 1059 4096 bello
1084 4033 1270 4114 Hungaros
1294 4029 1401 4094 fessos
1425 4043 1510 4115 atqu

231 4141 414 4203 exhaustos
438 4153 470 4203 ct
497 4141 685 4204 diminutos
719 4141 857 4205 sciebat.
890 4141 1093 4222 Respondit,
1126 4162 1313 4223 numquam
1347 4161 1382 4202 se
1406 4138 1518 4203 abbo.

232 4250 338 4310 ruisse
365 4271 497 4331 parcum
522 4251 626 4311 immo
650 4271 724 4311 eam
749 4271 826 4311 cum
851 4251 1029 4312 maiestate
1054 4247 1223 4328 imperiali
1247 4246 1427 4310 affectasse
1444 4267 1521 4310 sem

235 4377 299 4435 per.
324 4355 508 4438 multiplici
533 4358 682 4422 ratione:
717 4358 774 4420 sed
808 4381 825 4420 a
861 4379 921 4419 ser.
956 4357 1160 4435 imperatore
1196 4375 1254 4435 pro
1289 4376 1369 4436 pace
1401 4353 1490 4418 bellu

342 4589 348 4616 ²
370 4581 409 4632 ll.
431 4580 620 4632 Muluunmed
642 4581 689 4649 lia,
710 4581 838 4634 Baiazet.
