3192 5214
204 327 269 392 110

201 524 329 588 enimel
354 530 466 607 preter
490 523 595 590 boves
618 525 785 590 masculos
808 533 906 590 extra
930 525 1147 610 Hungeriem
1179 526 1328 592 vendere
1351 515 1420 591 vel
1438 525 1504 590 du-

201 654 276 696 cere
300 633 434 696 audeat.
458 631 549 716 quod
574 633 603 694 si
636 634 712 714 quis
744 634 911 698 comitum
942 630 1158 717 infringeret,
1192 640 1253 696 cut
1285 632 1502 698 honoresue

201 742 365 822 privetur,
394 745 455 803 eut
479 739 564 802 dues
587 761 702 804 rerum
725 758 864 806 suerum
888 747 1002 822 portes
1025 742 1174 822 emittet,
1198 742 1304 806 tercie
1321 761 1404 806 vero
1420 739 1503 806 sub-

200 850 331 911 stancie
356 849 469 930 porcio
493 849 593 916 uxori
617 855 720 932 etque
743 845 927 912 heredibus
958 849 1028 912 suis
1051 854 1235 912 remaneat.

309 955 360 1019 78.
384 954 546 1038 Quisquis
570 955 735 1017 comitum
759 956 796 1018 in
819 957 986 1018 comitatu
1010 974 1070 1020 suo
1094 957 1238 1018 terciam
1261 954 1390 1040 ubique
1421 975 1500 1037 pcr-

199 1068 271 1124 tem
294 1060 421 1126 hebeat
444 1061 487 1124 de
510 1061 652 1126 tributo.
676 1084 737 1126 ren
770 1083 851 1126 vero
884 1063 927 1126 ed
954 1061 1092 1144 plenum
1120 1062 1162 1126 de
1187 1061 1320 1126 tributo
1343 1063 1501 1126 omnium

199 1168 360 1234 similiter
382 1169 468 1232 dues
493 1177 605 1250 portes
629 1167 763 1232 hebent.

308 1275 360 1339 79.
386 1275 522 1359 Singuli
546 1278 689 1340 comites
713 1299 773 1359 per
805 1298 1053 1361 quemcumque
1078 1299 1217 1342 suorum
1240 1277 1416 1341 voluerint
1439 1275 1499 1340 de-

199 1357 321 1462 narios,
345 1385 405 1466 qui
430 1404 490 1465 per
512 1384 691 1450 universes
722 1384 902 1468 Hungerie
937 1392 1051 1468 partes
1083 1383 1304 1469 colliguntur,
1327 1389 1498 1468 quantum

198 1513 300 1573 super
324 1511 391 1556 uno
415 1511 550 1574 quoque
573 1493 815 1556 centurionetu
849 1489 955 1556 fuerit
979 1491 1170 1575 collectum,
1201 1493 1408 1556 nominatim
1431 1489 1498 1554 sub

198 1607 291 1663 certo
331 1595 518 1661 scribentes
557 1619 708 1680 numere,
749 1598 964 1682 Strigonium
1002 1619 1109 1682 usque
1147 1598 1191 1662 ed
1224 1597 1353 1662 festum
1385 1601 1498 1662 sancti

197 1705 377 1770 Michaelis
401 1707 553 1769 mittent.
577 1725 687 1790 neque
711 1707 805 1788 prius
829 1727 909 1790 rege
933 1707 1076 1771 comites
1098 1705 1156 1770 vel
1178 1707 1395 1770 centuriones
1422 1726 1498 1788 par-

197 1823 269 1878 tem
292 1814 471 1894 accipient,
495 1812 554 1874 sed
579 1814 615 1874 in
638 1812 757 1876 eodem
790 1811 872 1894 loeo,
905 1812 1068 1876 videlicet
1102 1812 1279 1897 Strigonii,
1302 1810 1364 1876 fiet
1387 1815 1498 1876 omni-

196 1941 256 1984 um
281 1920 435 2002 parcium
452 1918 593 1983 divisio.
617 1921 646 1984 si
670 1921 746 2002 quis
770 1925 887 1984 eutem
900 1940 1006 2004 usque
1030 1919 1073 1982 ed
1099 1927 1235 2002 tempus
1259 1921 1497 2003 presignatum

197 2049 355 2092 nummos
378 2026 456 2091 illos
479 2049 558 2092 oum
582 2027 682 2110 pleno
705 2019 847 2092 numero
870 2049 939 2092 non
962 2027 1131 2110 attulerit,
1154 2027 1340 2109 dupliciter
1363 2026 1497 2092 reddet.

304 2135 356 2198 82.
379 2135 562 2218 Egressuri
586 2135 628 2198 de
652 2135 833 2219 Hungeric
849 2157 869 2198 1
885 2134 1088 2200 thelonariis
1111 2141 1184 2198 tom
1207 2136 1297 2218 regis
1321 2155 1424 2219 quem
1440 2156 1496 2199 co-

196 2243 300 2323 mitis,
323 2243 385 2326 qni
408 2243 521 2306 exitus
545 2249 674 2325 tenent,
698 2241 853 2326 sigillum
876 2250 1030 2327 querant.
1054 2241 1146 2326 quod
1169 2241 1382 2308 thelonarius
1401 2243 1495 2326 regis

195 2347 239 2412 ab
263 2371 330 2412 une
354 2355 451 2431 perte
474 2369 553 2412 cum
577 2348 691 2433 sigillo
715 2351 927 2432 comprimat,
959 2347 1003 2419 eb
1025 2349 1135 2414 altera
1159 2355 1256 2431 perte
1280 2349 1495 2414 thelonarius

195 2459 331 2521 comitis
355 2455 466 2541 figure
490 2459 625 2524 comitis
649 2460 703 2522 sui
736 2457 927 2524 concludet.
959 2461 990 2522 si
1020 2460 1098 2542 quis
1130 2457 1257 2543 absque
1290 2457 1355 2524 toli
1377 2457 1494 2542 sigillo

195 2565 313 2648 egredi
346 2565 579 2647 temptaverit,
612 2571 651 2628 ut
684 2564 771 2649 legis
810 2567 1042 2648 prevaricator
1080 2566 1332 2650 quinquaginta
1371 2587 1494 2648 pensa-s

195 2671 375 2754 persolvet.
