3182 5208
222 326 266 389 26

221 524 354 604 armati,
400 523 499 588 iuxta
546 523 761 606 prophetiam
803 525 892 610 quod
942 525 1091 590 fractum
1136 533 1189 589 est
1228 524 1379 610 alligate,
1426 525 1528 610 quod

220 629 396 695 infirmum
434 629 653 714 consolidate,
700 632 791 718 quod
830 631 1006 698 abiectum
1042 631 1205 715 reducite,
1244 639 1284 696 ut
1325 631 1529 714 deinceps⁵'

222 737 366 820 populus
385 745 420 802 et
436 735 519 804 fidei
534 738 737 823 integritate
756 739 959 826 gratuletur,
983 745 1018 804 et
1035 747 1153 804 sancta
1169 739 1311 806 ecclesia
1328 738 1529 824 tranquilla

220 844 403 908 devotione
426 843 583 908 laetetur.
618 844 845 910 Theotmams
868 845 1033 931 indignus
1060 845 1336 928 archiepiscopus
1370 853 1404 911 et
1438 868 1529 929 apo-

221 951 420 1017 stolicarum
452 974 567 1016 rerum
606 961 805 1035 procurator
843 956 1126 1037 promptissimus.
1165 955 1360 1038 Pecuniam,
1399 964 1527 1020 vestro

220 1059 289 1124 iuri
311 1057 473 1140 debitam,
507 1065 646 1140 propter
668 1056 833 1124 infestam
866 1081 1077 1145 paganorum
1109 1063 1279 1143 sevitiam,
1311 1083 1374 1124 nec
1398 1084 1461 1143 per
1485 1084 1527 1126 se

221 1163 380 1248 perferre,
404 1187 467 1229 neo
486 1187 547 1249 per
569 1164 655 1230 alios
679 1173 833 1249 poteram
856 1169 1100 1233 transmittere.
1125 1167 1192 1234 Sed
1216 1170 1297 1252 quia
1322 1168 1379 1232 dei
1400 1171 1526 1254 gratia

219 1272 366 1336 liberata
389 1280 441 1336 est
464 1271 577 1356 Italia,
601 1276 805 1357 quantocius
829 1281 947 1358 potero
970 1273 1070 1340 vobis
1094 1277 1323 1340 transmisero.
1348 1275 1527 1340 Precatur

219 1386 336 1444 nostra
358 1379 547 1464 humilitaS,
578 1387 619 1444 ut
643 1380 807 1467 dignetur
829 1389 945 1448 vestra
978 1381 1174 1446 sublimitas
1206 1383 1422 1465 respondere,
1458 1406 1528 1466 per

220 1486 355 1573 singulo
387 1489 596 1571 transmissa,
634 1509 713 1553 cum
751 1488 903 1570 epistole.
942 1487 1043 1554 Alme
1082 1497 1180 1572 pater
1218 1489 1348 1572 mundi,
1388 1489 1525 1574 dignus

221 1597 438 1678 praenomine
484 1595 589 1660 Petri.
639 1593 787 1660 Nomine
838 1616 940 1681 quem
990 1598 1150 1681 aequoria,
1199 1598 1334 1660 utinam
1382 1597 1525 1662 virtute

219 1705 379 1788 sequaris.
404 1703 525 1788 Sisque
549 1705 619 1767 tuis
643 1702 783 1768 famulis
803 1709 976 1785 protector
990 1725 1093 1768 verus
1109 1711 1144 1767 et
1161 1705 1260 1786 ipson.
1287 1702 1524 1769 Commendes

219 1810 368 1894 dominc,
392 1810 464 1875 celo
487 1813 548 1896 qui
572 1811 743 1894 praesidet
766 1810 845 1876 alto.

328 2030 349 2058 Η
368 2019 422 2092 igy
441 2039 459 2074 a
477 2019 663 2076 keziratban.
