<?xml version="1.0" encoding="UTF-8"?>
<!DOCTYPE html PUBLIC "-//W3C//DTD XHTML 1.0 Transitional//EN"
    "http://www.w3.org/TR/xhtml1/DTD/xhtml1-transitional.dtd">
<html xmlns="http://www.w3.org/1999/xhtml" xml:lang="en" lang="en">
 <head>
  <title>
</title>
<meta http-equiv="Content-Type" content="text/html;charset=utf-8" />
  <meta name='ocr-system' content='tesseract 3.04.00' />
  <meta name='ocr-capabilities' content='ocr_page ocr_carea ocr_par ocr_line ocrx_word'/>
</head>
<body>
  <div class='ocr_page' id='page_1' title='image "./enchiridionfont00marcgoog_0129.png"; bbox 0 0 3192 5214; ppageno 0'>
   <div class='ocr_carea' id='block_1_1' title="bbox 1312 345 1377 410">
    <p class='ocr_par' dir='ltr' id='par_1_1' title="bbox 1312 345 1377 410">
     <span class='ocr_line' id='line_1_1' title="bbox 1312 345 1377 410; baseline 0.015 -1"><span class='ocrx_word' id='word_1_1' title='bbox 1312 345 1377 410; x_wconf 81' lang='lat'>107</span> 
     </span>
    </p>
   </div>
   <div class='ocr_carea' id='block_1_2' title="bbox 75 527 1378 1493">
    <p class='ocr_par' dir='ltr' id='par_1_2' title="bbox 75 527 1378 845">
     <span class='ocr_line' id='line_1_2' title="bbox 187 527 1378 627; baseline 0 -19"><span class='ocrx_word' id='word_1_2' title='bbox 187 544 240 608; x_wconf 89' lang='grc'>16.</span> <span class='ocrx_word' id='word_1_3' title='bbox 264 543 434 609; x_wconf 74' lang='lat' dir='ltr'>Similiter</span> <span class='ocrx_word' id='word_1_4' title='bbox 466 543 680 608; x_wconf 78' lang='lat' dir='ltr'>decrevimus</span> <span class='ocrx_word' id='word_1_5' title='bbox 713 545 861 627; x_wconf 81' lang='lat' dir='ltr'>piscinas</span> <span class='ocrx_word' id='word_1_6' title='bbox 898 543 1116 608; x_wconf 87' lang='lat' dir='ltr'>monasteriis</span> <span class='ocrx_word' id='word_1_7' title='bbox 1147 543 1205 608; x_wconf 89' lang='lat' dir='ltr'>vel</span> <span class='ocrx_word' id='word_1_8' title='bbox 1238 527 1378 608; x_wconf 85' lang='grc'>11111111</span> 
     </span>
     <span class='ocr_line' id='line_1_3' title="bbox 75 650 1378 737; baseline -0.001 -21"><span class='ocrx_word' id='word_1_9' title='bbox 75 653 177 716; x_wconf 81' lang='lat' dir='ltr'>datas</span> <span class='ocrx_word' id='word_1_10' title='bbox 200 652 286 716; x_wconf 86' lang='lat' dir='ltr'>alias</span> <span class='ocrx_word' id='word_1_11' title='bbox 317 652 458 737; x_wconf 90' lang='lat' dir='ltr'>quidem</span> <span class='ocrx_word' id='word_1_12' title='bbox 496 651 646 734; x_wconf 88' lang='lat' dir='ltr'>reddere,</span> <span class='ocrx_word' id='word_1_13' title='bbox 679 651 739 715; x_wconf 88' lang='lat' dir='ltr'>sed</span> <span class='ocrx_word' id='word_1_14' title='bbox 771 653 969 716; x_wconf 86' lang='lat' dir='ltr'>necessariis</span> <span class='ocrx_word' id='word_1_15' title='bbox 1003 652 1194 716; x_wconf 89' lang='lat' dir='ltr'>cottidiano</span> <span class='ocrx_word' id='word_1_16' title='bbox 1227 650 1378 715; x_wconf 76' lang='lat' dir='ltr'><strong>fratrum</strong></span> 
     </span>
     <span class='ocr_line' id='line_1_4' title="bbox 75 759 1095 845; baseline -0.001 -20"><span class='ocrx_word' id='word_1_17' title='bbox 75 762 161 825; x_wconf 85' lang='lat' dir='ltr'>usui</span> <span class='ocrx_word' id='word_1_18' title='bbox 178 761 382 845; x_wconf 83' lang='lat' dir='ltr'>relinquere,</span> <span class='ocrx_word' id='word_1_19' title='bbox 405 761 518 825; x_wconf 87' lang='lat' dir='ltr'>nullas</span> <span class='ocrx_word' id='word_1_20' title='bbox 540 781 622 826; x_wconf 86' lang='lat' dir='ltr'>vero</span> <span class='ocrx_word' id='word_1_21' title='bbox 646 762 713 824; x_wconf 91' lang='lat' dir='ltr'>nisi</span> <span class='ocrx_word' id='word_1_22' title='bbox 741 759 929 843; x_wconf 87' lang='lat' dir='ltr'>superfluas</span> <span class='ocrx_word' id='word_1_23' title='bbox 951 759 1095 825; x_wconf 86' lang='lat' dir='ltr'>auferre.</span> 
     </span>
    </p>

    <p class='ocr_par' dir='ltr' id='par_1_3' title="bbox 76 865 1376 1060">
     <span class='ocr_line' id='line_1_5' title="bbox 188 865 1376 952; baseline -0.002 -20"><span class='ocrx_word' id='word_1_24' title='bbox 188 869 239 934; x_wconf 81' lang='lat'>17.</span> <span class='ocrx_word' id='word_1_25' title='bbox 263 869 381 950; x_wconf 76' lang='lat' dir='ltr'>vinee,</span> <span class='ocrx_word' id='word_1_26' title='bbox 413 869 624 950; x_wconf 61' lang='lat' dir='ltr'>mansiones</span> <span class='ocrx_word' id='word_1_27' title='bbox 647 875 747 950; x_wconf 86' lang='lat' dir='ltr'>terre,</span> <span class='ocrx_word' id='word_1_28' title='bbox 780 889 799 930; x_wconf 90' lang='lat' dir='ltr'>a</span> <span class='ocrx_word' id='word_1_29' title='bbox 833 865 1006 952; x_wconf 84' lang='lat' dir='ltr'>regalibus</span> <span class='ocrx_word' id='word_1_30' title='bbox 1040 867 1254 952; x_wconf 72' lang='lat' dir='ltr'>quibuslibet</span> <span class='ocrx_word' id='word_1_31' title='bbox 1287 867 1376 946; x_wconf 84' lang='lat' dir='ltr'>date,</span> 
     </span>
     <span class='ocr_line' id='line_1_6' title="bbox 76 972 1020 1060; baseline -0.001 -19"><span class='ocrx_word' id='word_1_32' title='bbox 76 984 338 1060; x_wconf 88' lang='lat' dir='ltr'>perseveranter</span> <span class='ocrx_word' id='word_1_33' title='bbox 359 977 414 1040; x_wconf 89' lang='lat' dir='ltr'>his</span> <span class='ocrx_word' id='word_1_34' title='bbox 438 973 563 1060; x_wconf 89' lang='lat' dir='ltr'>quibus</span> <span class='ocrx_word' id='word_1_35' title='bbox 586 972 766 1058; x_wconf 82' lang='lat' dir='ltr'>dabantur,</span> <span class='ocrx_word' id='word_1_36' title='bbox 790 983 1020 1058; x_wconf 86' lang='lat' dir='ltr'>permaneant.</span> 
     </span>
    </p>

    <p class='ocr_par' dir='ltr' id='par_1_4' title="bbox 188 1081 1251 1149">
     <span class='ocr_line' id='line_1_7' title="bbox 188 1081 1251 1149; baseline -0.002 -2"><span class='ocrx_word' id='word_1_37' title='bbox 188 1085 239 1147; x_wconf 85' lang='lat'>18.</span> <span class='ocrx_word' id='word_1_38' title='bbox 263 1084 376 1149; x_wconf 87' lang='lat' dir='ltr'>Silvas</span> <span class='ocrx_word' id='word_1_39' title='bbox 399 1081 550 1148; x_wconf 90' lang='lat' dir='ltr'>ecclesiis</span> <span class='ocrx_word' id='word_1_40' title='bbox 574 1083 672 1146; x_wconf 88' lang='lat' dir='ltr'>datas</span> <span class='ocrx_word' id='word_1_41' title='bbox 695 1084 837 1146; x_wconf 90' lang='lat' dir='ltr'>minime</span> <span class='ocrx_word' id='word_1_42' title='bbox 860 1081 1001 1146; x_wconf 87' lang='lat' dir='ltr'>aufferri</span> <span class='ocrx_word' id='word_1_43' title='bbox 1025 1083 1251 1148; x_wconf 75' lang='lat' dir='ltr'>concedimus.</span> 
     </span>
    </p>

    <p class='ocr_par' dir='ltr' id='par_1_5' title="bbox 75 1183 1376 1493">
     <span class='ocr_line' id='line_1_8' title="bbox 187 1183 1376 1271; baseline -0.002 -15"><span class='ocrx_word' id='word_1_44' title='bbox 187 1193 239 1256; x_wconf 88' lang='grc'>19.</span> <span class='ocrx_word' id='word_1_45' title='bbox 263 1191 406 1256; x_wconf 78' lang='lat' dir='ltr'>Veteres</span> <span class='ocrx_word' id='word_1_46' title='bbox 430 1190 541 1254; x_wconf 91' lang='lat' dir='ltr'>coloni</span> <span class='ocrx_word' id='word_1_47' title='bbox 565 1191 674 1271; x_wconf 89' lang='lat' dir='ltr'>eiecti,</span> <span class='ocrx_word' id='word_1_48' title='bbox 691 1196 819 1253; x_wconf 86' lang='lat' dir='ltr'>terram</span> <span class='ocrx_word' id='word_1_49' title='bbox 835 1211 903 1254; x_wconf 93' lang='lat' dir='ltr'>non</span> <span class='ocrx_word' id='word_1_50' title='bbox 919 1183 1086 1254; x_wconf 90' lang='lat' dir='ltr'>habentes</span> <span class='ocrx_word' id='word_1_51' title='bbox 1109 1189 1194 1254; x_wconf 88' lang='lat' dir='ltr'>alibi</span> <span class='ocrx_word' id='word_1_52' title='bbox 1218 1189 1261 1254; x_wconf 89' lang='lat' dir='ltr'>ad</span> <span class='ocrx_word' id='word_1_53' title='bbox 1279 1212 1376 1254; x_wconf 91' lang='lat' dir='ltr'>suam</span> 
     </span>
     <span class='ocr_line' id='line_1_9' title="bbox 76 1297 1376 1380; baseline -0.005 -14"><span class='ocrx_word' id='word_1_54' title='bbox 76 1307 307 1366; x_wconf 84' lang='lat' dir='ltr'>revertantur.</span> <span class='ocrx_word' id='word_1_55' title='bbox 331 1302 361 1363; x_wconf 92' lang='lat' dir='ltr'>si</span> <span class='ocrx_word' id='word_1_56' title='bbox 383 1307 476 1364; x_wconf 84' lang='lat' dir='ltr'>terra</span> <span class='ocrx_word' id='word_1_57' title='bbox 499 1317 617 1362; x_wconf 88' lang='lat' dir='ltr'>eorum</span> <span class='ocrx_word' id='word_1_58' title='bbox 641 1297 722 1362; x_wconf 87' lang='lat' dir='ltr'>data</span> <span class='ocrx_word' id='word_1_59' title='bbox 754 1305 807 1361; x_wconf 91' lang='lat' dir='ltr'>est</span> <span class='ocrx_word' id='word_1_60' title='bbox 836 1301 1052 1363; x_wconf 86' lang='lat' dir='ltr'>monasteriis</span> <span class='ocrx_word' id='word_1_61' title='bbox 1075 1298 1131 1362; x_wconf 91' lang='lat' dir='ltr'>vel</span> <span class='ocrx_word' id='word_1_62' title='bbox 1145 1297 1316 1380; x_wconf 80' lang='lat' dir='ltr'>ecclesiis,</span> <span class='ocrx_word' id='word_1_63' title='bbox 1340 1304 1376 1361; x_wconf 92' lang='lat' dir='ltr'>et</span> 
     </span>
     <span class='ocr_line' id='line_1_10' title="bbox 75 1403 1096 1493; baseline -0.006 -19"><span class='ocrx_word' id='word_1_64' title='bbox 75 1413 140 1493; x_wconf 87' lang='lat' dir='ltr'>ipsi</span> <span class='ocrx_word' id='word_1_65' title='bbox 165 1407 272 1472; x_wconf 85' lang='lat' dir='ltr'>aliam</span> <span class='ocrx_word' id='word_1_66' title='bbox 295 1405 434 1488; x_wconf 84' lang='lat' dir='ltr'>habent,</span> <span class='ocrx_word' id='word_1_67' title='bbox 456 1405 521 1472; x_wconf 87' lang='lat' dir='ltr'>hoo</span> <span class='ocrx_word' id='word_1_68' title='bbox 545 1403 794 1470; x_wconf 85' lang='lat' dir='ltr'>inviolabiliter</span> <span class='ocrx_word' id='word_1_69' title='bbox 817 1407 866 1469; x_wconf 87' lang='lat' dir='ltr'>ita</span> <span class='ocrx_word' id='word_1_70' title='bbox 891 1413 1096 1488; x_wconf 87' lang='lat' dir='ltr'>permaneat.</span> 
     </span>
    </p>
   </div>
   <div class='ocr_carea' id='block_1_3' title="bbox 1 1527 1376 2152">
    <p class='ocr_par' dir='ltr' id='par_1_6' title="bbox 1 1527 1376 2152">
     <span class='ocr_line' id='line_1_11' title="bbox 186 1527 1376 1615; baseline -0.003 -17"><span class='ocrx_word' id='word_1_71' title='bbox 186 1532 239 1598; x_wconf 76' lang='lat'>20.</span> <span class='ocrx_word' id='word_1_72' title='bbox 262 1533 496 1598; x_wconf 86' lang='lat' dir='ltr'>Possessiones</span> <span class='ocrx_word' id='word_1_73' title='bbox 518 1530 672 1615; x_wconf 82' lang='lat' dir='ltr'>quelibet</span> <span class='ocrx_word' id='word_1_74' title='bbox 705 1553 724 1594; x_wconf 89' lang='lat' dir='ltr'>a</span> <span class='ocrx_word' id='word_1_75' title='bbox 757 1537 875 1595; x_wconf 86' lang='lat' dir='ltr'>sancto</span> <span class='ocrx_word' id='word_1_76' title='bbox 908 1527 1083 1614; x_wconf 82' lang='lat' dir='ltr'>Stephano</span> <span class='ocrx_word' id='word_1_77' title='bbox 1116 1532 1204 1614; x_wconf 87' lang='lat' dir='ltr'>date,</span> <span class='ocrx_word' id='word_1_78' title='bbox 1228 1531 1376 1596; x_wconf 87' lang='lat' dir='ltr'>humane</span> 
     </span>
     <span class='ocr_line' id='line_1_12' title="bbox 76 1637 1376 1724; baseline -0.002 -19"><span class='ocrx_word' id='word_1_79' title='bbox 76 1641 301 1705; x_wconf 84' lang='lat' dir='ltr'>successionis</span> <span class='ocrx_word' id='word_1_80' title='bbox 324 1637 496 1724; x_wconf 89' lang='lat' dir='ltr'>quoslibet</span> <span class='ocrx_word' id='word_1_81' title='bbox 520 1639 725 1722; x_wconf 87' lang='lat' dir='ltr'>contingant</span> <span class='ocrx_word' id='word_1_82' title='bbox 762 1659 969 1702; x_wconf 88' lang='lat' dir='ltr'>successores</span> <span class='ocrx_word' id='word_1_83' title='bbox 992 1638 1049 1702; x_wconf 90' lang='lat' dir='ltr'>vel</span> <span class='ocrx_word' id='word_1_84' title='bbox 1072 1637 1223 1704; x_wconf 88' lang='lat' dir='ltr'>heredes.</span> <span class='ocrx_word' id='word_1_85' title='bbox 1249 1660 1376 1722; x_wconf 87' lang='lat' dir='ltr'>posses-</span> 
     </span>
     <span class='ocr_line' id='line_1_13' title="bbox 76 1742 1376 1830; baseline -0.002 -19"><span class='ocrx_word' id='word_1_86' title='bbox 76 1751 124 1812; x_wconf 87' lang='lat' dir='ltr'>sio</span> <span class='ocrx_word' id='word_1_87' title='bbox 149 1769 234 1810; x_wconf 77' lang='grc'>1111</span> <span class='ocrx_word' id='word_1_88' title='bbox 258 1745 302 1810; x_wconf 85' lang='lat' dir='ltr'>ab</span> <span class='ocrx_word' id='word_1_89' title='bbox 325 1747 404 1810; x_wconf 88' lang='lat' dir='ltr'>aliis</span> <span class='ocrx_word' id='word_1_90' title='bbox 427 1742 566 1829; x_wconf 86' lang='lat' dir='ltr'>regibus</span> <span class='ocrx_word' id='word_1_91' title='bbox 590 1745 671 1808; x_wconf 86' lang='lat' dir='ltr'>data</span> <span class='ocrx_word' id='word_1_92' title='bbox 705 1745 747 1808; x_wconf 90' lang='lat' dir='ltr'>de</span> <span class='ocrx_word' id='word_1_93' title='bbox 772 1751 868 1828; x_wconf 86' lang='lat' dir='ltr'>patre</span> <span class='ocrx_word' id='word_1_94' title='bbox 895 1744 1079 1810; x_wconf 90' lang='lat' dir='ltr'>descendat</span> <span class='ocrx_word' id='word_1_95' title='bbox 1103 1747 1146 1810; x_wconf 86' lang='lat' dir='ltr'>ad</span> <span class='ocrx_word' id='word_1_96' title='bbox 1170 1744 1290 1810; x_wconf 91' lang='lat' dir='ltr'>filium.</span> <span class='ocrx_word' id='word_1_97' title='bbox 1316 1747 1376 1830; x_wconf 92' lang='lat' dir='ltr'>qui</span> 
     </span>
     <span class='ocr_line' id='line_1_14' title="bbox 76 1852 1376 1938; baseline -0.002 -19"><span class='ocrx_word' id='word_1_98' title='bbox 76 1857 104 1919; x_wconf 91' lang='lat' dir='ltr'>si</span> <span class='ocrx_word' id='word_1_99' title='bbox 128 1854 307 1919; x_wconf 83' lang='lat' dir='ltr'>defuerint</span> <span class='ocrx_word' id='word_1_100' title='bbox 332 1853 491 1917; x_wconf 84' lang='lat' dir='ltr'>succedat</span> <span class='ocrx_word' id='word_1_101' title='bbox 523 1873 715 1938; x_wconf 86' lang='lat' dir='ltr'>germanus,</span> <span class='ocrx_word' id='word_1_102' title='bbox 753 1854 850 1916; x_wconf 91' lang='lat' dir='ltr'>cuius</span> <span class='ocrx_word' id='word_1_103' title='bbox 882 1852 947 1917; x_wconf 87' lang='lat' dir='ltr'>filii</span> <span class='ocrx_word' id='word_1_104' title='bbox 980 1856 1088 1918; x_wconf 85' lang='lat' dir='ltr'>eciam</span> <span class='ocrx_word' id='word_1_105' title='bbox 1121 1864 1197 1938; x_wconf 88' lang='lat' dir='ltr'>post</span> <span class='ocrx_word' id='word_1_106' title='bbox 1230 1862 1376 1918; x_wconf 87' lang='lat' dir='ltr'>mortem</span> 
     </span>
     <span class='ocr_line' id='line_1_15' title="bbox 1 1955 1376 2043; baseline -0.002 -17"><span class='ocrx_word' id='word_1_107' title='bbox 1 1955 2 1958; x_wconf 28' lang='lat'>¹</span> <span class='ocrx_word' id='word_1_108' title='bbox 76 1962 171 2026; x_wconf 87' lang='lat' dir='ltr'>illius</span> <span class='ocrx_word' id='word_1_109' title='bbox 194 1983 265 2026; x_wconf 92' lang='lat' dir='ltr'>non</span> <span class='ocrx_word' id='word_1_110' title='bbox 289 1959 549 2024; x_wconf 84' lang='lat' dir='ltr'>exheredentur.</span> <span class='ocrx_word' id='word_1_111' title='bbox 572 1979 756 2043; x_wconf 87' lang='lat' dir='ltr'>germanus</span> <span class='ocrx_word' id='word_1_112' title='bbox 788 1967 904 2024; x_wconf 88' lang='lat' dir='ltr'>autem</span> <span class='ocrx_word' id='word_1_113' title='bbox 939 1961 1112 2042; x_wconf 91' lang='lat' dir='ltr'>predictus</span> <span class='ocrx_word' id='word_1_114' title='bbox 1136 1963 1258 2024; x_wconf 82' lang='lat' dir='ltr'>sinon</span> <span class='ocrx_word' id='word_1_115' title='bbox 1282 1963 1376 2024; x_wconf 89' lang='lat' dir='ltr'>inve-</span> 
     </span>
     <span class='ocr_line' id='line_1_16' title="bbox 76 2065 718 2152; baseline -0.003 -20"><span class='ocrx_word' id='word_1_116' title='bbox 76 2071 204 2150; x_wconf 76' lang='lat' dir='ltr'>niatur,</span> <span class='ocrx_word' id='word_1_117' title='bbox 229 2069 303 2152; x_wconf 82' lang='lat' dir='ltr'>regi</span> <span class='ocrx_word' id='word_1_118' title='bbox 326 2066 500 2130; x_wconf 88' lang='lat' dir='ltr'>hereditas</span> <span class='ocrx_word' id='word_1_119' title='bbox 524 2065 718 2147; x_wconf 87' lang='lat' dir='ltr'>deputetur.</span> 
     </span>
    </p>
   </div>
   <div class='ocr_carea' id='block_1_4' title="bbox 76 2189 1376 2598">
    <p class='ocr_par' dir='ltr' id='par_1_7' title="bbox 76 2189 1376 2365">
     <span class='ocr_line' id='line_1_17' title="bbox 185 2189 1376 2274; baseline -0.001 -17"><span class='ocrx_word' id='word_1_120' title='bbox 185 2193 238 2257; x_wconf 77' lang='lat'>21.</span> <span class='ocrx_word' id='word_1_121' title='bbox 262 2193 447 2257; x_wconf 85' lang='lat' dir='ltr'>Hereditas</span> <span class='ocrx_word' id='word_1_122' title='bbox 470 2192 632 2274; x_wconf 87' lang='lat' dir='ltr'>empticia</span> <span class='ocrx_word' id='word_1_123' title='bbox 664 2191 752 2255; x_wconf 89' lang='lat' dir='ltr'>nulli</span> <span class='ocrx_word' id='word_1_124' title='bbox 784 2191 903 2256; x_wconf 88' lang='lat' dir='ltr'>heredi</span> <span class='ocrx_word' id='word_1_125' title='bbox 935 2189 1121 2274; x_wconf 87' lang='lat' dir='ltr'>auferatur,</span> <span class='ocrx_word' id='word_1_126' title='bbox 1155 2193 1213 2257; x_wconf 90' lang='lat' dir='ltr'>sed</span> <span class='ocrx_word' id='word_1_127' title='bbox 1238 2199 1376 2256; x_wconf 85' lang='lat' dir='ltr'>tantum</span> 
     </span>
     <span class='ocr_line' id='line_1_18' title="bbox 76 2297 672 2365; baseline -0.003 -1"><span class='ocrx_word' id='word_1_128' title='bbox 76 2302 195 2364; x_wconf 90' lang='lat' dir='ltr'>eadem</span> <span class='ocrx_word' id='word_1_129' title='bbox 220 2301 419 2365; x_wconf 89' lang='lat' dir='ltr'>testimonio</span> <span class='ocrx_word' id='word_1_130' title='bbox 443 2297 672 2364; x_wconf 86' lang='lat' dir='ltr'>confirmetur.</span> 
     </span>
    </p>

    <p class='ocr_par' dir='ltr' id='par_1_8' title="bbox 77 2405 1375 2598">
     <span class='ocr_line' id='line_1_19' title="bbox 186 2405 1375 2491; baseline 0 -21"><span class='ocrx_word' id='word_1_131' title='bbox 186 2409 238 2470; x_wconf 77' lang='lat'>22.</span> <span class='ocrx_word' id='word_1_132' title='bbox 262 2406 435 2470; x_wconf 85' lang='lat' dir='ltr'>Iudicium</span> <span class='ocrx_word' id='word_1_133' title='bbox 457 2405 542 2470; x_wconf 85' lang='lat' dir='ltr'>ferri</span> <span class='ocrx_word' id='word_1_134' title='bbox 564 2415 599 2470; x_wconf 88' lang='lat' dir='ltr'>et</span> <span class='ocrx_word' id='word_1_135' title='bbox 632 2428 718 2491; x_wconf 87' lang='lat' dir='ltr'>aque</span> <span class='ocrx_word' id='word_1_136' title='bbox 751 2409 787 2469; x_wconf 91' lang='lat' dir='ltr'>in</span> <span class='ocrx_word' id='word_1_137' title='bbox 820 2407 934 2491; x_wconf 91' lang='lat' dir='ltr'>aliqua</span> <span class='ocrx_word' id='word_1_138' title='bbox 968 2406 1109 2470; x_wconf 87' lang='lat' dir='ltr'>ecclesia</span> <span class='ocrx_word' id='word_1_139' title='bbox 1133 2405 1209 2470; x_wconf 88' lang='lat' dir='ltr'>fieri</span> <span class='ocrx_word' id='word_1_140' title='bbox 1232 2409 1375 2472; x_wconf 87' lang='lat' dir='ltr'>interdi-</span> 
     </span>
     <span class='ocr_line' id='line_1_20' title="bbox 77 2513 1375 2598; baseline -0.002 -18"><span class='ocrx_word' id='word_1_141' title='bbox 77 2518 195 2597; x_wconf 78' lang='grc'>1111111,</span> <span class='ocrx_word' id='word_1_142' title='bbox 218 2516 287 2578; x_wconf 87' lang='lat' dir='ltr'>nisi</span> <span class='ocrx_word' id='word_1_143' title='bbox 309 2516 346 2577; x_wconf 90' lang='lat' dir='ltr'>in</span> <span class='ocrx_word' id='word_1_144' title='bbox 370 2513 448 2577; x_wconf 92' lang='lat' dir='ltr'>sede</span> <span class='ocrx_word' id='word_1_145' title='bbox 472 2513 656 2596; x_wconf 88' lang='lat' dir='ltr'>episcopali</span> <span class='ocrx_word' id='word_1_146' title='bbox 680 2523 714 2578; x_wconf 90' lang='lat' dir='ltr'>et</span> <span class='ocrx_word' id='word_1_147' title='bbox 748 2514 935 2580; x_wconf 87' lang='lat' dir='ltr'>maioribus</span> <span class='ocrx_word' id='word_1_148' title='bbox 964 2517 1196 2598; x_wconf 71' lang='lat' dir='ltr'>preposituris</span> <span class='ocrx_word' id='word_1_149' title='bbox 1220 2537 1375 2580; x_wconf 89' lang='grc'>111111</span> 
     </span>
    </p>
   </div>
   <div class='ocr_carea' id='block_1_5' title="bbox 1 2621 421 2692">
    <p class='ocr_par' dir='ltr' id='par_1_9' title="bbox 1 2621 421 2720">
     <span class='ocr_line' id='line_1_21' title="bbox 1 2621 421 2692; baseline -0.007 -5"><span class='ocrx_word' id='word_1_150' title='bbox 1 2635 2 2692; x_wconf 64' lang='lat' dir='ltr'>l</span> <span class='ocrx_word' id='word_1_151' title='bbox 77 2623 217 2687; x_wconf 87' lang='lat' dir='ltr'>Posonii</span> <span class='ocrx_word' id='word_1_152' title='bbox 239 2629 275 2685; x_wconf 90' lang='lat' dir='ltr'>et</span> <span class='ocrx_word' id='word_1_153' title='bbox 298 2621 421 2685; x_wconf 87' lang='lat' dir='ltr'>Nitrie.</span> 
     </span>
    </p>
   </div>
   <div class='ocr_carea' id='block_1_6' title="bbox 1 2747 1374 3368">
    <p class='ocr_par' dir='ltr' id='par_1_10' title="bbox 1 2747 1374 3368">
     <span class='ocr_line' id='line_1_22' title="bbox 1 2747 1374 2843; baseline -0.001 -30"><span class='ocrx_word' id='word_1_154' title='bbox 1 2825 2 2843; x_wconf 13' lang='grc' dir='ltr'>χ</span> <span class='ocrx_word' id='word_1_155' title='bbox 187 2750 241 2813; x_wconf 81' lang='lat'>25.</span> <span class='ocrx_word' id='word_1_156' title='bbox 264 2747 317 2812; x_wconf 91' lang='lat' dir='ltr'>De</span> <span class='ocrx_word' id='word_1_157' title='bbox 341 2747 483 2812; x_wconf 82' lang='lat' dir='ltr'>tributis</span> <span class='ocrx_word' id='word_1_158' title='bbox 507 2754 623 2812; x_wconf 88' lang='lat' dir='ltr'>autem</span> <span class='ocrx_word' id='word_1_159' title='bbox 655 2747 887 2834; x_wconf 84' lang='lat' dir='ltr'>vectigalibus</span> <span class='ocrx_word' id='word_1_160' title='bbox 911 2751 1001 2814; x_wconf 86' lang='lat' dir='ltr'>sicut</span> <span class='ocrx_word' id='word_1_161' title='bbox 1025 2747 1208 2813; x_wconf 88' lang='lat' dir='ltr'>comitibus</span> <span class='ocrx_word' id='word_1_162' title='bbox 1231 2751 1374 2813; x_wconf 78' lang='lat' dir='ltr'>terciam</span> 
     </span>
     <span class='ocr_line' id='line_1_23' title="bbox 1 2851 1373 2940; baseline 0.001 -21"><span class='ocrx_word' id='word_1_163' title='bbox 1 2851 2 2872; x_wconf 63' lang='lat'>¹</span> <span class='ocrx_word' id='word_1_164' title='bbox 77 2865 211 2938; x_wconf 87' lang='lat' dir='ltr'>partem</span> <span class='ocrx_word' id='word_1_165' title='bbox 236 2857 316 2920; x_wconf 89' lang='lat' dir='ltr'>dare</span> <span class='ocrx_word' id='word_1_166' title='bbox 341 2856 564 2939; x_wconf 84' lang='lat' dir='ltr'>decrevimus,</span> <span class='ocrx_word' id='word_1_167' title='bbox 581 2857 630 2918; x_wconf 85' lang='lat' dir='ltr'>ita</span> <span class='ocrx_word' id='word_1_168' title='bbox 649 2855 817 2919; x_wconf 80' lang='lat' dir='ltr'>decimam</span> <span class='ocrx_word' id='word_1_169' title='bbox 840 2876 975 2940; x_wconf 91' lang='lat' dir='ltr'>quoque</span> <span class='ocrx_word' id='word_1_170' title='bbox 999 2857 1166 2940; x_wconf 88' lang='lat' dir='ltr'>episcopis</span> <span class='ocrx_word' id='word_1_171' title='bbox 1190 2878 1373 2922; x_wconf 85' lang='lat' dir='ltr'>censemus.</span> 
     </span>
     <span class='ocr_line' id='line_1_24' title="bbox 77 2963 1373 3048; baseline -0.001 -21"><span class='ocrx_word' id='word_1_172' title='bbox 77 2965 156 3047; x_wconf 82' lang='lat' dir='ltr'>quia</span> <span class='ocrx_word' id='word_1_173' title='bbox 181 2984 261 3027; x_wconf 92' lang='lat' dir='ltr'>cum</span> <span class='ocrx_word' id='word_1_174' title='bbox 282 2971 355 3027; x_wconf 89' lang='lat' dir='ltr'>tam</span> <span class='ocrx_word' id='word_1_175' title='bbox 378 2964 461 3027; x_wconf 91' lang='lat' dir='ltr'>novi</span> <span class='ocrx_word' id='word_1_176' title='bbox 484 2984 587 3047; x_wconf 90' lang='lat' dir='ltr'>quam</span> <span class='ocrx_word' id='word_1_177' title='bbox 610 2964 738 3026; x_wconf 88' lang='lat' dir='ltr'>veteris</span> <span class='ocrx_word' id='word_1_178' title='bbox 762 2965 962 3028; x_wconf 78' lang='lat' dir='ltr'>testamenti</span> <span class='ocrx_word' id='word_1_179' title='bbox 986 2967 1110 3048; x_wconf 83' lang='lat' dir='ltr'>pagina</span> <span class='ocrx_word' id='word_1_180' title='bbox 1127 2963 1276 3027; x_wconf 84' lang='lat' dir='ltr'>decimas</span> <span class='ocrx_word' id='word_1_181' title='bbox 1292 2963 1373 3026; x_wconf 89' lang='lat' dir='ltr'>dan-</span> 
     </span>
     <span class='ocr_line' id='line_1_25' title="bbox 77 3068 1373 3154; baseline -0.001 -20"><span class='ocrx_word' id='word_1_182' title='bbox 77 3071 136 3134; x_wconf 83' lang='lat' dir='ltr'>das</span> <span class='ocrx_word' id='word_1_183' title='bbox 169 3091 243 3133; x_wconf 91' lang='lat' dir='ltr'>esse</span> <span class='ocrx_word' id='word_1_184' title='bbox 274 3068 470 3152; x_wconf 85' lang='lat' dir='ltr'>proclamet,</span> <span class='ocrx_word' id='word_1_185' title='bbox 509 3071 687 3134; x_wconf 86' lang='lat' dir='ltr'>incautum</span> <span class='ocrx_word' id='word_1_186' title='bbox 725 3079 761 3134; x_wconf 87' lang='lat' dir='ltr'>et</span> <span class='ocrx_word' id='word_1_187' title='bbox 799 3071 1033 3136; x_wconf 88' lang='lat' dir='ltr'>inconsultum</span> <span class='ocrx_word' id='word_1_188' title='bbox 1065 3078 1126 3154; x_wconf 82' lang='lat' dir='ltr'>est,</span> <span class='ocrx_word' id='word_1_189' title='bbox 1159 3073 1188 3134; x_wconf 89' lang='grc'>11</span> <span class='ocrx_word' id='word_1_190' title='bbox 1212 3073 1373 3134; x_wconf 86' lang='lat' dir='ltr'>instituta</span> 
     </span>
     <span class='ocr_line' id='line_1_26' title="bbox 1 3175 1372 3264; baseline 0.001 -23"><span class='ocrx_word' id='word_1_191' title='bbox 1 3189 2 3192; x_wconf 76' lang='grc'>’</span> <span class='ocrx_word' id='word_1_192' title='bbox 76 3183 274 3241; x_wconf 82' lang='lat' dir='ltr'>sanctorum</span> <span class='ocrx_word' id='word_1_193' title='bbox 298 3197 531 3259; x_wconf 88' lang='lat' dir='ltr'>presumamus</span> <span class='ocrx_word' id='word_1_194' title='bbox 561 3175 764 3264; x_wconf 74' lang='lat' dir='ltr'>infringere,</span> <span class='ocrx_word' id='word_1_195' title='bbox 797 3201 862 3263; x_wconf 92' lang='lat' dir='ltr'>que</span> <span class='ocrx_word' id='word_1_196' title='bbox 887 3201 1021 3244; x_wconf 88' lang='lat' dir='ltr'>summa</span> <span class='ocrx_word' id='word_1_197' title='bbox 1047 3181 1164 3263; x_wconf 88' lang='lat' dir='ltr'>po&#39;cius</span> <span class='ocrx_word' id='word_1_198' title='bbox 1188 3179 1372 3243; x_wconf 88' lang='lat' dir='ltr'>devocione</span> 
     </span>
     <span class='ocr_line' id='line_1_27' title="bbox 1 3283 458 3368; baseline 0.004 -22"><span class='ocrx_word' id='word_1_199' title='bbox 1 3301 2 3304; x_wconf 71' lang='grc'>’</span> <span class='ocrx_word' id='word_1_200' title='bbox 76 3283 241 3349; x_wconf 86' lang='lat' dir='ltr'>debemus</span> <span class='ocrx_word' id='word_1_201' title='bbox 263 3284 458 3368; x_wconf 85' lang='lat' dir='ltr'>adimplere.</span> 
     </span>
    </p>
   </div>
   <div class='ocr_carea' id='block_1_7' title="bbox 0 3369 1372 3712">
    <p class='ocr_par' dir='ltr' id='par_1_11' title="bbox 0 3369 1372 3712">
     <span class='ocr_line' id='line_1_28' title="bbox 185 3369 1372 3490; baseline 0.006 -19"><span class='ocrx_word' id='word_1_202' title='bbox 185 3409 238 3471; x_wconf 86' lang='lat'>33.</span> <span class='ocrx_word' id='word_1_203' title='bbox 262 3407 478 3490; x_wconf 74' lang='lat' dir='ltr'>MercatoreS,</span> <span class='ocrx_word' id='word_1_204' title='bbox 502 3409 546 3474; x_wconf 95' lang='lat' dir='ltr'>ob</span> <span class='ocrx_word' id='word_1_205' title='bbox 569 3410 604 3473; x_wconf 92' lang='lat' dir='ltr'>id</span> <span class='ocrx_word' id='word_1_206' title='bbox 629 3369 739 3474; x_wconf 85' lang='grc'>111111</span> <span class='ocrx_word' id='word_1_207' title='bbox 772 3418 811 3475; x_wconf 89' lang='grc'>11</span> <span class='ocrx_word' id='word_1_208' title='bbox 844 3412 1014 3477; x_wconf 81' lang='lat' dir='ltr'>ditescant</span> <span class='ocrx_word' id='word_1_209' title='bbox 1047 3412 1235 3476; x_wconf 88' lang='lat' dir='ltr'>venialium</span> <span class='ocrx_word' id='word_1_210' title='bbox 1259 3435 1372 3478; x_wconf 88' lang='lat' dir='ltr'>rerum</span> 
     </span>
     <span class='ocr_line' id='line_1_29' title="bbox 0 3517 1372 3606; baseline 0.001 -23"><span class='ocrx_word' id='word_1_211' title='bbox 0 3562 1 3567; x_wconf 52' lang='lat'>.</span> <span class='ocrx_word' id='word_1_212' title='bbox 73 3518 344 3596; x_wconf 80' lang='grc'>111111111111111,</span> <span class='ocrx_word' id='word_1_213' title='bbox 368 3521 513 3600; x_wconf 88' lang='lat' dir='ltr'>pristina</span> <span class='ocrx_word' id='word_1_214' title='bbox 546 3517 724 3601; x_wconf 87' lang='lat' dir='ltr'>duplicent</span> <span class='ocrx_word' id='word_1_215' title='bbox 762 3519 903 3584; x_wconf 86' lang='lat' dir='ltr'>tributa.</span> <span class='ocrx_word' id='word_1_216' title='bbox 937 3543 1100 3604; x_wconf 89' lang='lat' dir='ltr'>pauperes</span> <span class='ocrx_word' id='word_1_217' title='bbox 1133 3543 1213 3586; x_wconf 91' lang='lat' dir='ltr'>vero</span> <span class='ocrx_word' id='word_1_218' title='bbox 1247 3523 1306 3606; x_wconf 88' lang='lat' dir='ltr'>qui</span> <span class='ocrx_word' id='word_1_219' title='bbox 1330 3522 1372 3585; x_wconf 92' lang='lat' dir='ltr'>de</span> 
     </span>
     <span class='ocr_line' id='line_1_30' title="bbox 73 3627 961 3712; baseline 0.002 -20"><span class='ocrx_word' id='word_1_220' title='bbox 73 3634 227 3692; x_wconf 86' lang='lat' dir='ltr'>mercato</span> <span class='ocrx_word' id='word_1_221' title='bbox 250 3629 385 3710; x_wconf 83' lang='lat' dir='ltr'>vivunt,</span> <span class='ocrx_word' id='word_1_222' title='bbox 409 3628 571 3710; x_wconf 86' lang='lat' dir='ltr'>persolita</span> <span class='ocrx_word' id='word_1_223' title='bbox 594 3627 727 3694; x_wconf 85' lang='lat' dir='ltr'>tributa</span> <span class='ocrx_word' id='word_1_224' title='bbox 757 3629 961 3712; x_wconf 85' lang='lat' dir='ltr'>persolvant.</span> 
     </span>
    </p>
   </div>
   <div class='ocr_carea' id='block_1_8' title="bbox 0 3751 1372 4266">
    <p class='ocr_par' dir='ltr' id='par_1_12' title="bbox 0 3751 1372 4266">
     <span class='ocr_line' id='line_1_31' title="bbox 184 3751 1371 3838; baseline 0.002 -23"><span class='ocrx_word' id='word_1_225' title='bbox 184 3751 237 3815; x_wconf 86' lang='lat'>36.</span> <span class='ocrx_word' id='word_1_226' title='bbox 261 3751 405 3829; x_wconf 77' lang='lat' dir='ltr'>Quando</span> <span class='ocrx_word' id='word_1_227' title='bbox 429 3773 489 3816; x_wconf 82' lang='lat' dir='ltr'>rex</span> <span class='ocrx_word' id='word_1_228' title='bbox 512 3751 569 3816; x_wconf 90' lang='lat' dir='ltr'>vel</span> <span class='ocrx_word' id='word_1_229' title='bbox 592 3752 663 3817; x_wconf 85' lang='lat' dir='ltr'>dux</span> <span class='ocrx_word' id='word_1_230' title='bbox 696 3755 733 3816; x_wconf 91' lang='lat' dir='ltr'>in</span> <span class='ocrx_word' id='word_1_231' title='bbox 765 3755 968 3818; x_wconf 85' lang='lat' dir='ltr'>comitatum</span> <span class='ocrx_word' id='word_1_232' title='bbox 1000 3754 1150 3838; x_wconf 89' lang='lat' dir='ltr'>aliquem</span> <span class='ocrx_word' id='word_1_233' title='bbox 1178 3756 1371 3834; x_wconf 77' lang='lat' dir='ltr'>intraverit,</span> 
     </span>
     <span class='ocr_line' id='line_1_32' title="bbox 0 3859 1372 3946; baseline 0.002 -23"><span class='ocrx_word' id='word_1_234' title='bbox 0 3902 1 3906; x_wconf 57' lang='lat'><em>=</em></span> <span class='ocrx_word' id='word_1_235' title='bbox 74 3867 158 3924; x_wconf 88' lang='lat' dir='ltr'>tunc</span> <span class='ocrx_word' id='word_1_236' title='bbox 181 3859 305 3944; x_wconf 86' lang='lat' dir='ltr'>legalis</span> <span class='ocrx_word' id='word_1_237' title='bbox 328 3881 435 3943; x_wconf 88' lang='lat' dir='ltr'>equus</span> <span class='ocrx_word' id='word_1_238' title='bbox 458 3860 677 3926; x_wconf 81' lang='lat' dir='ltr'>exercitualia</span> <span class='ocrx_word' id='word_1_239' title='bbox 694 3867 873 3945; x_wconf 86' lang='lat' dir='ltr'>prestetur.</span> <span class='ocrx_word' id='word_1_240' title='bbox 898 3863 1003 3946; x_wconf 89' lang='lat' dir='ltr'>quisi</span> <span class='ocrx_word' id='word_1_241' title='bbox 1021 3881 1088 3945; x_wconf 90' lang='lat' dir='ltr'>quo</span> <span class='ocrx_word' id='word_1_242' title='bbox 1112 3883 1193 3926; x_wconf 90' lang='lat' dir='ltr'>casu</span> <span class='ocrx_word' id='word_1_243' title='bbox 1215 3870 1372 3927; x_wconf 87' lang='lat' dir='ltr'>mortuus</span> 
     </span>
     <span class='ocr_line' id='line_1_33' title="bbox 1 3947 1371 4054; baseline 0 -22"><span class='ocrx_word' id='word_1_244' title='bbox 1 3947 2 4020; x_wconf 50' lang='lat' dir='ltr'>ss</span> <span class='ocrx_word' id='word_1_245' title='bbox 74 3966 192 4046; x_wconf 84' lang='lat' dir='ltr'>fuerit,</span> <span class='ocrx_word' id='word_1_246' title='bbox 216 3967 295 4031; x_wconf 91' lang='lat' dir='ltr'>XV.</span> <span class='ocrx_word' id='word_1_247' title='bbox 319 3989 423 4050; x_wconf 88' lang='lat' dir='ltr'>pense</span> <span class='ocrx_word' id='word_1_248' title='bbox 446 3969 585 4032; x_wconf 88' lang='lat' dir='ltr'>domino</span> <span class='ocrx_word' id='word_1_249' title='bbox 609 3970 689 4053; x_wconf 90' lang='lat' dir='ltr'>equi</span> <span class='ocrx_word' id='word_1_250' title='bbox 705 3969 884 4033; x_wconf 85' lang='lat' dir='ltr'>donentur.</span> <span class='ocrx_word' id='word_1_251' title='bbox 909 3971 938 4032; x_wconf 89' lang='lat' dir='ltr'>si</span> <span class='ocrx_word' id='word_1_252' title='bbox 961 3990 1043 4032; x_wconf 87' lang='lat' dir='ltr'>vero</span> <span class='ocrx_word' id='word_1_253' title='bbox 1066 3969 1292 4054; x_wconf 76' lang='lat' dir='ltr'>aliquomodo,</span> <span class='ocrx_word' id='word_1_254' title='bbox 1312 3970 1371 4033; x_wconf 89' lang='lat' dir='ltr'>sed</span> 
     </span>
     <span class='ocr_line' id='line_1_34' title="bbox 73 4073 1371 4158; baseline 0.001 -19"><span class='ocrx_word' id='word_1_255' title='bbox 73 4097 142 4140; x_wconf 91' lang='lat' dir='ltr'>non</span> <span class='ocrx_word' id='word_1_256' title='bbox 166 4095 275 4158; x_wconf 89' lang='lat' dir='ltr'>usque</span> <span class='ocrx_word' id='word_1_257' title='bbox 298 4073 347 4138; x_wconf 84' lang='lat' dir='ltr'>ed</span> <span class='ocrx_word' id='word_1_258' title='bbox 366 4082 512 4140; x_wconf 82' lang='lat' dir='ltr'>mortem</span> <span class='ocrx_word' id='word_1_259' title='bbox 536 4075 626 4140; x_wconf 91' lang='lat' dir='ltr'>lesus</span> <span class='ocrx_word' id='word_1_260' title='bbox 659 4073 775 4158; x_wconf 80' lang='lat' dir='ltr'>fuerit,</span> <span class='ocrx_word' id='word_1_261' title='bbox 808 4077 955 4158; x_wconf 86' lang='lat' dir='ltr'>predicti</span> <span class='ocrx_word' id='word_1_262' title='bbox 988 4077 1094 4158; x_wconf 87' lang='lat' dir='ltr'>precii</span> <span class='ocrx_word' id='word_1_263' title='bbox 1127 4098 1204 4158; x_wconf 91' lang='lat' dir='ltr'>pars</span> <span class='ocrx_word' id='word_1_264' title='bbox 1227 4076 1371 4140; x_wconf 87' lang='lat' dir='ltr'>dimidia</span> 
     </span>
     <span class='ocr_line' id='line_1_35' title="bbox 74 4181 445 4266; baseline 0 -22"><span class='ocrx_word' id='word_1_265' title='bbox 74 4203 134 4263; x_wconf 91' lang='lat' dir='ltr'>pro</span> <span class='ocrx_word' id='word_1_266' title='bbox 159 4202 249 4266; x_wconf 90' lang='lat' dir='ltr'>equo</span> <span class='ocrx_word' id='word_1_267' title='bbox 272 4181 445 4247; x_wconf 88' lang='lat' dir='ltr'>reddatur.</span> 
     </span>
    </p>
   </div>
   <div class='ocr_carea' id='block_1_9' title="bbox 1 4306 1371 4717">
    <p class='ocr_par' dir='ltr' id='par_1_13' title="bbox 0 4306 1371 4722">
     <span class='ocr_line' id='line_1_36' title="bbox 184 4306 1370 4394; baseline 0.003 -23"><span class='ocrx_word' id='word_1_268' title='bbox 184 4307 223 4371; x_wconf 80' lang='lat' dir='ltr'>Si</span> <span class='ocrx_word' id='word_1_269' title='bbox 245 4329 371 4392; x_wconf 87' lang='lat' dir='ltr'>magna</span> <span class='ocrx_word' id='word_1_270' title='bbox 395 4306 487 4372; x_wconf 87' lang='lat' dir='ltr'>fama</span> <span class='ocrx_word' id='word_1_271' title='bbox 503 4312 539 4374; x_wconf 92' lang='lat' dir='ltr'>in</span> <span class='ocrx_word' id='word_1_272' title='bbox 554 4309 743 4374; x_wconf 88' lang='lat' dir='ltr'>marchiam</span> <span class='ocrx_word' id='word_1_273' title='bbox 768 4313 960 4390; x_wconf 51' lang='lat' dir='ltr'>intraverit.</span> <span class='ocrx_word' id='word_1_274' title='bbox 984 4331 1095 4373; x_wconf 89' lang='lat' dir='ltr'>comes</span> <span class='ocrx_word' id='word_1_275' title='bbox 1118 4312 1260 4373; x_wconf 89' lang='lat' dir='ltr'>nuncios</span> <span class='ocrx_word' id='word_1_276' title='bbox 1277 4312 1370 4394; x_wconf 82' lang='grc'>11111,</span> 
     </span>
     <span class='ocr_line' id='line_1_37' title="bbox 1 4415 1371 4503; baseline 0.004 -24"><span class='ocrx_word' id='word_1_277' title='bbox 1 4457 2 4466; x_wconf 33' lang='lat'>¹</span> <span class='ocrx_word' id='word_1_278' title='bbox 73 4419 172 4502; x_wconf 87' lang='lat' dir='ltr'>equis</span> <span class='ocrx_word' id='word_1_279' title='bbox 195 4415 463 4481; x_wconf 83' lang='lat' dir='ltr'>exercitualibus</span> <span class='ocrx_word' id='word_1_280' title='bbox 486 4427 634 4502; x_wconf 85' lang='lat' dir='ltr'>quatuor</span> <span class='ocrx_word' id='word_1_281' title='bbox 657 4419 699 4482; x_wconf 87' lang='lat' dir='ltr'>ad</span> <span class='ocrx_word' id='word_1_282' title='bbox 734 4441 850 4502; x_wconf 82' lang='lat' dir='ltr'>regem</span> <span class='ocrx_word' id='word_1_283' title='bbox 882 4420 1020 4503; x_wconf 84' lang='lat' dir='ltr'>dirigat.</span> <span class='ocrx_word' id='word_1_284' title='bbox 1049 4421 1211 4502; x_wconf 89' lang='lat' dir='ltr'>quicum</span> <span class='ocrx_word' id='word_1_285' title='bbox 1235 4423 1371 4502; x_wconf 89' lang='lat' dir='ltr'>proprio</span> 
     </span>
     <span class='ocr_line' id='line_1_38' title="bbox 74 4521 1370 4607; baseline 0.004 -21.73"><span class='ocrx_word' id='word_1_286' title='bbox 74 4521 152 4588; x_wconf 91' lang='lat' dir='ltr'>cibo</span> <span class='ocrx_word' id='word_1_287' title='bbox 175 4523 260 4587; x_wconf 88' lang='lat' dir='ltr'>illuc</span> <span class='ocrx_word' id='word_1_288' title='bbox 285 4525 532 4606; x_wconf 69' lang='lat' dir='ltr'>pervenientes7</span> <span class='ocrx_word' id='word_1_289' title='bbox 573 4527 724 4607; x_wconf 84' lang='lat' dir='ltr'>precium</span> <span class='ocrx_word' id='word_1_290' title='bbox 763 4527 883 4590; x_wconf 87' lang='lat' dir='ltr'>viatici</span> <span class='ocrx_word' id='word_1_291' title='bbox 917 4528 969 4589; x_wconf 92' lang='lat' dir='ltr'>sui</span> <span class='ocrx_word' id='word_1_292' title='bbox 1002 4548 1021 4588; x_wconf 90' lang='lat' dir='ltr'>a</span> <span class='ocrx_word' id='word_1_293' title='bbox 1055 4525 1213 4590; x_wconf 87' lang='lat' dir='ltr'>Palatino</span> <span class='ocrx_word' id='word_1_294' title='bbox 1246 4529 1370 4590; x_wconf 90' lang='lat' dir='ltr'>comite</span> 
     </span>
     <span class='ocr_line' id='line_1_39' title="bbox 74 4630 1370 4717; baseline 0.002 -22.84"><span class='ocrx_word' id='word_1_295' title='bbox 74 4633 225 4716; x_wconf 81' lang='lat' dir='ltr'>exigant,</span> <span class='ocrx_word' id='word_1_296' title='bbox 249 4637 285 4695; x_wconf 92' lang='lat' dir='ltr'>et</span> <span class='ocrx_word' id='word_1_297' title='bbox 308 4631 513 4694; x_wconf 85' lang='lat' dir='ltr'>tantundem</span> <span class='ocrx_word' id='word_1_298' title='bbox 546 4630 588 4694; x_wconf 90' lang='lat' dir='ltr'>ad</span> <span class='ocrx_word' id='word_1_299' title='bbox 623 4631 773 4696; x_wconf 84' lang='lat' dir='ltr'>reditum</span> <span class='ocrx_word' id='word_1_300' title='bbox 812 4653 919 4695; x_wconf 91' lang='lat' dir='ltr'>suum.</span> <span class='ocrx_word' id='word_1_301' title='bbox 953 4633 982 4696; x_wconf 87' lang='lat' dir='ltr'>si</span> <span class='ocrx_word' id='word_1_302' title='bbox 1014 4654 1096 4696; x_wconf 92' lang='lat' dir='ltr'>vero</span> <span class='ocrx_word' id='word_1_303' title='bbox 1130 4635 1209 4717; x_wconf 91' lang='lat' dir='ltr'>equi</span> <span class='ocrx_word' id='word_1_304' title='bbox 1232 4633 1370 4696; x_wconf 88' lang='lat' dir='ltr'>illorum</span> 
     </span>
    </p>
   </div>
   <div class='ocr_carea' id='block_1_10' title="bbox 0 0 1600 5214">
    <p class='ocr_par' dir='ltr' id='par_1_14' title="bbox 0 0 1600 5214">
     <span class='ocr_line' id='line_1_40' title="bbox 0 0 1600 5214; baseline 0 0"><span class='ocrx_word' id='word_1_305' title='bbox 0 0 1600 5214; x_wconf 95' lang='lat' dir='ltr'> </span> 
     </span>
    </p>
   </div>
  </div>
 </body>
</html>
