3142 5214
242 391 309 455 626

242 591 405 672 cessisset,
438 590 476 652 in
498 609 559 652 suo
582 593 677 652 statu
701 595 930 672 permanente,
959 587 1126 654 bonorum
1149 609 1231 653 vero
1255 589 1378 653 talium
1401 608 1527 673 quoque

242 699 418 762 restitutio
443 695 500 759 hic
523 694 750 780 intelligenda
774 698 889 777 venit,
913 717 1000 780 quae
1025 695 1095 760 fors
1118 717 1195 779 uno,
1219 697 1276 760 vel
1299 695 1408 761 altero
1432 695 1527 759 titulo

242 825 281 868 ac
301 799 378 886 jure
404 804 554 885 cuipiam
578 801 712 884 collata,
736 804 809 866 sive
834 802 1023 886 divendita,
1045 803 1103 867 vel
1127 805 1301 886 inscripta,
1325 809 1360 867 et
1380 799 1454 885 jam
1477 825 1528 886 per

240 911 325 975 alios
350 930 500 993 possessa
524 916 604 973 actu
628 915 726 989 sunt3
750 912 800 974 ita
822 910 997 994 videlicet,
1020 917 1060 975 ut
1084 911 1144 975 illa
1167 932 1302 995 quoque
1326 913 1399 975 sine
1419 917 1527 974 tamen

242 1016 413 1082 fructibus
438 1017 551 1080 medio
575 1025 728 1100 tempore
745 1020 914 1101 perceptis
932 1039 1033 1102 penes
1057 1017 1207 1104 benigna
1223 1017 1386 1082 mandata
1409 1025 1527 1084 nostra

241 1125 285 1190 ad
308 1123 473 1188 officiales
497 1122 636 1206 fiscales,
659 1124 717 1189 vel
741 1125 924 1189 camerales
947 1125 1155 1211 generaliter
1187 1127 1224 1188 in
1256 1125 1410 1210 singulos
1434 1127 1528 1189 comi·

241 1240 344 1316 tatus,
377 1231 437 1295 sed
470 1238 504 1296 et
536 1228 595 1296 lib.
627 1235 807 1317 regiasque
831 1235 991 1296 civitates
1024 1231 1211 1296 inmediate
1243 1232 1425 1314 exaranda,
1458 1235 1529 1296 sim-

242 1339 378 1423 pliciter
402 1345 436 1402 et
461 1337 589 1423 absque
612 1339 770 1404 ulteriori
803 1361 897 1405 mora
929 1362 969 1404 ac
1001 1339 1173 1404 delatione
1205 1342 1364 1423 occupari
1387 1351 1528 1424 queant;

240 1446 537 1512 meliorationibus
563 1455 687 1533 tamen,
710 1451 740 1512 si
764 1469 848 1533 quas
872 1448 1028 1513 moderni
1045 1467 1260 1531 possessores,
1284 1449 1419 1512 sivein
1443 1469 1529 1531 repa·

241 1556 409 1618 rationem
433 1553 669 1619 aedificiorum
692 1557 766 1619 sive
781 1556 996 1619 oeconomiae
1013 1555 1261 1637 promotionem
1277 1554 1529 1637 impendissent,

240 1661 399 1748 legaliter
415 1661 606 1744 edocendis,
626 1664 764 1744 praevie
782 1681 841 1745 pro
865 1663 1040 1745 aequitate
1063 1659 1206 1740 refusis3
1229 1683 1292 1726 nec
1308 1668 1422 1725 metus
1447 1661 1529 1725 ullus

239 1769 344 1833 alicui
367 1789 541 1852 superesse
565 1767 677 1852 debet,
701 1768 743 1832 de
766 1770 928 1853 quapiam
959 1769 1204 1850 commissione,
1227 1775 1288 1832 aut
1320 1767 1389 1832 alia
1413 1773 1529 1852 quavis

240 1876 402 1942 methodo
418 1878 652 1960 inquisitione,
676 1883 833 1960 respectu
855 1875 1031 1956 bonorum,
1056 1897 1116 1958 per
1139 1875 1337 1940 modernam
1353 1880 1531 1941 amnestia·

127 2065 132 2075 ¹
240 1983 309 2048 lem
332 1987 483 2068 gratiam
506 1982 798 2048 restituendorum
821 1985 858 2047 in
881 1981 1039 2047 futurum
1065 1982 1296 2065 instituenda,
1328 1984 1530 2048 amnistialis

239 2091 410 2176 siquidem
433 2091 555 2175 gratia,
588 2109 704 2152 omnes
737 2088 866 2153 similes
900 2088 1018 2153 modos
1051 2095 1086 2152 et
1119 2087 1280 2172 pacificae
1313 2093 1531 2173 possessionis

240 2199 485 2282 impedimenta
511 2195 603 2260 tollit
623 2203 658 2260 et
675 2197 837 2282 excludit,
861 2196 944 2261 dum
967 2195 1115 2281 reginali
1130 2194 1207 2280 fide,
1224 2199 1392 2261 sinceram
1416 2219 1532 2282 appro

239 2307 412 2370 mittimus
445 2303 612 2368 bonorum
645 2305 909 2368 restitutionem.
951 2301 1121 2366 Similiter
1153 2301 1301 2388 benigne
1340 2308 1532 2386 annuimus,

239 2435 282 2476 ne
300 2414 377 2496 quis
394 2431 632 2494 possessorum,
651 2409 712 2474 ubi
729 2412 877 2474 rusticus
900 2410 1084 2474 solvendae
1107 2410 1356 2476 contributioni
1383 2433 1447 2494 par
1470 2434 1534 2476 non

240 2523 315 2600 erit,
339 2521 520 2583 amissione
544 2516 711 2581 bonorum
734 2517 929 2583 mulctetur.
952 2517 1130 2601 Depositio
1150 2521 1256 2582 etiam
1272 2539 1449 2584 armorum
1468 2540 1534 2582 non

242 2647 281 2691 eo
304 2646 406 2690 sensu
437 2623 590 2709 intelligi
622 2623 733 2706 debet,
766 2627 864 2708 quasi
896 2646 966 2689 non
998 2625 1101 2690 liceat
1133 2625 1238 2690 alicui
1271 2647 1365 2690 arma
1388 2633 1534 2710 gestare,
1566 2669 1567 2706 5

238 2753 360 2797 verum
383 2753 518 2795 omnem
541 2730 771 2796 hostilitatem
794 2753 924 2795 cessare
948 2731 1080 2796 debere.
1104 2731 1242 2797 Licebit
1265 2734 1377 2817 igitur
1392 2733 1536 2820 Magna·

239 2838 342 2923 tibus,
366 2846 401 2903 61
424 2837 607 2922 nobilibus,
631 2859 815 2923 eorumque
833 2838 1059 2903 servitoribus
1083 2841 1181 2903 iuxta
1204 2841 1395 2923 antiquum,
1422 2862 1535 2925 recep

239 2953 380 3030 tumque
405 2966 533 3009 morem
556 2944 759 3028 nobilitatis,
792 2948 829 3009 in
852 2947 922 3009 suis
948 2947 1196 3031 praerogativis
1230 2965 1308 3009 cum
1339 2950 1535 3031 gestatione

238 3073 411 3117 armorum
435 3051 543 3132 (nullo
567 3059 682 3116 tamen
705 3050 872 3116 modoad
897 3051 1140 3115 offendendum
1165 3051 1297 3136 parato)
1329 3051 1441 3118 libere
1477 3056 1535 3136 uti,

238 3182 277 3224 ac
301 3160 466 3224 incedere.
499 3159 536 3223 Si
561 3180 660 3243 porro
692 3158 817 3242 aliqriis
841 3159 1091 3223 nonobstante
1115 3158 1179 3224 hac
1207 3160 1396 3224 amnistiali
1421 3165 1534 3247 gratia
1566 3181 1567 3198 ³

239 3266 396 3351 publicae
419 3288 479 3331 seu
503 3269 659 3351 privatae
683 3269 807 3351 regiae,
830 3265 887 3330 vel
911 3265 1031 3351 legalis
1054 3268 1160 3330 etiam
1183 3267 1360 3331 vindictae
1375 3289 1535 3334 successu

238 3376 402 3458 temporis
426 3373 654 3438 desumendae
678 3375 837 3438 timorem
860 3371 1080 3455 obtenderet;
1114 3375 1228 3459 regiae
1252 3373 1479 3460 benignitati,
1503 3385 1533 3441 et

237 3479 319 3544 fidei
343 3480 500 3564 publicae
524 3501 593 3544 non
616 3479 703 3545 levis
727 3501 787 3563 per
810 3479 873 3543 hoc
897 3478 1024 3564 injuria
1047 3479 1252 3545 inferretur:
1276 3478 1373 3565 cujus
1391 3493 1533 3566 paterna

238 3587 387 3652 charitas
419 3595 455 3652 et
483 3585 632 3671 justitia,
663 3586 795 3652 abolito
827 3589 962 3672 integre
990 3591 1084 3652 omni
1116 3591 1281 3654 anteriori
1313 3595 1421 3674 reatu,
1448 3591 1532 3656 hano

237 3695 385 3779 amplius
416 3695 655 3760 resumendam
687 3716 756 3758 non
789 3696 929 3778 patitur.
968 3695 1142 3760 Militibus
1181 3696 1319 3760 demum
1358 3696 1531 3762 inferioris

237 3804 377 3888 ordinis,
401 3803 544 3868 eandem
567 3803 798 3867 amnistialem
813 3806 962 3889 gratiam
986 3803 1147 3868 similiter
1170 3803 1318 3890 benigne
1337 3803 1531 3891 elargimur,

236 3933 346 3996 neque
370 3911 434 3976 ulli
458 3933 575 3977 eorum
597 3914 651 3975 vis
675 3910 863 3976 inferretur
885 3918 925 3975 ut
948 3914 1091 3977 servitia
1120 3933 1204 3976 caes.
1228 3914 1323 3997 regia
1355 3913 1530 3988 militaria,

236 4021 394 4101 sepositis
414 4015 488 4102 jam
511 4018 554 4083 ad
578 4021 730 4102 quietem
753 4038 870 4082 eorum
893 4021 998 4082 armis
1015 4024 1050 4082 et
1066 4021 1190 4082 animis
1206 4019 1359 4102 accipere
1380 4027 1529 4106 cogatur,

236 4125 346 4190 solum
369 4132 409 4189 ut
433 4128 597 4209 praestito
621 4124 800 4189 fidelitatis
820 4122 1026 4209 juramento,
1050 4125 1092 4189 ad
1117 4147 1194 4190 suas
1218 4125 1319 4190 aedes
1343 4125 1528 4202 discedant

235 4231 353 4317 ibique
377 4234 608 4297 oeconomiam
632 4232 754 4317 colant,
788 4239 823 4296 et
855 4235 971 4317 quiete
995 4254 1031 4297 se
1054 4255 1090 4298 se
1113 4235 1323 4297 contineant.
1356 4233 1527 4300 Militibus

236 4359 317 4405 vero
334 4345 529 4404 exterarum
544 4343 732 4422 nationum,
748 4347 788 4402 ut
805 4345 901 4424 pote:
924 4339 1115 4421 Germanis,
1135 4338 1256 4422 Gallis,
1273 4339 1406 4424 SveviS,
1423 4341 1528 4422 Italis,

235 4446 380 4532 aliisque
412 4445 501 4510 liber
523 4447 723 4511 conceditur
746 4467 863 4530 passus
896 4446 939 4510 ad
963 4465 1041 4514 suos
1064 4445 1240 4530 redeundi,
1274 4449 1430 4530 exceptis
1454 4448 1527 4528 illis,

236 4555 296 4638 qui
319 4576 361 4618 ex
384 4553 612 4640 regiminibus
635 4575 720 4618 caes.
739 4555 844 4638 regiis
862 4551 1114 4638 profugissent5
1138 4552 1263 4638 quibus
1280 4560 1398 4618 tamen
1415 4575 1528 4638 poena,

235 4683 340 4745 quam
378 4667 530 4745 propter
555 4661 784 4728 desertionem
822 4663 1031 4746 regiminum
1069 4663 1282 4745 memissent,
1329 4665 1527 4728 remittitur.
