3124 5216
1282 388 1347 453 719

46 585 208 664 randum,
246 590 286 648 ut
324 582 445 647 harum
484 604 598 648 rerum
637 586 765 648 semina
799 586 926 648 teneris
959 606 1142 670 puerorum
1173 584 1348 650 mantibus

46 699 188 756 mature
212 693 415 771 inserantur,
442 697 556 755 aetate
595 691 810 756 adolescente
843 691 1036 774 foveantur,
1069 714 1108 756 ac
1141 691 1281 756 tandem
1304 693 1347 756 ad

48 798 191 882 plenam
222 800 461 864 maturitatem
499 805 534 862 et
573 796 819 882 perfectionem
856 799 1081 864 adducantur.
1119 799 1231 876 Quare
1270 820 1348 864 cum

46 913 165 970 cetera
199 907 321 986 omnia,
354 911 430 968 tum
469 903 556 968 illud
594 901 762 987 majorum
799 908 962 972 instituto
1000 907 1251 988 sapientissime
1296 915 1347 970 est

47 1015 238 1094 provisum,
261 1017 302 1075 ut
324 1033 482 1094 suprema
506 1011 719 1078 educationis
736 1017 939 1096 procuratio,
963 1012 1197 1097 bonorumque
1220 1015 1348 1076 artium

45 1120 307 1184 administratio
331 1141 349 1184 e
374 1118 509 1202 placitis
533 1117 649 1204 legum
682 1119 947 1186 domesticarum
970 1123 1061 1186 inter
1083 1119 1170 1184 Jura
1192 1118 1348 1204 Regibus

46 1231 137 1311 ipsis
161 1233 334 1292 reservata
357 1224 562 1308 referretur;
595 1228 668 1310 ipsa
700 1247 782 1290 vero
814 1229 906 1291 tanti
929 1230 1062 1312 negotii
1084 1229 1240 1292 executio
1265 1227 1349 1310 poli-

47 1337 133 1400 ticis
156 1335 272 1419 Regni
295 1331 541 1398 Tribunalibus
575 1333 844 1416 concrederetur,
877 1340 916 1398 ut
948 1335 1113 1398 nimirum
1136 1337 1246 1398 omnis
1269 1333 1349 1397 ado-

45 1443 242 1508 lescentum
266 1443 450 1523 institutio,
474 1447 577 1525 atque
601 1439 780 1504 literarum
813 1441 967 1505 studium
1000 1441 1067 1506 buc
1100 1444 1198 1506 unice
1223 1442 1348 1526 dirige·

47 1557 167 1614 retur:
190 1557 230 1612 ut
243 1551 354 1614 teneri
370 1549 555 1614 eorundem
571 1552 678 1614 animi
694 1552 837 1615 virtutis
857 1571 970 1614 amore
990 1553 1115 1614 sensim
1129 1557 1348 1633 caperentur,

46 1665 90 1722 ut
117 1659 241 1722 insitae
264 1678 284 1720 a
316 1654 404 1722 bona
427 1665 551 1722 natura
575 1657 759 1722 facultates
783 1657 1052 1741 perpolirentur3
1081 1667 1120 1722 ut
1144 1661 1198 1722 vis
1221 1657 1349 1721 intelli-

45 1767 159 1852 gendi
182 1765 393 1848 pedetentim
416 1775 612 1848 acueretur,
646 1775 685 1831 ut
717 1765 879 1833 voluntas
900 1766 944 1830 ad
968 1766 1104 1830 honesti
1128 1765 1219 1849 leges
1242 1763 1349 1848 finge·

46 1883 167 1956 retur,
191 1881 230 1938 ut
254 1876 296 1938 iis
320 1873 452 1939 artibus
484 1875 712 1956 erudirentur,
745 1876 893 1959 quaein
929 1880 1102 1957 posterum
1125 1875 1204 1936 usui
1227 1873 1348 1956 cuique

45 1991 157 2067 atque
180 1981 410 2047 emolumento
440 2005 512 2046 esse
537 1985 685 2065 possint,
718 1983 865 2067 denique
896 1990 937 2046 ut
969 1978 1158 2066 aequabilis
1182 1979 1349 2064 queadam

47 2090 256 2170 studiorum,
280 2111 319 2152 ac
343 2092 451 2154 totius
474 2090 687 2154 educationis
719 2088 830 2154 forma
857 2090 979 2174 Regno
1004 2096 1077 2152 toto
1101 2086 1349 2166 observaretur,

48 2200 310 2282 praesentisque
335 2200 491 2261 instituti
514 2195 648 2260 fructus
672 2197 714 2260 ad
739 2217 855 2260 omnes
879 2219 920 2259 ex
944 2215 1052 2280 aequo
1076 2197 1272 2276 pertineret.

162 2300 190 2386 ξ.
213 2303 259 2368 ΙΙ.
283 2303 334 2368 De
358 2305 409 2386 iis,
433 2326 519 2389 quae
544 2306 581 2366 in
613 2303 789 2367 educanda
813 2311 848 2367 et
872 2301 1059 2366 erudienda
1079 2297 1265 2384 juveutute
1290 2322 1350 2384 per

48 2413 281 2496 Hungariam,
305 2414 404 2496 eique
428 2410 577 2474 adnexas
601 2411 801 2476 Provincias
824 2408 1036 2473 observanda
1059 2414 1149 2472 sunt.

162 2519 212 2584 Ut
235 2525 351 2582 autem
376 2539 533 2600 praesens
567 2518 779 2580 educationis
803 2527 906 2602 atque
930 2515 1124 2579 studiorum
1148 2519 1349 2580 institutum

46 2627 95 2690 ad
121 2625 205 2689 fines
228 2625 328 2689 hosce
352 2628 479 2688 certius
511 2631 546 2688 61
580 2627 793 2688 constantius
816 2623 1042 2708 assequendos
1066 2623 1349 2702 accommodetur,

47 2735 121 2796 tria
146 2733 362 2815 potissimum
385 2732 498 2812 capita
522 2729 580 2794 1116
612 2737 713 2793 616111
746 2729 977 2812 expendenda.
1002 2729 1183 2793 Nimirum.
1209 2731 1237 2792 1.
1261 2729 1350 2806 1166·

47 2859 211 2902 rumnam
235 2837 410 2901 commodo
434 2840 544 2900 omnis
559 2836 642 2900 haec
659 2839 835 2901 institutio
858 2839 1074 2920 suscipiatur.
1090 2838 1119 2902 2.
1136 2835 1348 2914 Quibusnam

47 2945 188 3012 artibus
211 2953 246 3009 et
270 2945 461 3027 disciplinis
495 2948 541 3008 sit
580 2943 765 3008 imbuenda
793 2941 960 3027 juventus
993 2951 1065 3010 tam
1091 2948 1127 3008 in
1159 2943 1349 3008 minoribus

48 3076 157 3140 quam
181 3055 218 3118 in
241 3049 428 3134 majoribus
468 3052 558 3116 ludis
596 3052 768 3116 literariis.
809 3052 837 3116 3.
876 3051 1031 3127 Quanam
1070 3054 1203 3115 ratione
1236 3061 1349 3115 rectus

48 3184 169 3227 rerum
192 3161 438 3225 tradendarum
461 3161 544 3224 ordo
577 3159 724 3224 firmiter
755 3182 793 3223 ac
828 3167 991 3243 perpetuo
1016 3160 1123 3240 possit
1147 3161 1349 3221 conservari.

162 3265 190 3350 ξ.
200 3267 263 3332 HL
274 3267 325 3330 De
336 3269 386 3348 iis,
396 3289 541 3352 quorum
552 3268 729 3332 commodo
740 3270 850 3332 omnis
865 3267 947 3331 haec
963 3269 1138 3330 institutio
1155 3269 1349 3349 suscipitur.

162 3373 259 3450 Quod
283 3374 326 3436 ad
351 3376 499 3456 primum
523 3377 659 3456 attinet,
683 3377 720 3437 in
742 3382 861 3458 aperto
884 3383 945 3454 est,
968 3371 1032 3436 hoc
1056 3373 1268 3436 educationis
1293 3394 1350 3435 ne-

48 3483 189 3566 gotium
212 3481 255 3543 ad
280 3483 395 3544 omnia
419 3483 547 3546 civium
570 3489 674 3565 atque
698 3480 886 3544 incolarum
910 3501 1035 3564 genera
1060 3483 1239 3563 pertinere,
1263 3501 1349 3564 quae

50 3610 171 3653 rursus
195 3587 331 3671 triplice
355 3610 397 3651 ex
421 3591 533 3671 capite
550 3595 692 3671 possunt
708 3590 863 3671 spectari,
887 3587 1019 3651 scilicet
1044 3589 1072 3651 1.
1096 3610 1137 3650 ex
1161 3591 1349 3668 nationum,

50 3699 83 3760 2.
106 3719 149 3760 611
182 3695 397 3779 religionum,
431 3697 459 3760 3.
493 3718 534 3759 ex
568 3697 805 3760 conditionum
836 3698 1014 3760 varietate.
1048 3696 1159 3772 Quare
1192 3718 1233 3759 ne
1258 3697 1348 3780 quod

51 3803 233 3868 hominum
265 3803 373 3886 genus
406 3802 622 3867 saluberrimi
655 3801 757 3886 hujus
797 3805 952 3867 instituti
985 3801 1103 3866 fructu
1135 3811 1258 3884 661661,
1282 3805 1349 3866 1116

50 3911 137 3976 haec
160 3912 197 3973 in
220 3910 526 3974 considerationem
549 3914 668 3974 venire
701 3909 835 3973 debent.
868 3910 915 3973 Et
939 3911 1078 3995 quidem
1104 3913 1132 3974 1.
1160 3911 1349 3974 Nationum

50 4020 213 4082 varietas
235 4017 384 4099 Nemini,
407 4018 625 4102 quiquidem
650 4021 686 4082 in
709 4017 810 4081 rebus
834 4017 1033 4102 Hungariae
1059 4021 1257 4102 peregrinus
1281 4041 1350 4082 non

51 4129 109 4209 sit,
134 4133 246 4209 potest
271 4147 342 4189 esse
366 4124 518 4204 dubium,
548 4129 584 4189 in
616 4126 738 4209 Regno
771 4125 844 4207 hoc,
877 4147 916 4189 ac
940 4126 1133 4188 Provinciis
1157 4126 1268 4189 eidem
1291 4127 1349 4189 ad-

52 4236 152 4298 nexis
176 4240 311 4317 praeter
333 4235 480 4297 minores
504 4233 597 4316 alias,
621 4243 752 4317 septem
768 4237 906 4298 omnino
930 4236 1060 4297 censeri
1083 4237 1239 4298 nationes
1256 4257 1349 4318 prae-

52 4345 181 4425 cipuas,
204 4363 326 4425 easque
349 4341 535 4404 admodum
550 4363 755 4422 numerosae,
771 4363 857 4425 quae
881 4340 1000 4423 lingua
1024 4341 1210 4423 plurimum
1226 4343 1349 4406 discre-

54 4457 148 4533 pant,
163 4447 344 4514 videlicet:
368 4449 403 4530 a)
420 4449 603 4534 Hungaroa
621 4453 755 4532 proprie
775 4449 893 4531 dictos,
910 4449 941 4530 b)
958 4448 1154 4532 Germanos,
1171 4451 1202 4531 c)
1220 4450 1349 4532 Slavos,

54 4557 90 4637 d)
115 4554 267 4636 Oroates,
290 4555 320 4636 a)
345 4554 534 4636 Ruthenos,
558 4555 589 4636 f)
622 4555 770 4640 Illyrios,
800 4557 837 4640 9)
861 4554 1038 4638 Valachos,
1062 4559 1122 4640 11111
1144 4579 1261 4621 omnes
1285 4557 1349 4621 lin·

54 4663 133 4744 guis
156 4667 304 4725 utuntur
337 4665 489 4744 propriis,
522 4660 737 4746 multumque
770 4664 861 4726 inter
892 4683 927 4724 se
951 4661 1205 4730 dissidentibus.
1230 4665 1258 4728 2.
1284 4665 1350 4728 Va-
