<?xml version="1.0" encoding="UTF-8"?>
<!DOCTYPE html PUBLIC "-//W3C//DTD XHTML 1.0 Transitional//EN"
    "http://www.w3.org/TR/xhtml1/DTD/xhtml1-transitional.dtd">
<html xmlns="http://www.w3.org/1999/xhtml" xml:lang="en" lang="en">
 <head>
  <title>
</title>
<meta http-equiv="Content-Type" content="text/html;charset=utf-8" />
  <meta name='ocr-system' content='tesseract 3.04.00' />
  <meta name='ocr-capabilities' content='ocr_page ocr_carea ocr_par ocr_line ocrx_word'/>
</head>
<body>
  <div class='ocr_page' id='page_1' title='image "./enchiridionfont00marcgoog_0416.png"; bbox 0 0 3138 5212; ppageno 0'>
   <div class='ocr_carea' id='block_1_1' title="bbox 207 329 273 393">
    <p class='ocr_par' dir='ltr' id='par_1_1' title="bbox 207 329 273 393">
     <span class='ocr_line' id='line_1_1' title="bbox 207 329 273 393; baseline 0 -1"><span class='ocrx_word' id='word_1_1' title='bbox 207 329 273 393; x_wconf 85' lang='grc'>394</span> 
     </span>
    </p>
   </div>
   <div class='ocr_carea' id='block_1_2' title="bbox 207 523 1506 870">
    <p class='ocr_par' dir='ltr' id='par_1_2' title="bbox 207 523 1506 870">
     <span class='ocr_line' id='line_1_2' title="bbox 207 523 1506 621; baseline -0.008 -17"><span class='ocrx_word' id='word_1_2' title='bbox 207 530 379 604; x_wconf 90' lang='lat' dir='ltr'>Hatvani</span> <span class='ocrx_word' id='word_1_3' title='bbox 415 527 574 621; x_wconf 77' lang='lat' dir='ltr'>Mihaly,</span> <span class='ocrx_word' id='word_1_4' title='bbox 611 527 775 621; x_wconf 84' lang='lat' dir='ltr'>Magyar</span> <span class='ocrx_word' id='word_1_5' title='bbox 813 525 1044 599; x_wconf 72' lang='lat' dir='ltr'>Torte&#39;nelmi</span> <span class='ocrx_word' id='word_1_6' title='bbox 1081 524 1278 614; x_wconf 76' lang='lat' dir='ltr'>leekelr‚</span> <span class='ocrx_word' id='word_1_7' title='bbox 1308 523 1506 618; x_wconf 86' lang='lat' dir='ltr'>Okma&#39;ny-</span> 
     </span>
     <span class='ocr_line' id='line_1_3' title="bbox 208 648 1506 744; baseline -0.005 -16"><span class='ocrx_word' id='word_1_8' title='bbox 208 657 331 728; x_wconf 75' lang='lat' dir='ltr'>tarak.</span> <span class='ocrx_word' id='word_1_9' title='bbox 369 656 417 728; x_wconf 91' lang='grc' dir='ltr'>ΙΙ.</span> <span class='ocrx_word' id='word_1_10' title='bbox 454 655 491 726; x_wconf 84' lang='lat' dir='ltr'>k.</span> <span class='ocrx_word' id='word_1_11' title='bbox 532 657 672 727; x_wconf 86' lang='lat'><strong>3-17.</strong></span> <span class='ocrx_word' id='word_1_12' title='bbox 701 652 723 724; x_wconf 95' lang='lat' dir='ltr'>l.</span> <span class='ocrx_word' id='word_1_13' title='bbox 760 652 798 724; x_wconf 82' lang='lat' dir='ltr'>A</span> <span class='ocrx_word' id='word_1_14' title='bbox 826 651 1043 723; x_wconf 75' lang='lat' dir='ltr'>maeodilrat</span> <span class='ocrx_word' id='word_1_15' title='bbox 1081 649 1200 723; x_wconf 81' lang='lat' dir='ltr'>Ja‘nos</span> <span class='ocrx_word' id='word_1_16' title='bbox 1238 648 1365 741; x_wconf 76' lang='lat' dir='ltr'>kiraly</span> <span class='ocrx_word' id='word_1_17' title='bbox 1400 674 1506 744; x_wconf 87' lang='lat' dir='ltr'>meg-</span> 
     </span>
     <span class='ocr_line' id='line_1_4' title="bbox 208 772 1506 870; baseline -0.007 -14"><span class='ocrx_word' id='word_1_18' title='bbox 208 781 448 856; x_wconf 76' lang='lat' dir='ltr'>erdsite&#39;sevel</span> <span class='ocrx_word' id='word_1_19' title='bbox 477 781 613 852; x_wconf 89' lang='lat' dir='ltr'>kiadta</span> <span class='ocrx_word' id='word_1_20' title='bbox 640 777 892 852; x_wconf 70' lang='lat' dir='ltr'>Utieienovic.</span> <span class='ocrx_word' id='word_1_21' title='bbox 922 776 1050 848; x_wconf 86' lang='lat' dir='ltr'>Leben</span> <span class='ocrx_word' id='word_1_22' title='bbox 1070 775 1134 848; x_wconf 89' lang='lat' dir='ltr'>des</span> <span class='ocrx_word' id='word_1_23' title='bbox 1155 773 1353 847; x_wconf 83' lang='lat' dir='ltr'>Cardinals</span> <span class='ocrx_word' id='word_1_24' title='bbox 1374 772 1506 870; x_wconf 88' lang='lat' dir='ltr'>Georg</span> 
     </span>
    </p>
   </div>
   <div class='ocr_carea' id='block_1_3' title="bbox 208 905 681 982">
    <p class='ocr_par' dir='ltr' id='par_1_3' title="bbox 208 905 681 982">
     <span class='ocr_line' id='line_1_5' title="bbox 208 905 681 982; baseline -0.015 0"><span class='ocrx_word' id='word_1_25' title='bbox 208 908 460 982; x_wconf 90' lang='lat' dir='ltr'>Utiesenovic.</span> <span class='ocrx_word' id='word_1_26' title='bbox 491 911 631 978; x_wconf 80' lang='lat'>2-15.</span> <span class='ocrx_word' id='word_1_27' title='bbox 660 905 681 976; x_wconf 93' lang='lat' dir='ltr'>l.</span> 
     </span>
    </p>
   </div>
   <div class='ocr_carea' id='block_1_4' title="bbox 210 1162 1502 1395">
    <p class='ocr_par' dir='ltr' id='par_1_4' title="bbox 210 1162 1502 1395">
     <span class='ocr_line' id='line_1_6' title="bbox 499 1162 1213 1254; baseline -0.007 -19"><span class='ocrx_word' id='word_1_28' title='bbox 499 1167 539 1235; x_wconf 86' lang='lat' dir='ltr'>A</span> <span class='ocrx_word' id='word_1_29' title='bbox 561 1163 840 1254; x_wconf 59' lang='lat' dir='ltr'>nagyuaradi</span> <span class='ocrx_word' id='word_1_30' title='bbox 862 1162 969 1232; x_wconf 77' lang='lat' dir='ltr'>beke</span> <span class='ocrx_word' id='word_1_31' title='bbox 992 1162 1213 1251; x_wconf 74' lang='lat' dir='ltr'>okmanya.</span> 
     </span>
     <span class='ocr_line' id='line_1_7' title="bbox 210 1320 1502 1395; baseline -0.005 -15"><span class='ocrx_word' id='word_1_32' title='bbox 210 1327 380 1380; x_wconf 76' lang='lat' dir='ltr'>Ferdintnd</span> <span class='ocrx_word' id='word_1_33' title='bbox 399 1327 511 1380; x_wconf 75' lang='lat' dir='ltr'>ttirata</span> <span class='ocrx_word' id='word_1_34' title='bbox 530 1327 642 1380; x_wconf 87' lang='lat' dir='ltr'>szerint</span> <span class='ocrx_word' id='word_1_35' title='bbox 670 1343 684 1378; x_wconf 91' lang='lat' dir='ltr'>s</span> <span class='ocrx_word' id='word_1_36' title='bbox 712 1323 981 1395; x_wconf 72' lang='lat' dir='ltr'>megerdsite&#39;sevel.</span> <span class='ocrx_word' id='word_1_37' title='bbox 1002 1323 1146 1390; x_wconf 83' lang='lat' dir='ltr'>Boroszld,</span> <span class='ocrx_word' id='word_1_38' title='bbox 1168 1323 1244 1376; x_wconf 78' lang='lat'>1538.</span> <span class='ocrx_word' id='word_1_39' title='bbox 1261 1322 1366 1392; x_wconf 86' lang='lat' dir='ltr'>junius</span> <span class='ocrx_word' id='word_1_40' title='bbox 1388 1320 1502 1374; x_wconf 83' lang='lat' dir='ltr'>lO-ke&#39;n.</span> 
     </span>
    </p>
   </div>
   <div class='ocr_carea' id='block_1_5' title="bbox 210 1469 1503 1772">
    <p class='ocr_par' dir='ltr' id='par_1_5' title="bbox 210 1469 1503 1772">
     <span class='ocr_line' id='line_1_8' title="bbox 316 1469 1503 1556; baseline -0.007 -16"><span class='ocrx_word' id='word_1_41' title='bbox 316 1475 361 1548; x_wconf 79' lang='lat' dir='ltr'>(A</span> <span class='ocrx_word' id='word_1_42' title='bbox 385 1474 500 1539; x_wconf 73' lang='lat' dir='ltr'>Mario</span> <span class='ocrx_word' id='word_1_43' title='bbox 524 1474 683 1554; x_wconf 71' lang='lat' dir='ltr'>kirdlyae‘</span> <span class='ocrx_word' id='word_1_44' title='bbox 694 1476 848 1538; x_wconf 70' lang='lat' dir='ltr'>sanmuro</span> <span class='ocrx_word' id='word_1_45' title='bbox 868 1473 995 1538; x_wconf 68' lang='lat' dir='ltr'>arturit</span> <span class='ocrx_word' id='word_1_46' title='bbox 1013 1493 1065 1538; x_wconf 84' lang='lat' dir='ltr'>sa</span> <span class='ocrx_word' id='word_1_47' title='bbox 1087 1471 1224 1536; x_wconf 79' lang='lat' dir='ltr'>britsseli</span> <span class='ocrx_word' id='word_1_48' title='bbox 1247 1473 1396 1556; x_wconf 74' lang='lat' dir='ltr'>orszdpos</span> <span class='ocrx_word' id='word_1_49' title='bbox 1411 1469 1503 1534; x_wconf 75' lang='lat' dir='ltr'>level-</span> 
     </span>
     <span class='ocr_line' id='line_1_9' title="bbox 210 1577 1503 1663; baseline -0.004 -17"><span class='ocrx_word' id='word_1_50' title='bbox 210 1583 327 1648; x_wconf 73' lang='lat' dir='ltr'>tar-tan</span> <span class='ocrx_word' id='word_1_51' title='bbox 352 1582 468 1648; x_wconf 65' lang='lat' dir='ltr'>&amp;sirati</span> <span class='ocrx_word' id='word_1_52' title='bbox 491 1581 681 1659; x_wconf 73' lang='lat' dir='ltr'>masolulro‘l,</span> <span class='ocrx_word' id='word_1_53' title='bbox 715 1580 829 1645; x_wconf 68' lang='lat' dir='ltr'>cicuta</span> <span class='ocrx_word' id='word_1_54' title='bbox 862 1580 1017 1646; x_wconf 78' lang='lat' dir='ltr'>Hatvani</span> <span class='ocrx_word' id='word_1_55' title='bbox 1049 1579 1190 1663; x_wconf 63' lang='lat' dir='ltr'>narrata.</span> <span class='ocrx_word' id='word_1_56' title='bbox 1220 1579 1365 1663; x_wconf 74' lang='lat' dir='ltr'>Mapycr</span> <span class='ocrx_word' id='word_1_57' title='bbox 1391 1577 1503 1643; x_wconf 65' lang='lat' dir='ltr'>Torta-</span> 
     </span>
     <span class='ocr_line' id='line_1_10' title="bbox 213 1687 1324 1772; baseline -0.001 -19"><span class='ocrx_word' id='word_1_58' title='bbox 213 1691 310 1756; x_wconf 83' lang='lat' dir='ltr'>aelmi</span> <span class='ocrx_word' id='word_1_59' title='bbox 334 1691 498 1756; x_wconf 66' lang='lat' dir='ltr'>Emicat.</span> <span class='ocrx_word' id='word_1_60' title='bbox 523 1690 550 1755; x_wconf 91' lang='lat' dir='ltr'>I.</span> <span class='ocrx_word' id='word_1_61' title='bbox 575 1694 650 1754; x_wconf 74' lang='lat' dir='ltr'>caat.</span> <span class='ocrx_word' id='word_1_62' title='bbox 681 1688 943 1772; x_wconf 76' lang='lat' dir='ltr'>Okrrrdaytdrak.</span> <span class='ocrx_word' id='word_1_63' title='bbox 973 1689 1023 1754; x_wconf 91' lang='lat' dir='ltr'>II.</span> <span class='ocrx_word' id='word_1_64' title='bbox 1049 1689 1109 1753; x_wconf 73' lang='lat' dir='ltr'>kat.</span> <span class='ocrx_word' id='word_1_65' title='bbox 1133 1689 1255 1754; x_wconf 81' lang='lat'><em>3-17.</em></span> <span class='ocrx_word' id='word_1_66' title='bbox 1280 1687 1324 1767; x_wconf 76' lang='lat' dir='ltr'>l).</span> 
     </span>
    </p>
   </div>
   <div class='ocr_carea' id='block_1_6' title="bbox 209 1885 1501 2076">
    <p class='ocr_par' dir='ltr' id='par_1_6' title="bbox 209 1885 1501 2076">
     <span class='ocr_line' id='line_1_11' title="bbox 316 1885 1501 1970; baseline -0.003 -20"><span class='ocrx_word' id='word_1_67' title='bbox 316 1888 358 1950; x_wconf 91' lang='lat' dir='ltr'>In</span> <span class='ocrx_word' id='word_1_68' title='bbox 382 1887 528 1950; x_wconf 86' lang='lat' dir='ltr'>Nomine</span> <span class='ocrx_word' id='word_1_69' title='bbox 552 1887 697 1950; x_wconf 80' lang='lat' dir='ltr'>Sanctae</span> <span class='ocrx_word' id='word_1_70' title='bbox 722 1893 756 1949; x_wconf 89' lang='lat' dir='ltr'>et</span> <span class='ocrx_word' id='word_1_71' title='bbox 780 1886 979 1950; x_wconf 71' lang='lat' dir='ltr'>individuae</span> <span class='ocrx_word' id='word_1_72' title='bbox 1003 1885 1195 1970; x_wconf 82' lang='lat' dir='ltr'>Trinitatis,</span> <span class='ocrx_word' id='word_1_73' title='bbox 1220 1888 1335 1951; x_wconf 88' lang='lat' dir='ltr'>Patris</span> <span class='ocrx_word' id='word_1_74' title='bbox 1359 1895 1394 1950; x_wconf 89' lang='lat' dir='ltr'>et</span> <span class='ocrx_word' id='word_1_75' title='bbox 1418 1885 1501 1949; x_wconf 88' lang='lat' dir='ltr'>Filii</span> 
     </span>
     <span class='ocr_line' id='line_1_12' title="bbox 209 1993 710 2076; baseline 0.002 -20"><span class='ocrx_word' id='word_1_76' title='bbox 209 2005 243 2057; x_wconf 88' lang='lat' dir='ltr'>et</span> <span class='ocrx_word' id='word_1_77' title='bbox 267 1993 416 2076; x_wconf 82' lang='lat' dir='ltr'>Spiritus</span> <span class='ocrx_word' id='word_1_78' title='bbox 441 1995 566 2058; x_wconf 83' lang='lat' dir='ltr'>Sancti.</span> <span class='ocrx_word' id='word_1_79' title='bbox 591 1994 710 2058; x_wconf 88' lang='lat' dir='ltr'>Amen.</span> 
     </span>
    </p>
   </div>
   <div class='ocr_carea' id='block_1_7' title="bbox 210 2137 1505 2973">
    <p class='ocr_par' dir='ltr' id='par_1_7' title="bbox 210 2137 1505 2973">
     <span class='ocr_line' id='line_1_13' title="bbox 318 2137 1503 2202; baseline 0 -2"><span class='ocrx_word' id='word_1_80' title='bbox 318 2137 388 2200; x_wconf 89' lang='lat' dir='ltr'>Nos</span> <span class='ocrx_word' id='word_1_81' title='bbox 412 2137 651 2202; x_wconf 85' lang='lat' dir='ltr'>Ferdinandus</span> <span class='ocrx_word' id='word_1_82' title='bbox 668 2138 786 2201; x_wconf 87' lang='lat' dir='ltr'>divina</span> <span class='ocrx_word' id='word_1_83' title='bbox 803 2137 943 2201; x_wconf 86' lang='lat' dir='ltr'>favente</span> <span class='ocrx_word' id='word_1_84' title='bbox 963 2139 1144 2202; x_wconf 90' lang='lat' dir='ltr'>clementia</span> <span class='ocrx_word' id='word_1_85' title='bbox 1168 2139 1401 2202; x_wconf 88' lang='lat' dir='ltr'>Romanorum</span> <span class='ocrx_word' id='word_1_86' title='bbox 1425 2137 1503 2200; x_wconf 86' lang='lat' dir='ltr'>Rex</span> 
     </span>
     <span class='ocr_line' id='line_1_14' title="bbox 210 2244 1503 2330; baseline 0 -22"><span class='ocrx_word' id='word_1_87' title='bbox 210 2267 342 2328; x_wconf 77' lang='lat' dir='ltr'>semper</span> <span class='ocrx_word' id='word_1_88' title='bbox 364 2251 531 2330; x_wconf 86' lang='lat' dir='ltr'>augustus</span> <span class='ocrx_word' id='word_1_89' title='bbox 555 2253 589 2309; x_wconf 88' lang='lat' dir='ltr'>et</span> <span class='ocrx_word' id='word_1_90' title='bbox 612 2246 825 2322; x_wconf 79' lang='lat' dir='ltr'>Germaniae,</span> <span class='ocrx_word' id='word_1_91' title='bbox 849 2245 1058 2330; x_wconf 87' lang='lat' dir='ltr'>Hungariae,</span> <span class='ocrx_word' id='word_1_92' title='bbox 1081 2245 1275 2320; x_wconf 88' lang='lat' dir='ltr'>Bohemiae,</span> <span class='ocrx_word' id='word_1_93' title='bbox 1299 2244 1503 2325; x_wconf 73' lang='lat' dir='ltr'>Dalmatiae,</span> 
     </span>
     <span class='ocr_line' id='line_1_15' title="bbox 210 2352 1504 2436; baseline -0.002 -20"><span class='ocrx_word' id='word_1_94' title='bbox 210 2353 368 2416; x_wconf 81' lang='lat' dir='ltr'>Oroatiae</span> <span class='ocrx_word' id='word_1_95' title='bbox 393 2352 573 2416; x_wconf 85' lang='lat' dir='ltr'>Slavoniae</span> <span class='ocrx_word' id='word_1_96' title='bbox 597 2353 682 2432; x_wconf 86' lang='lat' dir='ltr'>Rex,</span> <span class='ocrx_word' id='word_1_97' title='bbox 706 2353 825 2416; x_wconf 85' lang='lat' dir='ltr'>Infans</span> <span class='ocrx_word' id='word_1_98' title='bbox 858 2354 1113 2436; x_wconf 79' lang='lat' dir='ltr'>Hispaniarum,</span> <span class='ocrx_word' id='word_1_99' title='bbox 1136 2353 1316 2418; x_wconf 85' lang='lat' dir='ltr'>Archidux</span> <span class='ocrx_word' id='word_1_100' title='bbox 1341 2353 1504 2416; x_wconf 86' lang='lat' dir='ltr'>Austriae</span> 
     </span>
     <span class='ocr_line' id='line_1_16' title="bbox 210 2458 1504 2545; baseline -0.002 -23"><span class='ocrx_word' id='word_1_101' title='bbox 210 2469 273 2522; x_wconf 90' lang='lat' dir='ltr'>etc.</span> <span class='ocrx_word' id='word_1_102' title='bbox 296 2466 360 2522; x_wconf 91' lang='lat' dir='ltr'>etc.</span> <span class='ocrx_word' id='word_1_103' title='bbox 384 2459 568 2523; x_wconf 82' lang='lat' dir='ltr'>Memoriae</span> <span class='ocrx_word' id='word_1_104' title='bbox 592 2461 867 2524; x_wconf 83' lang='lat' dir='ltr'>commendamus</span> <span class='ocrx_word' id='word_1_105' title='bbox 883 2461 1008 2545; x_wconf 89' lang='lat' dir='ltr'>quibus</span> <span class='ocrx_word' id='word_1_106' title='bbox 1032 2461 1172 2544; x_wconf 86' lang='lat' dir='ltr'>expedit</span> <span class='ocrx_word' id='word_1_107' title='bbox 1189 2461 1375 2524; x_wconf 88' lang='lat' dir='ltr'>universis:</span> <span class='ocrx_word' id='word_1_108' title='bbox 1402 2458 1504 2542; x_wconf 87' lang='lat' dir='ltr'>quod,</span> 
     </span>
     <span class='ocr_line' id='line_1_17' title="bbox 211 2565 1505 2653; baseline -0.001 -25"><span class='ocrx_word' id='word_1_109' title='bbox 211 2587 289 2628; x_wconf 91' lang='lat' dir='ltr'>curn</span> <span class='ocrx_word' id='word_1_110' title='bbox 312 2565 375 2629; x_wconf 89' lang='lat' dir='ltr'>hoc</span> <span class='ocrx_word' id='word_1_111' title='bbox 400 2588 544 2650; x_wconf 87' lang='lat' dir='ltr'>regnum</span> <span class='ocrx_word' id='word_1_112' title='bbox 567 2566 732 2632; x_wconf 85' lang='lat' dir='ltr'>Nostrum</span> <span class='ocrx_word' id='word_1_113' title='bbox 757 2568 935 2653; x_wconf 89' lang='lat' dir='ltr'>Hungarie</span> <span class='ocrx_word' id='word_1_114' title='bbox 969 2567 1012 2632; x_wconf 91' lang='lat' dir='ltr'>ob</span> <span class='ocrx_word' id='word_1_115' title='bbox 1035 2589 1073 2630; x_wconf 90' lang='lat' dir='ltr'>ea</span> <span class='ocrx_word' id='word_1_116' title='bbox 1111 2566 1217 2647; x_wconf 89' lang='lat' dir='ltr'>Bella,</span> <span class='ocrx_word' id='word_1_117' title='bbox 1240 2587 1327 2650; x_wconf 90' lang='lat' dir='ltr'>quae</span> <span class='ocrx_word' id='word_1_118' title='bbox 1353 2573 1428 2648; x_wconf 89' lang='lat' dir='ltr'>post</span> <span class='ocrx_word' id='word_1_119' title='bbox 1453 2567 1505 2627; x_wconf 91' lang='lat' dir='ltr'>in-</span> 
     </span>
     <span class='ocr_line' id='line_1_18' title="bbox 212 2672 1505 2758; baseline 0 -24"><span class='ocrx_word' id='word_1_120' title='bbox 212 2674 353 2735; x_wconf 88' lang='lat' dir='ltr'>teritum</span> <span class='ocrx_word' id='word_1_121' title='bbox 377 2672 456 2736; x_wconf 89' lang='lat' dir='ltr'>dive</span> <span class='ocrx_word' id='word_1_122' title='bbox 480 2675 641 2737; x_wconf 85' lang='lat' dir='ltr'>memorie</span> <span class='ocrx_word' id='word_1_123' title='bbox 666 2676 872 2738; x_wconf 85' lang='lat' dir='ltr'>serenissimi</span> <span class='ocrx_word' id='word_1_124' title='bbox 896 2673 1002 2758; x_wconf 87' lang='lat' dir='ltr'>Regis</span> <span class='ocrx_word' id='word_1_125' title='bbox 1033 2673 1201 2737; x_wconf 87' lang='lat' dir='ltr'>Ludovici</span> <span class='ocrx_word' id='word_1_126' title='bbox 1231 2673 1362 2737; x_wconf 88' lang='lat' dir='ltr'>domini</span> <span class='ocrx_word' id='word_1_127' title='bbox 1386 2672 1505 2754; x_wconf 90' lang='lat' dir='ltr'>prede-</span> 
     </span>
     <span class='ocr_line' id='line_1_19' title="bbox 211 2779 1505 2864; baseline 0 -22"><span class='ocrx_word' id='word_1_128' title='bbox 211 2779 351 2843; x_wconf 73' lang='lat' dir='ltr'>cessoris</span> <span class='ocrx_word' id='word_1_129' title='bbox 367 2783 485 2861; x_wconf 81' lang='lat' dir='ltr'>nostri,</span> <span class='ocrx_word' id='word_1_130' title='bbox 502 2783 592 2843; x_wconf 89' lang='lat' dir='ltr'>inter</span> <span class='ocrx_word' id='word_1_131' title='bbox 608 2781 678 2844; x_wconf 87' lang='lat' dir='ltr'>Nos</span> <span class='ocrx_word' id='word_1_132' title='bbox 695 2789 729 2844; x_wconf 92' lang='lat' dir='ltr'>et</span> <span class='ocrx_word' id='word_1_133' title='bbox 746 2781 872 2844; x_wconf 81' lang='lat' dir='ltr'>Sermum</span> <span class='ocrx_word' id='word_1_134' title='bbox 904 2781 1099 2864; x_wconf 85' lang='lat' dir='ltr'>Principem</span> <span class='ocrx_word' id='word_1_135' title='bbox 1119 2779 1296 2844; x_wconf 89' lang='lat' dir='ltr'>dominum</span> <span class='ocrx_word' id='word_1_136' title='bbox 1312 2780 1505 2844; x_wconf 87' lang='lat' dir='ltr'>Ferdinan-</span> 
     </span>
     <span class='ocr_line' id='line_1_20' title="bbox 211 2885 1505 2973; baseline 0.001 -23"><span class='ocrx_word' id='word_1_137' title='bbox 211 2887 292 2950; x_wconf 92' lang='lat' dir='ltr'>dum</span> <span class='ocrx_word' id='word_1_138' title='bbox 317 2887 436 2951; x_wconf 89' lang='lat' dir='ltr'>divina</span> <span class='ocrx_word' id='word_1_139' title='bbox 460 2885 599 2951; x_wconf 86' lang='lat' dir='ltr'>favente</span> <span class='ocrx_word' id='word_1_140' title='bbox 623 2887 816 2951; x_wconf 77' lang='lat' dir='ltr'>Clementia</span> <span class='ocrx_word' id='word_1_141' title='bbox 839 2889 1073 2952; x_wconf 88' lang='lat' dir='ltr'>Romanorum</span> <span class='ocrx_word' id='word_1_142' title='bbox 1097 2909 1229 2970; x_wconf 87' lang='lat' dir='ltr'>semper</span> <span class='ocrx_word' id='word_1_143' title='bbox 1251 2895 1505 2973; x_wconf 63' lang='lat' dir='ltr'>augustanae</span> 
     </span>
    </p>
   </div>
   <div class='ocr_carea' id='block_1_8' title="bbox 103 2991 1505 3079">
    <p class='ocr_par' dir='ltr' id='par_1_8' title="bbox 103 2991 1505 3079">
     <span class='ocr_line' id='line_1_21' title="bbox 103 2991 1505 3079; baseline 0 -21"><span class='ocrx_word' id='word_1_144' title='bbox 103 2991 105 2996; x_wconf 69' lang='grc'><strong>’</strong></span> <span class='ocrx_word' id='word_1_145' title='bbox 211 2994 424 3075; x_wconf 81' lang='lat' dir='ltr'>Germaniae,</span> <span class='ocrx_word' id='word_1_146' title='bbox 450 2995 659 3079; x_wconf 86' lang='lat' dir='ltr'>Hungariae,</span> <span class='ocrx_word' id='word_1_147' title='bbox 692 2994 896 3068; x_wconf 87' lang='lat' dir='ltr'>Dalmaciae,</span> <span class='ocrx_word' id='word_1_148' title='bbox 929 2995 1090 3059; x_wconf 83' lang='lat' dir='ltr'>Oroaoiae</span> <span class='ocrx_word' id='word_1_149' title='bbox 1124 3002 1186 3058; x_wconf 90' lang='lat' dir='ltr'>etc.</span> <span class='ocrx_word' id='word_1_150' title='bbox 1220 2994 1360 3078; x_wconf 86' lang='lat' dir='ltr'>Regem.</span> <span class='ocrx_word' id='word_1_151' title='bbox 1385 2993 1505 3058; x_wconf 80' lang='lat' dir='ltr'>Infan-</span> 
     </span>
    </p>
   </div>
   <div class='ocr_carea' id='block_1_9' title="bbox 211 3101 1506 4686">
    <p class='ocr_par' dir='ltr' id='par_1_9' title="bbox 211 3101 1506 4686">
     <span class='ocr_line' id='line_1_22' title="bbox 212 3101 1505 3186; baseline 0.002 -22"><span class='ocrx_word' id='word_1_152' title='bbox 212 3111 281 3165; x_wconf 90' lang='lat' dir='ltr'>tem</span> <span class='ocrx_word' id='word_1_153' title='bbox 298 3102 552 3185; x_wconf 85' lang='lat' dir='ltr'>Hispaniarum,</span> <span class='ocrx_word' id='word_1_154' title='bbox 572 3101 803 3167; x_wconf 88' lang='lat' dir='ltr'>Archiducem</span> <span class='ocrx_word' id='word_1_155' title='bbox 819 3103 989 3184; x_wconf 87' lang='lat' dir='ltr'>Austriae,</span> <span class='ocrx_word' id='word_1_156' title='bbox 1009 3104 1130 3167; x_wconf 90' lang='lat' dir='ltr'>ducem</span> <span class='ocrx_word' id='word_1_157' title='bbox 1146 3102 1357 3186; x_wconf 76' lang='lat' dir='ltr'>Burgundie,</span> <span class='ocrx_word' id='word_1_158' title='bbox 1374 3101 1505 3180; x_wconf 83' lang='lat' dir='ltr'>Silesie,</span> 
     </span>
     <span class='ocr_line' id='line_1_23' title="bbox 212 3207 1505 3295; baseline 0.001 -23"><span class='ocrx_word' id='word_1_159' title='bbox 212 3207 428 3291; x_wconf 87' lang='lat' dir='ltr'>Brabantiae,</span> <span class='ocrx_word' id='word_1_160' title='bbox 452 3209 565 3290; x_wconf 85' lang='lat' dir='ltr'>Stiria,</span> <span class='ocrx_word' id='word_1_161' title='bbox 581 3209 780 3294; x_wconf 84' lang='lat' dir='ltr'>Oarynthie,</span> <span class='ocrx_word' id='word_1_162' title='bbox 804 3210 971 3292; x_wconf 81' lang='lat' dir='ltr'>Carniole,</span> <span class='ocrx_word' id='word_1_163' title='bbox 997 3209 1262 3295; x_wconf 88' lang='lat' dir='ltr'>Wyrtemberge</span> <span class='ocrx_word' id='word_1_164' title='bbox 1285 3217 1348 3272; x_wconf 86' lang='lat' dir='ltr'>etc.</span> <span class='ocrx_word' id='word_1_165' title='bbox 1372 3209 1505 3273; x_wconf 89' lang='lat' dir='ltr'>Princi-</span> 
     </span>
     <span class='ocr_line' id='line_1_24' title="bbox 213 3314 1505 3400; baseline 0 -22"><span class='ocrx_word' id='word_1_166' title='bbox 213 3337 287 3396; x_wconf 90' lang='lat' dir='ltr'>pem</span> <span class='ocrx_word' id='word_1_167' title='bbox 312 3314 444 3396; x_wconf 79' lang='lat' dir='ltr'>Suevie,</span> <span class='ocrx_word' id='word_1_168' title='bbox 470 3315 704 3379; x_wconf 89' lang='lat' dir='ltr'>Marchionem</span> <span class='ocrx_word' id='word_1_169' title='bbox 733 3315 895 3398; x_wconf 88' lang='lat' dir='ltr'>Moravie,</span> <span class='ocrx_word' id='word_1_170' title='bbox 929 3316 1099 3380; x_wconf 83' lang='lat' dir='ltr'>Comitem</span> <span class='ocrx_word' id='word_1_171' title='bbox 1131 3315 1333 3400; x_wconf 87' lang='lat' dir='ltr'>Habsburgi</span> <span class='ocrx_word' id='word_1_172' title='bbox 1366 3315 1505 3398; x_wconf 83' lang='lat' dir='ltr'>Tyrolis</span> 
     </span>
     <span class='ocr_line' id='line_1_25' title="bbox 211 3421 1505 3506; baseline 0.002 -23"><span class='ocrx_word' id='word_1_173' title='bbox 211 3429 273 3484; x_wconf 88' lang='lat' dir='ltr'>etc.</span> <span class='ocrx_word' id='word_1_174' title='bbox 307 3421 559 3506; x_wconf 81' lang='lat' dir='ltr'>Lantgravium</span> <span class='ocrx_word' id='word_1_175' title='bbox 597 3421 733 3485; x_wconf 88' lang='lat' dir='ltr'>Alsacie</span> <span class='ocrx_word' id='word_1_176' title='bbox 773 3431 835 3485; x_wconf 90' lang='lat' dir='ltr'>etc.</span> <span class='ocrx_word' id='word_1_177' title='bbox 861 3421 1001 3486; x_wconf 86' lang='lat' dir='ltr'>fuerunt</span> <span class='ocrx_word' id='word_1_178' title='bbox 1033 3425 1140 3486; x_wconf 84' lang='lat' dir='ltr'>variis</span> <span class='ocrx_word' id='word_1_179' title='bbox 1178 3421 1435 3486; x_wconf 88' lang='lat' dir='ltr'>calamitatibus</span> <span class='ocrx_word' id='word_1_180' title='bbox 1469 3436 1505 3486; x_wconf 89' lang='lat' dir='ltr'>et</span> 
     </span>
     <span class='ocr_line' id='line_1_26' title="bbox 211 3526 1505 3612; baseline 0.002 -22"><span class='ocrx_word' id='word_1_181' title='bbox 211 3529 361 3591; x_wconf 91' lang='lat' dir='ltr'>erumnis</span> <span class='ocrx_word' id='word_1_182' title='bbox 385 3527 554 3592; x_wconf 87' lang='lat' dir='ltr'>afflictum</span> <span class='ocrx_word' id='word_1_183' title='bbox 577 3530 627 3592; x_wconf 90' lang='lat' dir='ltr'>ita</span> <span class='ocrx_word' id='word_1_184' title='bbox 651 3526 830 3610; x_wconf 76' lang='lat' dir='ltr'>laboraret,</span> <span class='ocrx_word' id='word_1_185' title='bbox 863 3538 902 3592; x_wconf 89' lang='lat' dir='ltr'>ut</span> <span class='ocrx_word' id='word_1_186' title='bbox 936 3552 1041 3612; x_wconf 85' lang='lat' dir='ltr'>parva</span> <span class='ocrx_word' id='word_1_187' title='bbox 1070 3529 1264 3609; x_wconf 89' lang='lat' dir='ltr'>admodum,</span> <span class='ocrx_word' id='word_1_188' title='bbox 1289 3552 1364 3612; x_wconf 89' lang='lat' dir='ltr'>spes</span> <span class='ocrx_word' id='word_1_189' title='bbox 1389 3550 1505 3612; x_wconf 88' lang='lat' dir='ltr'>super·-</span> 
     </span>
     <span class='ocr_line' id='line_1_27' title="bbox 212 3637 1505 3722; baseline 0.002 -24"><span class='ocrx_word' id='word_1_190' title='bbox 212 3645 299 3699; x_wconf 88' lang='lat' dir='ltr'>esset</span> <span class='ocrx_word' id='word_1_191' title='bbox 329 3639 401 3699; x_wconf 89' lang='lat' dir='ltr'>eius</span> <span class='ocrx_word' id='word_1_192' title='bbox 434 3637 667 3718; x_wconf 89' lang='lat' dir='ltr'>conservandi,</span> <span class='ocrx_word' id='word_1_193' title='bbox 691 3637 746 3700; x_wconf 87' lang='lat' dir='ltr'>vel</span> <span class='ocrx_word' id='word_1_194' title='bbox 779 3639 815 3700; x_wconf 90' lang='lat' dir='ltr'>in</span> <span class='ocrx_word' id='word_1_195' title='bbox 848 3637 998 3721; x_wconf 86' lang='lat' dir='ltr'>aliquam</span> <span class='ocrx_word' id='word_1_196' title='bbox 1032 3639 1213 3722; x_wconf 88' lang='lat' dir='ltr'>pristinam</span> <span class='ocrx_word' id='word_1_197' title='bbox 1237 3637 1383 3701; x_wconf 86' lang='lat' dir='ltr'>formam</span> <span class='ocrx_word' id='word_1_198' title='bbox 1416 3638 1505 3701; x_wconf 90' lang='lat' dir='ltr'>redi-</span> 
     </span>
     <span class='ocr_line' id='line_1_28' title="bbox 211 3742 1506 3829; baseline 0.001 -23"><span class='ocrx_word' id='word_1_199' title='bbox 211 3743 325 3828; x_wconf 86' lang='lat' dir='ltr'>gendi,</span> <span class='ocrx_word' id='word_1_200' title='bbox 349 3742 520 3827; x_wconf 89' lang='lat' dir='ltr'>Belgrado</span> <span class='ocrx_word' id='word_1_201' title='bbox 545 3747 701 3826; x_wconf 88' lang='lat' dir='ltr'>primurn,</span> <span class='ocrx_word' id='word_1_202' title='bbox 720 3745 880 3826; x_wconf 86' lang='lat' dir='ltr'>precipuo</span> <span class='ocrx_word' id='word_1_203' title='bbox 904 3753 987 3808; x_wconf 87' lang='lat' dir='ltr'>tunc</span> <span class='ocrx_word' id='word_1_204' title='bbox 1010 3745 1108 3827; x_wconf 88' lang='lat' dir='ltr'>Reip.</span> <span class='ocrx_word' id='word_1_205' title='bbox 1125 3744 1332 3809; x_wconf 84' lang='lat' dir='ltr'>Christiame</span> <span class='ocrx_word' id='word_1_206' title='bbox 1358 3765 1506 3829; x_wconf 88' lang='lat' dir='ltr'>propug-</span> 
     </span>
     <span class='ocr_line' id='line_1_29' title="bbox 212 3850 1505 3935; baseline 0.002 -20"><span class='ocrx_word' id='word_1_207' title='bbox 212 3850 333 3915; x_wconf 88' lang='lat' dir='ltr'>naculo</span> <span class='ocrx_word' id='word_1_208' title='bbox 367 3851 535 3934; x_wconf 86' lang='lat' dir='ltr'>adempto,</span> <span class='ocrx_word' id='word_1_209' title='bbox 576 3851 753 3934; x_wconf 88' lang='lat' dir='ltr'>paulopost</span> <span class='ocrx_word' id='word_1_210' title='bbox 792 3854 871 3935; x_wconf 50' lang='lat' dir='ltr'>ipso,</span> <span class='ocrx_word' id='word_1_211' title='bbox 903 3873 965 3915; x_wconf 92' lang='lat' dir='ltr'>nos</span> <span class='ocrx_word' id='word_1_212' title='bbox 1004 3875 1045 3916; x_wconf 84' lang='lat' dir='ltr'>ex</span> <span class='ocrx_word' id='word_1_213' title='bbox 1078 3861 1171 3916; x_wconf 89' lang='lat' dir='ltr'>certa</span> <span class='ocrx_word' id='word_1_214' title='bbox 1204 3855 1356 3934; x_wconf 89' lang='lat' dir='ltr'>scientia,</span> <span class='ocrx_word' id='word_1_215' title='bbox 1389 3856 1505 3918; x_wconf 88' lang='lat' dir='ltr'>animo</span> 
     </span>
     <span class='ocr_line' id='line_1_30' title="bbox 212 3959 1505 4043; baseline 0.003 -21"><span class='ocrx_word' id='word_1_216' title='bbox 212 3959 410 4040; x_wconf 87' lang='lat' dir='ltr'>deliberate,</span> <span class='ocrx_word' id='word_1_217' title='bbox 434 3967 568 4022; x_wconf 88' lang='lat' dir='ltr'>maturo</span> <span class='ocrx_word' id='word_1_218' title='bbox 593 3960 734 4024; x_wconf 90' lang='lat' dir='ltr'>consilio</span> <span class='ocrx_word' id='word_1_219' title='bbox 761 3961 1001 4043; x_wconf 86' lang='lat' dir='ltr'>principalium</span> <span class='ocrx_word' id='word_1_220' title='bbox 1021 3961 1292 4025; x_wconf 86' lang='lat' dir='ltr'>consiliariorum</span> <span class='ocrx_word' id='word_1_221' title='bbox 1309 3968 1505 4026; x_wconf 86' lang='lat' dir='ltr'>nostrorum</span> 
     </span>
     <span class='ocr_line' id='line_1_31' title="bbox 212 4067 1504 4154; baseline 0 -23"><span class='ocrx_word' id='word_1_222' title='bbox 212 4068 331 4132; x_wconf 89' lang='lat' dir='ltr'>habito</span> <span class='ocrx_word' id='word_1_223' title='bbox 355 4068 396 4130; x_wconf 88' lang='lat' dir='ltr'>de</span> <span class='ocrx_word' id='word_1_224' title='bbox 422 4067 636 4150; x_wconf 89' lang='lat' dir='ltr'>plenitudine</span> <span class='ocrx_word' id='word_1_225' title='bbox 665 4081 800 4133; x_wconf 87' lang='lat' dir='ltr'>nostrae</span> <span class='ocrx_word' id='word_1_226' title='bbox 838 4070 969 4154; x_wconf 83' lang='lat' dir='ltr'>Regiae</span> <span class='ocrx_word' id='word_1_227' title='bbox 1009 4072 1198 4153; x_wconf 83' lang='lat' dir='ltr'>potestatis,</span> <span class='ocrx_word' id='word_1_228' title='bbox 1231 4067 1274 4131; x_wconf 90' lang='lat' dir='ltr'>ad</span> <span class='ocrx_word' id='word_1_229' title='bbox 1308 4067 1446 4131; x_wconf 87' lang='lat' dir='ltr'>laudem</span> <span class='ocrx_word' id='word_1_230' title='bbox 1470 4082 1504 4131; x_wconf 87' lang='lat' dir='ltr'>et</span> 
     </span>
     <span class='ocr_line' id='line_1_32' title="bbox 211 4173 1504 4261; baseline -0.001 -23"><span class='ocrx_word' id='word_1_231' title='bbox 211 4177 356 4259; x_wconf 80' lang='lat' dir='ltr'>gloriam</span> <span class='ocrx_word' id='word_1_232' title='bbox 381 4176 437 4238; x_wconf 92' lang='lat' dir='ltr'>dei</span> <span class='ocrx_word' id='word_1_233' title='bbox 460 4176 714 4257; x_wconf 89' lang='lat' dir='ltr'>omnipotentis,</span> <span class='ocrx_word' id='word_1_234' title='bbox 748 4177 789 4238; x_wconf 86' lang='lat' dir='ltr'>ad</span> <span class='ocrx_word' id='word_1_235' title='bbox 824 4177 986 4240; x_wconf 93' lang='lat' dir='ltr'>honorem</span> <span class='ocrx_word' id='word_1_236' title='bbox 1026 4179 1097 4240; x_wconf 92' lang='lat' dir='ltr'>eius</span> <span class='ocrx_word' id='word_1_237' title='bbox 1129 4177 1308 4261; x_wconf 86' lang='lat' dir='ltr'>genitricis</span> <span class='ocrx_word' id='word_1_238' title='bbox 1336 4173 1504 4259; x_wconf 86' lang='lat' dir='ltr'>gloriosae</span> 
     </span>
     <span class='ocr_line' id='line_1_33' title="bbox 215 4283 1504 4368; baseline 0 -22"><span class='ocrx_word' id='word_1_239' title='bbox 215 4284 367 4366; x_wconf 85' lang='lat' dir='ltr'>Virginis</span> <span class='ocrx_word' id='word_1_240' title='bbox 392 4284 530 4365; x_wconf 86' lang='lat' dir='ltr'>Mariae,</span> <span class='ocrx_word' id='word_1_241' title='bbox 554 4285 723 4348; x_wconf 87' lang='lat' dir='ltr'>Patronae</span> <span class='ocrx_word' id='word_1_242' title='bbox 747 4285 956 4368; x_wconf 86' lang='lat' dir='ltr'>Hungariae,</span> <span class='ocrx_word' id='word_1_243' title='bbox 982 4306 1041 4368; x_wconf 91' lang='lat' dir='ltr'>pro</span> <span class='ocrx_word' id='word_1_244' title='bbox 1075 4283 1306 4348; x_wconf 89' lang='lat' dir='ltr'>consolatione</span> <span class='ocrx_word' id='word_1_245' title='bbox 1329 4291 1364 4345; x_wconf 91' lang='lat' dir='ltr'>et</span> <span class='ocrx_word' id='word_1_246' title='bbox 1389 4285 1504 4366; x_wconf 87' lang='lat' dir='ltr'>quiete</span> 
     </span>
     <span class='ocr_line' id='line_1_34' title="bbox 213 4389 1503 4473; baseline 0.001 -21"><span class='ocrx_word' id='word_1_247' title='bbox 213 4397 265 4452; x_wconf 88' lang='lat' dir='ltr'>tot</span> <span class='ocrx_word' id='word_1_248' title='bbox 289 4389 497 4453; x_wconf 86' lang='lat' dir='ltr'>afflictorum</span> <span class='ocrx_word' id='word_1_249' title='bbox 521 4397 555 4453; x_wconf 93' lang='lat' dir='ltr'>et</span> <span class='ocrx_word' id='word_1_250' title='bbox 579 4411 815 4472; x_wconf 89' lang='lat' dir='ltr'>oppressorum</span> <span class='ocrx_word' id='word_1_251' title='bbox 850 4413 909 4473; x_wconf 93' lang='lat' dir='ltr'>pro</span> <span class='ocrx_word' id='word_1_252' title='bbox 942 4391 1052 4455; x_wconf 86' lang='lat' dir='ltr'>salute</span> <span class='ocrx_word' id='word_1_253' title='bbox 1077 4399 1111 4454; x_wconf 91' lang='lat' dir='ltr'>et</span> <span class='ocrx_word' id='word_1_254' title='bbox 1136 4389 1333 4453; x_wconf 85' lang='lat' dir='ltr'>defensione</span> <span class='ocrx_word' id='word_1_255' title='bbox 1357 4411 1397 4453; x_wconf 87' lang='lat' dir='ltr'>ac</span> <span class='ocrx_word' id='word_1_256' title='bbox 1421 4390 1503 4472; x_wconf 82' lang='lat' dir='ltr'>libe-</span> 
     </span>
     <span class='ocr_line' id='line_1_35' title="bbox 213 4497 1503 4582; baseline 0.002 -24"><span class='ocrx_word' id='word_1_257' title='bbox 213 4498 344 4561; x_wconf 88' lang='lat' dir='ltr'>ratione</span> <span class='ocrx_word' id='word_1_258' title='bbox 368 4500 469 4560; x_wconf 89' lang='lat' dir='ltr'>istius</span> <span class='ocrx_word' id='word_1_259' title='bbox 494 4497 607 4561; x_wconf 91' lang='lat' dir='ltr'>incliti</span> <span class='ocrx_word' id='word_1_260' title='bbox 630 4497 744 4582; x_wconf 89' lang='lat' dir='ltr'>Regni</span> <span class='ocrx_word' id='word_1_261' title='bbox 768 4507 803 4560; x_wconf 91' lang='lat' dir='ltr'>et</span> <span class='ocrx_word' id='word_1_262' title='bbox 827 4497 1027 4562; x_wconf 89' lang='lat' dir='ltr'>libertatum</span> <span class='ocrx_word' id='word_1_263' title='bbox 1052 4499 1204 4562; x_wconf 88' lang='lat' dir='ltr'>eiusdem</span> <span class='ocrx_word' id='word_1_264' title='bbox 1237 4499 1503 4568; x_wconf 79' lang='lat' dir='ltr'>conservatione,</span> 
     </span>
     <span class='ocr_line' id='line_1_36' title="bbox 215 4589 1503 4686; baseline 0.001 -21"><span class='ocrx_word' id='word_1_265' title='bbox 215 4623 273 4684; x_wconf 88' lang='lat' dir='ltr'>pro</span> <span class='ocrx_word' id='word_1_266' title='bbox 298 4603 506 4667; x_wconf 88' lang='lat' dir='ltr'>exaltatione</span> <span class='ocrx_word' id='word_1_267' title='bbox 545 4607 723 4668; x_wconf 87' lang='lat' dir='ltr'>universae</span> <span class='ocrx_word' id='word_1_268' title='bbox 757 4604 965 4686; x_wconf 85' lang='lat' dir='ltr'>reipublicae</span> <span class='ocrx_word' id='word_1_269' title='bbox 998 4605 1203 4669; x_wconf 79' lang='lat' dir='ltr'>christianae</span> <span class='ocrx_word' id='word_1_270' title='bbox 1237 4625 1315 4668; x_wconf 89' lang='lat' dir='ltr'>curn</span> <span class='ocrx_word' id='word_1_271' title='bbox 1349 4589 1503 4686; x_wconf 82' lang='lat' dir='ltr'>praefato</span> 
     </span>
    </p>
   </div>
   <div class='ocr_carea' id='block_1_10' title="bbox 0 0 1579 5212">
    <p class='ocr_par' dir='ltr' id='par_1_10' title="bbox 0 0 1579 5212">
     <span class='ocr_line' id='line_1_37' title="bbox 0 0 1579 5212; baseline 0 0"><span class='ocrx_word' id='word_1_272' title='bbox 0 0 1579 5212; x_wconf 95' lang='lat' dir='ltr'> </span> 
     </span>
    </p>
   </div>
  </div>
 </body>
</html>
