3142 5214
1296 373 1361 438 629

58 567 181 645 captos
205 563 396 629 nationales
421 567 604 650 participes
629 565 814 632 clementer
837 569 1030 650 reddimus;
1065 568 1220 653 deposito
1244 577 1360 635 tamen

59 672 203 751 praevie
226 669 431 757 homagialis
455 670 635 737 fidelitatis
655 669 862 756 juramenta

172 777 325 860 Septimo.
348 777 482 843 Damna
504 802 524 843 a
548 786 700 863 tempore
724 781 953 847 inchoationis
981 782 1164 846 modernae
1187 803 1359 848 armorum

55 888 295 968 suspensionis
320 889 469 970 cuipiam
501 886 609 971 illata,
642 896 814 971 comperta
847 892 896 954 161
929 891 1087 973 veritate,
1120 888 1165 954 ab
1196 893 1358 975 utrinque

58 989 244 1057 bonificari
269 993 426 1059 debeant.

175 1100 304 1168 Octavo.
327 1099 384 1165 Ad
408 1102 601 1168 tollendum
623 1103 831 1187 scrupulum,
854 1110 915 1169 aut
938 1106 1096 1189 quamvis
1116 1102 1358 1188 diffidentiam,

56 1205 329 1273 clementissime
357 1208 506 1274 resoluta
529 1207 613 1273 haec
636 1211 731 1274 vitae
755 1218 789 1274 61
814 1210 982 1276 bonorum
1004 1211 1221 1295 amnystialis
1245 1215 1357 1297 gratia

54 1314 242 1399 generalis,
276 1319 448 1400 praesenti
475 1315 607 1380 solenni
632 1319 861 1383 instrumento
885 1321 1022 1399 inserta,
1046 1318 1090 1382 ad
1115 1339 1230 1383 omnes
1256 1323 1358 1384 comi-

56 1427 156 1485 tatus
173 1425 280 1508 regni,
303 1425 419 1506 sicque
434 1423 478 1487 ad
495 1425 673 1488 universos
689 1433 876 1510 magnates,
892 1425 1033 1507 nobiles,
1050 1427 1151 1508 61166,
1168 1425 1358 1510 libertinos

55 1529 192 1593 milites
225 1536 260 1593 61
293 1532 447 1612 16611666,
480 1537 515 1594 61
550 1527 701 1614 cujusvis
736 1531 874 1596 demum
906 1531 1122 1614 conditionis
1154 1553 1193 1596 ac
1226 1533 1357 1598 ordinis

56 1636 248 1722 Hungaros
284 1639 414 1721 pariter
445 1644 481 1702 et
514 1637 758 1703 Transilvanos
798 1641 905 1704 trium
942 1641 1130 1721 nationum,
1170 1640 1357 1705 secundum

54 1744 276 1808 conditiones
307 1747 463 1828 superius
498 1748 723 1829 praescriptas
756 1751 906 1830 61161166,
938 1766 999 1829 pro
1033 1748 1172 1810 certiori
1204 1749 1357 1811 omnium

55 1851 295 1916 consolatione
318 1851 466 1938 benigne
492 1876 552 1938 per
574 1873 635 1917 nos
659 1851 889 1918 confirmatur.

171 1961 278 2029 Noae.
309 1961 425 2046 Regni
453 1961 653 2047 Hungariae
677 1970 712 2028 et
735 1961 996 2028 Transilvaniae
1015 1959 1162 2046 juribus,
1185 1964 1356 2030 libertati-

56 2067 124 2132 bus
148 2074 185 2131 et
217 2068 496 2133 immunitatibus
527 2069 693 2134 inviolate
718 2075 751 2134 et
784 2075 902 2134 sancte
925 2073 1136 2134 conservatis
1159 2070 1356 2136 nullatenus

53 2175 294 2257 admittemus,
317 2181 357 2238 ut
373 2180 490 2240 contra
506 2175 594 2240 hanc
617 2177 849 2241 amnistialem
870 2179 1020 2262 gratiam
1043 2180 1142 2242 novis
1167 2182 1356 2243 contentio-

54 2282 164 2347 nibus
180 2288 215 2346 et
231 2283 356 2367 litigiis
372 2303 453 2347 61166
469 2283 525 2348 161
544 2305 645 2348 causa
671 2284 883 2369 praebeatur,
907 2291 968 2348 aut
992 2283 1136 2348 cuilibet
1159 2287 1356 2370 quempiam

55 2391 229 2456 molestiis
249 2391 447 2475 impetendi,
463 2391 719 2477 lacessendique
738 2393 868 2475 modus,
883 2398 944 2456 aut
960 2395 1049 2456 ratio
1064 2391 1356 2475 subministretur,

59 2505 301 2583 praeterquam
316 2500 499 2562 servitores
513 2502 627 2584 regiae
643 2497 844 2583 majestatis
856 2499 1069 2582 aliorumque
1083 2499 1307 2582 dominorum,
1321 2507 1355 2564 61

55 2605 238 2688 nobilium,
267 2613 348 2668 ante
372 2605 551 2670 modernos
575 2615 688 2672 motus
712 2609 755 2672 ad
780 2608 910 2672 dandas
933 2608 1083 2670 rationes
1107 2604 1271 2691 obligati;
1295 2609 1355 2691 qui

55 2711 140 2798 hino
165 2714 299 2794 excepti
320 2712 443 2776 dandis
466 2717 604 2778 omnino
635 2713 827 2779 rationibus
860 2714 1019 2780 obstricti
1050 2713 1248 2779 manebunt.
1280 2715 1355 2779 Imo

55 2823 180 2905 vigore
204 2816 306 2903 hujus
329 2819 613 2884 clementissimae
636 2821 842 2884 amnistialis
866 2823 999 2906 gratiae
1022 2821 1201 2906 generalis,
1217 2843 1260 2886 ne
1277 2825 1353 2906 quis

55 2949 93 2990 se
117 2928 269 2990 invicem
292 2925 545 3008 scommatibus,
564 2924 700 3012 jurgiis
717 2935 752 2991 61
767 2927 1050 2992 altercationibus
1067 2929 1272 3011 proscindat,
1289 2929 1354 2994 sub

56 3037 160 3119 gravi
183 3033 488 3116 animadversione,
512 3036 650 3098 6166116
679 3032 891 3115 inhibemus;
915 3035 1006 3098 unda
1025 3034 1243 3120 generalibus
1261 3059 1354 3119 prae-

58 3140 171 3223 scotia,
189 3139 407 3225 locorumque
428 3140 745 3205 commendantibus
762 3163 824 3205 nec
839 3162 909 3204 non
924 3144 1091 3224 supremis
1108 3147 1143 3205 ct
1159 3143 1234 3206 vice
1252 3146 1354 3206 comi-

57 3247 163 3329 tibus,
197 3245 375 3330 judicibus
413 3247 592 3330 nobilium,
623 3271 663 3312 ac
695 3247 959 3334 Magistratibus
992 3250 1130 3330 civium,
1165 3249 1353 3314 districtim

56 3355 314 3438 demandamus,
347 3363 387 3418 ut
420 3377 479 3438 pro
513 3359 848 3422 contravenientium
877 3379 936 3438 per
959 3361 1210 3438 competentem
1236 3378 1353 3420 eorum

57 3465 263 3528 instantiam
280 3465 485 3528 coercitione
501 3485 619 3527 severa
632 3462 846 3544 adhibeatur,
862 3463 1191 3547 administreturque
1204 3461 1352 3546 justitia.

168 3569 311 3635 Decimo.
327 3568 430 3634 Salva
446 3570 600 3634 manebit
617 3570 763 3636 facultas
777 3573 814 3635 in
830 3569 948 3634 futura
965 3570 1063 3654 regni
1080 3569 1202 3652 diaeta,
1220 3576 1352 3634 caetera

55 3679 260 3762 gravamina
284 3697 354 3740 non
380 3676 481 3740 modo
507 3679 726 3761 proponendi,
742 3679 801 3743 sed
818 3685 955 3763 atquae
972 3697 1031 3760 pro
1050 3675 1160 3740 salute
1174 3683 1209 3740 61
1225 3677 1352 3742 honore

56 3787 174 3870 gentis
206 3807 225 3848 6
258 3805 293 3848 16
326 3786 400 3848 visa
434 3783 574 3868 fuerint,
606 3784 724 3850 liberis
757 3787 857 3866 16116,
890 3806 968 3848 cum
1000 3782 1117 3847 debita
1151 3787 1352 3866 reverentia,

58 3891 218 3977 legaliter
243 3889 460 3954 clementiam
494 3895 624 3977 regiam
648 3891 864 3975 implorandi,
887 3900 927 3954 ut
950 3912 1031 3954 sane
1054 3889 1169 3954 nullus
1193 3889 1353 3956 dubitare

56 3999 192 4083 debeat,
211 4002 341 4085 regiam
357 3996 576 4081 Majestatem
593 4003 629 4064 in
646 4003 903 4064 conservatione
927 3999 1043 4084 legum
1063 3999 1230 4081 praedicti
1254 4003 1352 4084 regni

57 4109 260 4194 Hungariae
270 4113 305 4170 61
316 4106 585 4190 Transilvaniae,
595 4131 634 4171 ac
643 4107 848 4172 adhibendis
865 4107 908 4170 ad
926 4109 1023 4190 regni
1039 4105 1154 4169 officia
1170 4106 1352 4191 indigenis,

58 4219 125 4281 toti
144 4215 221 4280 orbi
239 4215 427 4280 christiano
452 4223 618 4280 testatum
642 4217 783 4281 reddere
808 4215 905 4298 velle,
929 4215 1019 4299 quod
1044 4217 1081 4277 in
1106 4223 1247 4298 paterno
1271 4238 1351 4300 erga

57 4325 259 4410 Hungariae
276 4346 429 4410 regnum,
446 4331 480 4387 61
497 4324 757 4389 Τ16116111611166
775 4326 1005 4408 principatum
1021 4322 1157 4404 affectu,
1173 4322 1217 4386 ab
1233 4323 1352 4386 eadem

57 4434 152 4517 regia
185 4429 365 4515 majestate
398 4432 487 4496 nihil
519 4436 628 4517 magis
664 4433 852 4496 desiderari
883 4429 1006 4494 valeat.
1039 4430 1146 4493 Prout
1170 4438 1204 4494 et
1233 4431 1352 4494 eadem

55 4560 189 4602 summe
217 4538 398 4622 desiderat,
422 4547 456 4603 et
481 4539 628 4624 benigne
654 4539 806 4622 confidit,
830 4561 872 4603 ne
895 4557 979 4623 gens
1003 4536 1158 4621 hungara
1182 4545 1217 4600 et
1241 4535 1352 4620 6111116-

57 4665 192 4729 cunque
215 4648 366 4710 nationis
391 4646 632 4710 transilvanica
648 4643 784 4728 juribus
801 4649 870 4710 suis
888 4647 1015 4726 innixa,
1032 4645 1095 4708 ulli
1111 4647 1269 4729 gentium
1283 4644 1351 4708 fide
