3160 5212
216 329 282 394 352

218 526 288 592 fere
319 533 455 610 tempus
487 525 564 590 aliis
587 531 690 609 atque
723 524 800 588 aliis
823 523 965 588 edendis
988 521 1122 586 iuribus
1154 507 1305 586 inaniter
1336 525 1516 606 trivimus,

217 634 274 698 sed
299 633 343 698 ab
369 635 444 716 ipso
477 633 656 698 literarum
679 631 777 696 aditu
810 653 850 695 ac
874 633 1029 712 sacraria,
1052 629 1097 694 ab
1121 632 1261 714 ipsoque
1284 629 1410 694 Civilis
1444 632 1517 695 dis·
1574 629 1576 652 ²

217 741 363 825 ciplinae
381 739 477 804 fonte
494 740 723 823 depromatur,
746 741 783 802 in
799 739 988 822 animisque
1012 739 1174 822 cuiusque
1198 737 1302 804 altius
1325 739 1515 820 insideant,

218 849 438 931 tenaciusque
462 845 667 910 radicentur.
694 885 734 892 η

323 953 434 1030 Quam
457 952 501 1017 ob
523 975 596 1018 rem
618 954 665 1020 M.
690 953 730 1018 V.
754 954 926 1018 communi
956 952 1109 1016 omnium
1132 957 1324 1016 vestrorum
1356 951 1517 1017 subdito-

219 1083 294 1126 rum
317 1063 463 1144 nomine,
487 1063 645 1146 ingentes
668 1067 771 1146 atque
795 1059 1006 1124 immortales
1035 1059 1166 1143 gratias
1189 1065 1223 1122 et
1246 1081 1310 1144 ago
1333 1065 1369 1124 et
1392 1059 1516 1143 habea,

219 1167 309 1253 quod
339 1189 378 1232 eo
410 1167 526 1252 legum
558 1190 597 1232 ac
630 1169 917 1234 constitutionum
955 1165 1074 1230 robore
1112 1163 1215 1248 hujus
1247 1166 1371 1251 inclyti
1404 1171 1516 1234 vestri

219 1277 317 1360 regni
350 1277 562 1340 munimenta
595 1273 751 1339 stabilire
789 1271 978 1354 volueritis,
1009 1295 1095 1358 (puae
1133 1271 1228 1337 nulla
1267 1295 1419 1359 unquam
1459 1278 1516 1358 sit,

220 1405 327 1470 neque
361 1383 519 1448 fortunae
558 1382 757 1467 malignitas
790 1405 898 1468 neque
931 1380 1108 1446 homnium
1140 1383 1265 1448 iniuria
1299 1403 1515 1448 concussura.

219 1491 303 1570 Quis
327 1493 417 1556 enim
441 1493 578 1576 ignorat
602 1491 645 1554 ad
670 1489 816 1555 salutern
840 1493 1017 1574 vitamque
1040 1489 1218 1554 hominum
1242 1494 1276 1552 et
1299 1491 1454 1573 quietam
1479 1499 1514 1554 et

219 1599 355 1664 beatam
388 1602 547 1664 inventas
579 1621 650 1662 esse
675 1595 793 1682 leges?
827 1599 899 1662 sine
933 1596 1057 1682 quibus
1090 1618 1151 1660 nec
1185 1595 1305 1660 domus
1337 1595 1414 1676 ulla,
1449 1621 1512 1661 nec

220 1707 352 1784 civitas,
385 1727 447 1770 nec
479 1727 571 1790 gens,
604 1727 667 1768 nec
699 1703 877 1786 hominum
909 1705 1146 1770 universorum
1178 1723 1286 1786 genus
1319 1711 1415 1782 stare.
1448 1726 1511 1768 nec

220 1834 332 1878 rerum
356 1821 479 1878 natura
503 1814 622 1896 omnis,
646 1835 708 1876 111
731 1814 803 1895 ipse
827 1812 975 1876 mundus
1000 1816 1120 1893 potest.
1146 1849 1185 1855 —

325 1919 458 1984 Idcirco
482 1919 569 1984 nihil
602 1920 667 1986 hoc
690 1921 829 2006 quidem
863 1926 1066 2003 tempestate
1100 1917 1174 1982 fieri
1197 1921 1312 2000 potuit
1344 1918 1513 1984 ineffabili

222 2030 399 2112 praeconio
423 2027 571 2112 dignius,
595 2037 655 2093 ant
679 2029 722 2092 ad
750 2049 931 2112 perennem
959 2026 1103 2110 gloriam
1137 2028 1408 2111 consequendam
1440 2027 1515 2093 effi-

222 2139 342 2202 cacius.
367 2137 434 2202 Sed
451 2159 513 2200 neo
537 2139 662 2199 vestris
685 2135 936 2202 florentissimis
959 2135 1091 2218 Regnis
1123 2134 1356 2202 indissolubili
1378 2159 1516 2202 concor-

221 2244 297 2308 diae
330 2265 420 2308 nexu
440 2243 656 2308 stabiliendis
688 2247 812 2328 aptius,
836 2266 938 2329 quam
971 2243 1062 2327 quod
1087 2244 1127 2306 V.
1151 2244 1196 2307 M.
1221 2243 1328 2308 ductu
1352 2251 1386 2308 11
1419 2253 1517 2310 auto-

222 2353 325 2416 ritate
349 2351 441 2438 leges
473 2373 513 2414 ac
545 2351 648 2416 huius
671 2353 786 2437 Regni
819 2354 1019 2432 sanctiones
1052 2352 1262 2420 densissimis
1295 2351 1448 2416 tenebris
1482 2362 1518 2418 et

221 2459 367 2544 caligine
398 2461 490 2542 prius
515 2457 665 2541 obrutae,
699 2461 895 2542 scriptionis
927 2461 1038 2524 nitore
1072 2458 1272 2540 illustratae,
1306 2465 1404 2524 tanta
1437 2483 1518 2526 curn

222 2575 337 2632 vestra
361 2567 532 2652 dignitate
568 2566 836 2651 promulgentur.
868 2567 979 2643 Quam
1017 2567 1157 2650 qaridem
1196 2568 1416 2650 provinciam,
1455 2567 1520 2632 ubi

223 2677 370 2760 primum
403 2673 488 2739 mihi
521 2675 727 2738 demandare
761 2675 800 2740 V.
833 2675 879 2738 M.
904 2675 1047 2758 dignata
1081 2681 1142 2757 est,
1174 2674 1264 2758 licet,
1296 2681 1336 2738 ut
1366 2676 1520 2760 ingenue

223 2784 341 2866 fatear,
365 2803 463 2846 omne
488 2782 650 2863 studium,
676 2805 811 2848 ornnem
834 2784 1040 2850 industriam
1064 2805 1103 2846 ac
1127 2783 1301 2846 solertiam
1325 2804 1363 2846 co
1396 2791 1520 2849 contn-

224 2889 331 2972 lorim,
365 2897 404 2952 11
434 2911 493 2972 pro
525 2889 621 2956 virili
645 2890 685 2955 V.
709 2891 754 2954 M.
779 2913 883 2975 quam
906 2890 1101 2972 plenissime
1133 2889 1421 2974 obtemperarem
1447 2893 1520 2955 scio

222 3007 348 3078 tamen,
372 3016 441 3058 non
474 2995 663 3080 defuturae,
687 2999 748 3082 qui
771 2999 923 3062 invidiae
962 2997 1096 3064 facibus
1129 2999 1271 3062 excitati
1302 2997 1382 3062 huic
1407 3006 1521 3077 tanto,

223 3115 361 3188 tamque
385 3103 542 3168 omnibus
567 3105 747 3188 profuturo
765 3105 874 3170 labori
890 3106 1070 3170 detrahere
1086 3128 1155 3170 non
1170 3107 1346 3171 desistant.
1365 3146 1406 3155 ’-
1424 3107 1522 3172 Satis

222 3220 338 3278 autem
361 3234 529 3297 superque
553 3213 675 3297 premii
700 3237 759 3298 pro
782 3215 846 3279 hac
870 3222 996 3279 navata
1019 3237 1120 3298 opera
1145 3238 1198 3279 me
1221 3213 1416 3280 arbitrabor
1439 3237 1523 3282 con-

223 3328 386 3402 secutum,
411 3324 439 3384 si
463 3331 498 3384 et
526 3325 781 3404 1¹)atriae,cuius
805 3325 909 3386 insita
934 3326 1056 3406 optimi
1079 3326 1240 3408 cuiusque
1256 3325 1370 3386 animo
1395 3324 1523 3407 ingens

223 3437 274 3492 est
299 3428 456 3509 1111111111,
484 3428 608 3492 bacin
633 3437 728 3511 parte
761 3429 906 3494 videbor
929 3431 1146 3512 cousuluisse,
1170 3453 1207 3494 ac
1240 3430 1286 3498 M.
1319 3430 1359 3494 V.
1384 3433 1440 3494 cui
1464 3454 1523 3498 me

226 3541 387 3618 perpetuo
413 3535 530 3598 dedidi
547 3547 581 3598 et
606 3537 740 3619 devovi,
765 3559 825 3620 pro
848 3537 982 3602 viribus
1002 3538 1261 3620 obtemperasse,
1284 3519 1388 3622 cuam
1411 3540 1523 3606 etiam

224 3651 326 3728 atque.
360 3645 465 3706 etiarn
489 3665 547 3707 oro
581 3651 614 3706 et
639 3643 786 3726 obsecro,
819 3652 857 3708 ut
891 3644 954 3710 has
991 3667 1082 3708 meas
1115 3644 1254 3729 vigilias
1287 3646 1523 3710 sacratissimo

224 3752 354 3816 11011111
371 3749 555 3832 dedicatas,
572 3753 699 3814 iterum
715 3759 818 3836 atque
828 3754 955 3816 iterum
972 3753 1152 3836 perlegere,
1169 3752 1339 3816 discutere
1349 3774 1387 3816 ac
1404 3775 1523 3818 recen-

224 3879 296 3920 sere
320 3878 388 3921 non
412 3866 585 3940 gravetur.
619 3859 666 3924 Et
690 3882 830 3926 cumea
855 3863 901 3924 sit
934 3883 1073 3943 operum
1096 3860 1324 3924 humanorum
1356 3860 1523 3943 conditio,

224 3973 263 4028 ut
287 3963 375 4028 nihil
398 3963 459 4028 fiat
488 3967 572 4030 adeo
598 3966 752 4050 politum,
775 3968 904 4032 adeove
937 3967 1141 4045 absolutum,
1172 3975 1211 4032 ut
1235 3969 1363 4032 nonin
1396 3969 1524 4034 melius

224 4071 404 4138 reformari
428 4076 544 4156 possit,
569 4095 628 4156 pro
653 4076 869 4138 exactissimo
893 4081 1008 4138 vestro
1032 4075 1152 4139 iudicii
1184 4076 1349 4156 acumine,
1372 4097 1439 4160 que
1463 4077 1523 4141 vel

224 4179 416 4247 resecanda.
439 4180 495 4244 vel
519 4181 734 4244 immutanda
757 4181 814 4246 vel
837 4181 994 4245 addenda
1018 4182 1196 4265 (1111111111,
1229 4205 1267 4246 ea
1291 4185 1341 4246 ita
1374 4185 1525 4269 castiga-

226 4289 351 4352 tissimi
374 4299 490 4352 vestra
519 4310 679 4352 censurae
703 4287 785 4352 lima
819 4290 999 4374 corrigatis
1024 4298 1058 4354 et
1091 4291 1280 4354 emendetis
1304 4298 1344 4354 ut
1375 4293 1525 4364 aemulis

226 4394 403 4458 malevolis
437 4395 551 4460 nullus
584 4394 789 4470 detrahendi
821 4396 916 4460 locus
949 4397 1173 4482 relinquatur.
1211 4399 1319 4462 Nemo
1342 4406 1460 4463 autem
1484 4401 1525 4466 id

226 4500 292 4564 sibi
317 4502 527 4584 persuadeat,
551 4524 603 4566 rne
626 4509 761 4566 tantum
785 4503 871 4568 mihi
895 4506 1093 4568 autoritatis
1117 4506 1324 4588 vendicasse,
1348 4513 1388 4571 11
1412 4529 1526 4574 novas

225 4607 359 4692 alapiae
393 4609 485 4690 leges
509 4611 640 4694 1111111,
673 4633 712 4674 ac
736 4612 1327 4698 11111111111111111111111111111
1351 4637 1391 4680 ea
1423 4617 1527 4684 dum-
