3142 5214
1268 383 1332 447 tsi

48 580 169 663 Status,
193 587 268 647 tum
292 583 423 644 ratione
448 580 633 666 religionis,
658 587 733 643 tum
756 583 861 644 etiam
884 584 1171 646 constitutionum
1195 603 1333 645 suarum

46 711 83 752 ac
107 687 372 771 privilegiorum,
405 690 495 750 inter
523 709 557 750 se
591 687 794 770 discrepent,
826 695 862 751 et
895 687 1066 752 Catholici
1098 692 1135 752 in
1169 688 1333 772 praefatis

47 787 151 879 primo
175 803 210 860 et
234 796 382 860 secundo
405 795 560 859 articulis
584 803 745 881 gravatos
769 817 803 859 se
827 798 1045 878 existiment3
1078 795 1229 860 Saxones
1252 817 1334 861 vero

46 904 235 989 privilegiis
259 905 329 966 suis
352 905 504 987 antiquis
528 909 563 965 et
587 923 705 966 eorum
728 905 806 966 usui
838 925 877 967 ac
910 905 1152 968 consuetudini
1185 907 1222 968 iu
1253 908 1335 969 arti-

43 1096 170 1165 receptis
188 1094 383 1164 religionibus
410 1094 553 1163 addictos,
582 1095 713 1164 potuisse
741 1095 941 1149 amicabiliter
968 1096 1049 1149 inter
1076 1096 1154 1166 ipsos
1182 1097 1334 1166 componi3

43 1201 112 1236 curn
130 1182 699 1238 11010011161011006011116111111106111
727 1183 958 1254 Trausylvanici
986 1185 1034 1238 die
1061 1187 1128 1239 22-a
1156 1185 1235 1239 Julii
1263 1185 1334 1237 armi

42 1273 203 1343 superioris
221 1273 342 1326 uberius
371 1272 618 1340 intellexerimus,
646 1277 795 1326 tractatus
822 1275 903 1327 inter
931 1273 999 1328 illos
1026 1275 1152 1345 desuper
1179 1275 1335 1328 institutos

43 1362 136 1416 fuiffle
155 1363 265 1430 irritos,
285 1367 316 1415 et
335 1363 478 1432 utrinque
496 1360 534 1414 ad
553 1361 733 1415 decisionem
751 1363 891 1417 Nostram
911 1362 1052 1417 Caesareo
1077 1364 1206 1433 Regiam
1234 1380 1335 1434 provo-

42 1457 144 1504 catum
163 1453 211 1520 sit,
231 1451 291 1504 Nos
319 1452 392 1504 visis
411 1455 442 1504 et
461 1450 656 1504 consideratis
675 1452 721 1518 iis,
750 1457 815 1505 tum
844 1470 919 1523 quae
947 1453 1018 1506 hinc
1046 1453 1116 1506 inde
1144 1455 1176 1507 in
1204 1453 1336 1506 medium

41 1541 144 1609 allata,
164 1547 230 1594 tum
249 1557 324 1611 quae
343 1558 360 1592 a
378 1539 459 1592 dicto
476 1538 629 1593 Gubernio
648 1543 796 1612 proposita
809 1547 889 1609 sunt,
909 1560 972 1596 rem
982 1542 1185 1612 judicavimus
1198 1543 1336 1613 sequenti

42 1631 129 1684 modo
147 1631 386 1684 terminandam:
416 1633 439 1683 1.
467 1629 602 1695 Quatuor
629 1630 804 1700 Religiones
832 1632 864 1685 in
893 1631 1114 1702 Transylvania
1141 1636 1276 1702 receptas
1304 1634 1336 1684 in

42 1721 138 1774 libero
157 1720 307 1788 exercitio,
333 1719 461 1789 juribus,
489 1719 583 1788 bonis,
611 1725 642 1772 et
664 1721 904 1790 possessionibus
932 1721 979 1774 uti
1007 1722 1045 1775 iis
1073 1739 1155 1775 nunc
1182 1722 1335 1788 fruuntur,

41 1813 109 1864 sine
138 1811 309 1864 turbatione
334 1809 543 1880 qualicunque,
572 1809 672 1879 quiete
701 1815 732 1862 et
758 1810 880 1880 pacifice
909 1811 941 1863 in
969 1816 1119 1882 posterum
1147 1811 1336 1882 reliquendus

41 1917 115 1954 esse.
135 1901 160 1954 2.
181 1897 254 1953 Cum
274 1898 445 1968 Catholicis,
464 1899 502 1952 ab
521 1898 649 1952 addictis
677 1900 803 1953 caeteris
830 1899 1036 1970 religionibus,
1065 1900 1274 1954 Reformatum
1302 1905 1337 1952 ut

41 1995 154 2043 vocant
185 1989 341 2060 Templum
372 2006 433 2042 una
465 2007 532 2042 cum
566 1987 774 2042 Unitariorum
803 1987 935 2060 Collegio
962 1989 1155 2062 Claudiopoli‚
1184 1997 1215 2043 et
1242 1989 1337 2043 Albae

40 2079 63 2133 J
66 2079 147 2134 uliae
161 2079 317 2150 Templum
331 2079 516 2147 Bathorium,
530 2083 560 2131 et
573 2078 663 2132 simul
676 2078 809 2132 oblatum
824 2081 878 2133 sit:
892 2080 968 2150 quod
979 2081 1148 2151 quindecim
1158 2079 1337 2133 florenorum

41 2168 180 2222 millibus
199 2185 309 2238 pagum
323 2167 474 2221 Monostor
493 2185 510 2220 a
528 2167 668 2220 moderno
687 2183 849 2238 possessore
868 2169 1021 2237 redimere,
1041 2175 1072 2222 et
1091 2168 1254 2222 Catholicis
1270 2168 1337 2237 jure

40 2258 200 2329 perennali
219 2259 252 2311 in
271 2273 343 2312 usus
362 2255 563 2310 Ecclesiamm
583 2260 613 2308 et
632 2255 806 2309 scholarum
826 2255 1046 2311 Catholioorum
1065 2293 1100 2301 -
1128 2257 1338 2328 applicandum

41 2347 163 2400 tradere
173 2346 270 2400 velint
281 2363 287 2414 3
302 2347 361 2400 Nos
371 2345 401 2398 id
412 2362 499 2398 omne
508 2351 608 2398 ratum
620 2350 800 2416 gratumque
813 2345 957 2400 habentes
970 2349 1139 2400 executioni
1153 2349 1339 2420 quantocyus

40 2437 184 2490 volumus
202 2436 347 2490 mandari.
370 2435 418 2505 (N.
437 2435 470 2487 B.
491 2437 516 2486 A
536 2433 691 2487 Resolutio
709 2435 908 2488 Alvincziana
926 2451 942 2488 0
961 2441 1065 2506 pontot
1084 2437 1137 2508 igy
1150 2436 1273 2507 egdsziti
1287 2437 1338 2491 ki:

39 2527 69 2579 S.
92 2525 123 2579 G.
142 2525 179 2579 R.
199 2525 238 2579 M.
257 2525 390 2578 declarat
413 2528 522 2591 tamen,
536 2523 593 2576 sibi
606 2523 724 2592 gratius
736 2523 806 2592 fore,
821 2529 856 2577 ut
874 2524 937 2578 loco
949 2525 1116 2579 Reformati
1129 2525 1338 2580 Unitariorum

39 2615 192 2686 templum
223 2613 406 2684 Claudiopoli
438 2612 601 2666 Catholicis
628 2615 790 2666 evacuetur
819 2620 849 2666 et
876 2613 1022 2683 medetur,
1051 2616 1235 2686 accipiatque
1263 2615 1338 2667 illud

41 2713 199 2775 tamquam
218 2704 371 2774 singulare
390 2703 557 2757 devotionis
576 2707 797 2772 argumentum,
817 2701 959 2757 Caesarea
978 2705 1075 2775 Regia
1093 2706 1195 2774 gratia
1213 2707 1245 2758 in
1270 2705 1339 2758 aliis

38 2795 242 2849 occurrentiis
262 2795 490 2864 agnoscendum,
510 2798 540 2846 et
556 2793 648 2863 jussit
668 2795 760 2846 etiam
779 2796 882 2848 statim
902 2811 935 2847 eo
961 2811 1031 2848 casu
1059 2797 1130 2848 5000
1158 2793 1338 2848 florenorum

39 2885 289 2954 hungaricalium
317 2901 464 2940 summam
492 2883 651 2952 Unitariis,
680 2903 732 2954 pro
760 2884 892 2938 subsidio
920 2889 1075 2938 sumtuum
1098 2885 1204 2939 iisdem
1224 2887 1339 2937 incum-

39 2975 191 3044 bentium,
219 2976 392 3044 numerari).
421 2976 446 3029 3.
466 2973 574 3027 Curam
593 2973 728 3028 habituri
748 2990 858 3043 sumus,
882 2979 916 3028 ut
935 2993 987 3046 pro
1014 2975 1207 3028 institutione
1232 2975 1339 3044 juven-

41 3065 125 3118 tutis
143 3063 322 3134 Catholicae,
347 3070 377 3118 et
399 3063 521 3132 Scholis,
544 3063 620 3118 tales
645 3064 846 3118 adhibeantur
868 3064 1080 3134 Ecclesiastici,
1110 3065 1161 3134 qui
1189 3066 1337 3117 virtutmn

38 3171 79 3207 ac
109 3153 282 3207 concordiae
309 3171 369 3206 non
389 3155 497 3220 miuus,
527 3171 616 3224 quam
635 3154 792 3207 literarum
811 3143 946 3224 studiosi,
974 3155 1053 3207 nulli
1071 3154 1213 3224 religioni
1232 3155 1339 3207 merito

38 3244 191 3313 suspecti.
216 3261 278 3298 esse
315 3245 445 3314 possint;
483 3243 531 3313 (N,
569 3243 601 3295 B.
639 3260 656 3296 a
693 3259 762 3296 nem
799 3242 973 3297 katholikus
1001 3243 1112 3296 rendek
1145 3261 1162 3295 a
1190 3242 1340 3312 jersuitaik

38 3333 198 3386 kizArtsat
237 3333 420 3404 ohajtottak)
461 3350 642 3404 agemusque
682 3339 718 3386 ut
758 3332 929 3386 Catholicae
972 3333 1112 3403 religioni
1153 3333 1193 3386 de'
1236 3332 1362 3406 idoneo¹

40 3423 169 3476 Vieario
200 3423 377 3493 Apostolicc,
409 3424 461 3494 qui
491 3423 591 3476 omnia
625 3421 821 3492 Episcopalia,
853 3427 883 3474 et
912 3439 987 3492 quae
1018 3421 1151 3474 muneris
1183 3427 1235 3473 aut
1263 3421 1341 3490 juris

38 3511 201 3564 Ordinarii
232 3518 312 3580 sunt,
344 3512 554 3566 administrare
586 3513 644 3564 rite
669 3512 770 3581 possit,
802 3511 1008 3581 prospiciatur.
1039 3510 1181 3564 Liberum
1213 3510 1341 3580 denique

39 3601 221 3670 Catholicis,
250 3602 340 3671 juxta
370 3603 564 3672 ipsorummet
595 3602 734 3655 Statuum
772 3601 896 3672 reliquis
929 3601 1125 3672 religionibus
1156 3601 1341 3654 addictorum

37 3690 280 3744 declarationem
300 3697 331 3744 et
349 3691 538 3759 oblationem,
558 3693 599 3743 sit
618 3693 742 3762 eritque,
762 3692 794 3742 in
814 3691 994 3744 residentiae
1013 3707 1084 3744 suae
1102 3689 1175 3744 locis
1200 3708 1234 3743 ac
1263 3689 1341 3742 [tivi-

39 3779 172 3847 tatibus,
197 3780 346 3834 Ecclesiae
377 3787 407 3832 et
438 3781 590 3846 exercitia,
622 3782 687 3832 siue
719 3781 795 3833 vitio
826 3785 879 3832 aut
910 3781 1090 3833 detrimento
1121 3781 1341 3848 exercitiorum,

38 3869 248 3940 Templorum,
268 3875 321 3923 aut
340 3869 500 3938 redituum,
520 3869 588 3922 aliis
608 3869 804 3938 religionibus
835 3869 1029 3937 addictorum,
1057 3869 1202 3922 stabilire.
1231 3869 1270 3920 Et
1299 3870 1342 3921 ita

36 3957 212 4012 articulum
231 3961 360 4030 primum
380 3965 411 4012 et
439 3959 601 4013 secuudum
630 3959 788 4028 praelibati
817 3942 992 4028 diplomatis
1016 3958 1118 4012 Nostri
1146 3958 1342 4024 declarantes

36 4049 151 4100 omnia
169 4047 341 4118 diplomatis
370 4049 476 4117 capita,
503 4053 662 4118 perpetuae
687 4048 850 4100 sanctionis
879 4048 1081 4118 pragmaticae
1110 4051 1140 4099 et
1167 4046 1342 4099 fundamen-

37 4137 119 4190 talis
139 4138 347 4206 sanctimonia,
367 4136 585 4190 inviolabiliter
614 4136 753 4190 volumus
781 4136 941 4190 observari.
970 4171 1005 4178 -
1034 4139 1061 4188 A
1089 4135 1209 4189 sztszok
1224 4125 1342 4188 Ι111111111-

36 4226 149 4296 stgait
168 4225 342 4296 barttsbgos
361 4225 484 4280 alkrival
504 4225 636 4280 1111011011
666 4226 693 4278 61
722 4244 738 4278 a
766 4226 885 4279 rendelr.
915 4226 955 4277 ΕΖ
984 4224 1070 4278 alluit
1099 4243 1116 4277 a
1143 4224 1244 4296 kirtly
1274 4227 1343 4279 1693

36 4316 156 4386 aprilis
175 4314 274 4370 7-ike'n
294 4316 358 4369 kelt
375 4315 538 4369 hovetkezd
565 4316 718 4369 rendelete
746 4317 848 4368 erdsiti
876 4331 961 4385 meg:
990 4314 1158 4385 Leopoldus
1186 4319 1240 4367 etc.
1270 4315 1343 4368 Visa

36 4406 250 4458 conventione
269 4404 429 4474 amicabili,
449 4406 480 4458 111
500 4406 652 4476 sequelam
671 4405 842 4475 appendicis
862 4403 898 4456 ad
912 4403 1073 4456 articulum
1087 4403 1147 4455 0111
1160 4403 1342 4473 diplomatis,

35 4512 57 4547 a
79 4493 180 4548 Nobis
199 4493 338 4547 fidelibus
356 4495 468 4548 nostris
487 4494 739 4566 Transsylvauiae
759 4493 892 4546 Statibus
912 4494 960 4546 4-a
986 4491 1158 4545 Decembris
1178 4493 1249 4545 armi
1274 4495 1342 4546 1691

35 4585 181 4637 concessi
200 4584 233 4636 in
252 4581 389 4637 comitiis
407 4584 473 4636 aaa
499 4584 613 4654 Aprilis
632 4600 727 4653 nuper
749 4581 860 4635 Cibinii
879 4582 1045 4649 celebratis,
1074 4582 1154 4634 inter
1182 4579 1343 4635 Saxonicas

36 4677 169 4726 nostras
189 4671 335 4726 Civitates
353 4689 442 4742 super
462 4689 562 4726 eorum
588 4672 815 4743 gravaminibus
843 4689 910 4724 cum
938 4671 1062 4741 reliquis
1091 4670 1343 4741 Transsylvaniae
