3142 5216
229 365 296 428 822

229 559 417 644 Deputatio
441 563 478 626 in
502 561 843 628 Commissariaticis⁶
866 560 1071 644 laboratura,
1096 561 1200 626 talem
1216 560 1364 642 modum,
1380 563 1441 644 qui
1460 560 1525 624 sal-

230 669 283 730 vis
299 667 451 752 Legibus
467 667 712 732 Contribuenti
735 691 837 754 quam
853 670 994 732 minime
1009 671 1127 752 gravis
1144 671 1198 750 sit,
1214 675 1249 732 et
1273 667 1383 732 indoli
1406 667 1525 731 Plebis

231 777 422 858 conveniat,
447 797 633 859 proponere
665 775 812 860 studeat,
836 773 964 839 futuris
997 773 1165 858 Oomitiis·
1180 777 1216 840 in
1239 773 1523 839 deliberationem

231 881 443 965 sumendum,
466 889 501 946 et
526 889 627 966 prout
650 890 858 947 conventum
886 879 1000 965 fuerit,
1024 883 1061 946 in
1083 881 1213 968 Legem
1235 880 1464 946 referendum.

276 1055 374 1126 1792:
397 1057 580 1126 Articulus
605 1059 635 1125 b'.
662 1057 714 1124 De
740 1056 851 1125 libere
878 1056 1067 1126 Oblatione
1088 1078 1155 1146 per
1179 1057 1341 1148 Regnum
1363 1057 1477 1146 secta.

337 1239 378 1256 μ
404 1201 461 1267 SS.
489 1209 524 1268 et
557 1202 626 1268 00.
651 1241 691 1250 -
725 1211 766 1268 ut
797 1203 998 1268 Provincias
1030 1203 1124 1286 aliae,
1156 1203 1364 1288 Plebemque
1397 1204 1524 1288 Regni,

228 1307 387 1403 oneribus
403 1309 494 1377 Belli
509 1309 646 1374 Turcici
661 1317 877 1376 attenuatam
893 1309 1083 1394 sublevent,
1093 1309 1152 1374 sed
1168 1311 1338 1394 imprimis
1354 1333 1523 1376 examore

228 1423 263 1479 et
286 1415 412 1482 fiducia
435 1440 517 1503 erga
542 1417 645 1482 Suam
658 1415 886 1502 Majestatem,
902 1418 965 1482 sub
982 1417 1125 1482 cautelis
1142 1417 1275 1503 Legum
1291 1425 1327 1482 et
1343 1421 1523 1506 signanter

228 1521 378 1588 Articuli
402 1525 453 1588 63.
479 1525 573 1590 1741.
598 1527 748 1611 quinque
765 1525 862 1590 Mille
878 1525 1031 1608 Tirones,
1047 1525 1147 1589 modo
1164 1526 1200 1589 in
1218 1531 1388 1608 postrema
1405 1526 1522 1590 Statu-

227 1633 320 1694 tione
337 1634 465 1695 usitato
481 1631 690 1714 statuendos,
705 1631 800 1696 mille
816 1653 928 1716 equos,
944 1639 1092 1717 quatuor
1107 1631 1280 1696 Milliones
1295 1631 1521 1696 Florenorum

227 1737 436 1820 obtulerunt,
459 1759 526 1823 qua
550 1738 723 1803 oblatione
748 1742 785 1802 in
809 1738 929 1821 milite,
945 1739 1054 1822 Equis
1070 1744 1105 1802 et
1120 1735 1210 1802 Aere
1226 1745 1354 1822 parate,
1370 1747 1432 1803 aut
1449 1737 1524 1822 ejus

226 1845 473 1930 aequivalente,
494 1842 597 1928 juxta
621 1845 821 1910 methodum
845 1867 904 1928 per
927 1843 984 1910 SS.
1009 1851 1044 1910 et
1070 1844 1138 1910 00.
1155 1849 1373 1928 propositam,
1390 1869 1408 1910 a
1427 1847 1460 1911 S.
1477 1848 1522 1911 M.

227 1950 471 2037 benignissime
494 1959 681 2036 acceptata,
705 1952 810 2016 iidem
834 1951 890 2016 SS.
915 1958 951 2016 et
975 1951 1043 2016 00.
1068 1951 1364 2017 decreverunt...

228 2126 411 2196 Articulus
436 2129 466 2195 9.
499 2127 551 2194 De
578 2127 717 2196 Netinis
745 2125 930 2216 Hungaris
959 2127 1008 2194 ud
1035 2127 1205 2217 Legiones
1230 2127 1464 2217 Hunpurieas
1490 2133 1523 2194 el

228 2233 470 2320 Confiniuries
491 2255 560 2323 pro
584 2235 834 2326 Superioribus
863 2255 906 2303 ac
929 2234 1137 2303 Stabulibus
1165 2236 1273 2303 etium
1302 2235 1524 2324 officialibus

228 2341 437 2430 deligendis,
462 2343 785 2433 consumendisque
808 2343 1004 2433 Legionem
1028 2343 1294 2432 Proprieiuriis,
1319 2363 1363 2411 ae
1385 2343 1524 2410 Juven-

336 2451 421 2518 lutis
444 2450 613 2520 Militaria
639 2452 674 2520 in
702 2452 905 2521 academiis
930 2451 1148 2520 Militaribus
1175 2450 1410 2520 Institutione.
1491 2503 1494 2508 .

333 2597 427 2682 Erga
451 2597 633 2662 demissam
657 2597 713 2662 SS.
733 2605 767 2662 et
787 2597 855 2662 ΟΟ.
872 2599 1138 2681 propositionem
1154 2619 1309 2680 supereo
1326 2597 1466 2680 factam,
1483 2605 1525 2660 ut

227 2709 269 2772 in¹
286 2704 478 2789 deligendis
505 2705 549 2770 ad
566 2706 734 2790 Legiones
750 2706 967 2790 Hungarieas
983 2713 1018 2770 et
1034 2704 1261 2770 Oonfiniarias
1277 2705 1524 2788 Superioribus

225 2835 264 2876 ae
287 2811 485 2876 Stabalibus
508 2817 614 2880 etiam
637 2811 861 2896 officialibus,
885 2813 1202 2898 constituendisque
1226 2813 1419 2898 Legionum
1439 2813 1523 2878 Pro-

226 2921 406 3003 prietariis,
438 2919 646 2984 Nativorum
669 2919 914 3004 Hungarorum
938 2918 1133 3001 praeferens
1166 2922 1254 2984 ratio
1279 2918 1460 3003 habeatur,
1484 2943 1523 2984 ac

225 3027 399 3092 Juventus
422 3030 528 3091 etiam
551 3025 718 3110 Hungara
742 3027 778 3089 in
801 3025 997 3090 Academiis
1021 3024 1232 3090 Militaribus
1255 3027 1299 3090 ad
1327 3025 1522 3091 Servitium

225 3135 377 3200 Militare
402 3141 548 3218 paretur,
573 3133 605 3198 S.
629 3133 674 3198 M.
699 3133 730 3197 S.
747 3132 830 3197 haec
847 3133 904 3198 SS.
920 3140 955 3196 et
972 3133 1140 3197 Ordinum
1156 3133 1323 3198 desideria
1335 3131 1432 3216 justa
1449 3157 1523 3198 esse

225 3243 447 3328 agnoscendo,
471 3265 538 3307 una
558 3242 744 3306 clementer
758 3240 926 3305 resolvere
943 3241 1085 3326 dignata
1101 3247 1162 3322 est,
1178 3241 1268 3326 quod
1284 3241 1366 3305 licet
1383 3244 1420 3306 in
1436 3241 1523 3306 Ger-

224 3353 366 3414 manicis
389 3352 464 3414 viee
488 3371 586 3414 versa
610 3347 829 3432 Legionibus,
853 3349 1013 3433 Hungari
1037 3352 1073 3412 in
1096 3348 1263 3433 qualitate
1296 3349 1520 3432 Superiorum

224 3479 263 3521 ae
287 3459 391 3521 etiam
415 3455 608 3522 Stabalium
633 3454 843 3520 Officialium
866 3463 947 3519 actu
970 3458 1233 3538 constituantur,
1258 3455 1326 3520 Sua
1344 3456 1522 3521 nihilomi-

224 3587 288 3630 nus
311 3562 473 3648 Majestas
497 3564 539 3627 de
562 3561 702 3626 Actuali
726 3561 935 3626 Officialium
959 3564 1203 3649 Hungarorum
1235 3566 1273 3627 in
1305 3563 1523 3649 Legionibus

223 3681 295 3736 tarn
318 3673 528 3755 Hungarieis
551 3691 654 3754 quam
678 3669 891 3734 Germanicis
915 3673 1138 3734 existentium
1157 3691 1298 3734 numero
1315 3672 1522 3755 requisitam

224 3779 504 3844 informationem
527 3784 678 3859 captura,
702 3799 741 3840 ac
765 3778 846 3841 dein
869 3799 944 3841 eam
967 3779 1097 3841 initura
1120 3780 1165 3841 eit
1190 3779 1366 3859 rationem,
1391 3787 1432 3842 ut
1453 3801 1523 3843 ser-

223 3893 305 3950 vata
328 3885 463 3970 ricquali
479 3885 703 3966 Propertione
720 3884 864 3948 ulterior
879 3885 1083 3969 querelandi
1098 3907 1180 3948 ansa
1196 3884 1348 3966 tollatur,
1363 3885 1521 3972 adeoque

224 3999 336 4060 nativi
359 3995 519 4079 Hungari
543 4015 601 4076 spe
625 4015 664 4057 ea
688 4000 790 4076 certa,
814 3995 903 4078 quod
941 4015 1000 4077 pro
1034 3997 1166 4058 meritis
1198 3995 1268 4057 suis
1300 3994 1344 4058 ad
1377 3994 1522 4058 altiores

224 4104 360 4167 Gradus
394 4101 578 4166 eluctaturi
601 4109 690 4185 sunt,
715 4101 839 4183 allecti,
863 4102 1027 4166 Militiam
1051 4107 1246 4186 sequantur,
1269 4101 1327 4166 sed
1352 4109 1387 4165 et
1412 4103 1458 4166 de
1482 4123 1524 4166 eo

224 4210 371 4294 benigne
406 4211 583 4292 provisura
616 4211 670 4292 sit,
703 4217 743 4273 ut
771 4210 1016 4293 Hungarorum
1040 4212 1145 4272 etiam
1169 4209 1376 4274 Militarium
1399 4208 1522 4274 Offici-

222 4319 328 4382 alium
352 4315 452 4380 Filiis
476 4318 513 4380 in
545 4315 742 4380 Academiis
774 4315 986 4381 Militaribus
1020 4339 1055 4380 se
1087 4317 1131 4380 ad
1164 4316 1331 4380 Militaria
1365 4317 1524 4382 Servitia

223 4423 394 4488 formandi
419 4426 557 4507 occasiO,
582 4427 618 4488 in
642 4431 810 4509 quantum
834 4421 909 4487 fieri
933 4427 1093 4507 potuerit,
1119 4423 1330 4508 praebeatur.

331 4663 340 4691 ⁵
360 4656 385 4708 A
406 4654 574 4724 katonasirg
593 4653 754 4708 elltte'rsdra
774 4652 804 4710 ds
824 4652 1079 4708 elszdlltsolr'rstra
1099 4652 1266 4707 vonatkozd
1286 4653 1393 4724 [lgyek.
