3144 5218
1275 379 1341 443 523

56 571 311 653 confirmarunt3
350 569 448 655 cujus
486 573 626 658 quidem
664 574 862 658 diplomatis
899 573 982 639 haee
1021 583 1072 640 est
1111 579 1232 640 series:
1270 576 1342 642 Nos

54 679 288 744 Ferdinandus
320 679 376 744 HI
378 727 479 744 .....
519 683 701 745 memoriae
733 681 1010 746 commendamus
1025 732 1032 746 .
1049 733 1055 747 .
1073 731 1103 748 ..
1140 683 1230 768 quod
1263 705 1342 748 cum

54 786 281 871 superioribus
314 789 467 871 proxime
506 788 630 871 elapsis
668 788 881 872 temporibus
919 792 1005 853 certi
1037 795 1151 854 motus
1184 792 1342 854 intestini

53 906 85 957 et
107 893 318 959 hostilitates
342 897 378 960 in
401 917 507 981 regno
530 902 647 960 nostro
666 895 783 980 Hung.
800 902 938 960 exortae
962 895 1126 978 fuissent,
1149 897 1341 982 exindeque

55 1023 115 1084 pax
140 1009 175 1065 et
205 1003 440 1088 tranquillitas
473 1006 637 1088 regnique
670 1006 767 1088 quies
800 1003 1001 1087 perturbata
1032 1007 1239 1085 exstitisset,
1271 1025 1341 1086 nos,

53 1120 190 1192 paterna
223 1117 258 1174 et
291 1109 440 1196 benigna
472 1110 652 1176 affectione
685 1114 780 1194 moti,
812 1109 981 1194 ejusmodi
1011 1114 1193 1177 suscitatos
1214 1110 1342 1176 tumul-

52 1228 118 1301 tus,
157 1227 197 1281 ut
237 1217 426 1282 Christiani
465 1221 643 1303 sangviuis
680 1218 840 1284 effusioni
879 1227 1088 1303 parceretur,
1130 1219 1341 1304 sublatisque

52 1327 86 1388 in
117 1347 223 1410 regno
256 1325 436 1411 quibusvis
464 1327 624 1412 dissidiis,
658 1328 839 1414 indigenae
872 1331 987 1414 quiete
1020 1337 1056 1392 et
1088 1328 1341 1413 tranquillitate

53 1431 326 1515 perfruerentur,
360 1434 604 1518 placidioribus
638 1438 752 1519 potius
790 1439 1032 1500 transactionis
1070 1437 1201 1519 mediis,
1240 1457 1342 1520 quam

50 1561 221 1604 armorum
244 1543 281 1604 vi
309 1544 437 1625 sopitos
469 1549 504 1606 et
537 1545 741 1626 compositos
773 1566 844 1608 esse
877 1547 1062 1628 cupientes
1094 1544 1135 1608 ad
1171 1543 1342 1627 postulata

51 1658 83 1711 et
109 1652 364 1731 praetensiones
388 1650 511 1714 illustr,
535 1650 677 1736 Georgii
693 1650 854 1734 Rtkdczi,
875 1653 1038 1734 principis
1057 1651 1342 1732 Transsilvaniae,

50 1756 264 1838 quarrmdam
289 1761 438 1840 partium
462 1761 561 1844 regni
583 1758 700 1844 Hung.
731 1759 870 1840 domini,
902 1757 1096 1822 Siculorum
1127 1760 1272 1840 comitis,
1304 1779 1343 1820 ac

50 1863 162 1926 eidem
185 1863 446 1930 adhaerentium
478 1865 732 1952 Hungarorum,
765 1887 827 1930 nos
859 1866 1045 1930 clementer
1076 1865 1342 1942 declaravimus;

50 1993 196 2054 quarum
212 1975 317 2038 etiam
341 1973 570 2060 benignarum
593 1977 849 2040 concessionum
872 1985 1067 2038 nostrarum
1091 1975 1195 2036 series
1214 1971 1343 2056 (quem-

49 2078 235 2142 admodum
270 2087 342 2144 tam
381 2083 417 2144 in
456 2087 606 2145 tractatu
640 2081 877 2166 Tyrnaviensi,
910 2102 1013 2165 quam
1045 2081 1152 2144 etiam
1183 2078 1342 2142 ultimate

50 2187 164 2250 medio
192 2185 344 2271 ablegati
376 2187 419 2251 ad
455 2187 648 2270 praefatum
681 2189 871 2270 prinoipem
902 2185 1198 2271 Transsylvaniae,
1231 2183 1343 2248 fidelis

49 2301 186 2356 nostrae
211 2296 342 2379 egregii
365 2295 510 2359 ι10111111
533 2294 648 2376 Toros,
670 2294 755 2358 alias
779 2315 931 2358 camerae
955 2301 1092 2358 nostrae
1122 2292 1342 2377 Hungaricae

49 2400 246 2482 consiliarii,
262 2408 471 2466 conventum
486 2402 561 2483 est),
585 2403 740 2485 sequitur
763 2403 800 2464 in
823 2400 914 2465 hune
937 2400 1094 2465 modum:
1118 2399 1145 2463 I.
1167 2399 1344 2476 Quantum

49 2508 89 2570 nd
117 2510 297 2592 negotium
322 2508 498 2594 religionis
522 2511 666 2589 attinet,
690 2507 836 2572 articulo
860 2507 886 2572 Ι.
910 2510 991 2572 anni
1017 2507 1104 2571 1608
1122 2515 1203 2570 ante
1222 2505 1343 2571 Ceron.

49 2615 154 2696 edit0,
178 2621 213 2679 et
237 2615 464 2698 diplomatum
487 2618 660 2701 regiorum
683 2615 879 2680 conditione
904 2615 933 2678 6.
961 2614 1105 2699 aliisque
1137 2613 1343 2698 subsequen-

50 2723 145 2788 tibus
170 2723 352 2807 superinde
376 2726 474 2808 regni
498 2726 639 2787 statutis
663 2725 699 2786 in
722 2725 841 2808 vigore
865 2722 1004 2805 relictis,
1028 2723 1240 2806 diversisque
1266 2720 1344 2784 hac-

50 2837 152 2894 tenus
177 2829 432 2914 impedimentis
456 2836 490 2893 et
515 2829 858 2913 interpretationibus
882 2852 950 2893 non
974 2828 1201 2912 obstantibus,
1234 2826 1344 2891 decla-

49 2947 166 3002 ratum
189 2945 224 3002 et
248 2936 445 3002 conclusum
468 2943 529 3020 est,
554 2937 644 3022 quod
669 2959 785 3002 omnes
809 2936 841 3001 S.
860 2936 892 3000 S.
909 2945 943 3000 et
961 2935 998 3001 Ο.
1016 2936 1053 3000 Ο.
1070 2939 1168 3022 regni
1184 2939 1343 3019 ipsaeque

50 3043 180 3108 liberae
204 3047 374 3126 civitates,
397 3067 460 3108 nec
483 3065 552 3108 non
575 3043 701 3126 oppida
718 3043 938 3128 privilegiata
954 3051 989 3106 et
1006 3043 1134 3107 milites
1151 3043 1345 3126 Hungarici

51 3153 86 3215 in
109 3150 269 3216 confiniis
292 3155 391 3238 regni
414 3152 561 3217 liberum
585 3151 736 3215 habeant
769 3150 896 3235 ubique
929 3173 1008 3215 suae
1041 3151 1218 3236 religionis
1250 3171 1345 3212 exer-

50 3262 183 3341 citium,
207 3281 285 3322 cum
308 3259 417 3323 libero
440 3259 655 3342 templorum,
678 3281 919 3342 campanarum
943 3267 977 3323 et
1010 3258 1205 3342 sepulturae
1238 3261 1344 3323 usu:²

49 3413 210 3484 oklevelet,
238 3415 356 3487 Lippuy
384 3415 469 3469 ersek
497 3433 515 3468 1
543 3415 654 3486 papsag
681 3414 817 3470 neveben
846 3415 1017 3468 tiltakozott
1036 3431 1054 3466 1
1073 3412 1147 3467 beke
1172 3412 1344 3481 valltsdgyi

50 3505 166 3574 pontjai
186 3505 272 3559 ellen.
299 3504 939 3577 111111110111111110101116111111111131
965 3503 1068 3558 fdrend
1091 3505 1124 3557 is.
1152 3501 1229 3556 Grdf
1245 3499 1344 3571 Ptlffy

50 3593 104 3646 Ptl
124 3594 295 3664 orsztgbird
314 3594 434 3665 nyiltan
453 3593 640 3648 rosszallotta
658 3610 692 3646 11
715 3592 801 3647 ersek
829 3591 978 3662 eljtrtstt.
1007 3593 1034 3645 A
1062 3589 1268 3662 protestansok
1296 3595 1345 3641 111

50 3681 235 3752 lilivetoltelr,
252 3684 331 3755 hogy
346 3701 364 3736 a
383 3683 494 3754 papstg
513 3683 603 3753 vonja
621 3685 719 3737 vissza
738 3701 756 3736 a
775 3681 956 3736 tiltaliozltst.
976 3681 1094 3751 Lippay
1113 3697 1181 3733 nem
1194 3676 1344 3746 angadett.

50 3775 93 3827 Aa
114 3773 297 3843 izgatottsbg
316 3774 386 3827 osak
405 3774 498 3828 akkor
518 3773 679 3843 csillapult,
699 3772 799 3826 middn
819 3790 836 3824 a
856 3770 956 3841 kirtly
975 3765 1226 3824 oktdber22-ilren
1239 3765 1344 3819 drbkre

50 3860 306 3932 e'rvenytelennek
326 3862 544 3934 nyilvtnltotta
562 3879 580 3915 a
599 3861 710 3932 papstg
730 3860 930 3914 tiltakoztstt.

161 3957 171 3984 ⁸
191 3953 218 4004 Α
238 3951 398 4023 tizennegy
418 3969 523 4022 megye
543 3950 574 4006 es
594 3951 647 4004 hat
666 3949 773 4004 szabad
792 3949 904 4019 kirtlyi
919 3949 1005 4003 varos
1024 3948 1144 4002 kbvetei
1163 3963 1197 3999 11
1218 3943 1345 3998 lumini

51 4039 147 4109 tokaji
169 4038 709 4110 3111616111111111161111111111111
730 4038 1034 4110 igynyilatkoz'nak:
1063 4037 1146 4102 Quod
1174 4053 1232 4088 non
1261 4032 1346 4087 modo

50 4127 219 4199 parochiae,
229 4128 280 4182 sed
300 4129 392 4182 etiam
411 4129 523 4199 templa
542 4129 579 4182 ab
598 4128 782 4198 evangelicis
801 4144 853 4198 per
871 4127 1005 4180 dominos
1025 4131 1181 4180 terrestres
1199 4128 1252 4177 1111
1271 4121 1345 4175 alios

50 4218 173 4289 quosvis
201 4223 343 4288 occupata
371 4220 567 4286 exstitissent,
587 4218 751 4288 sepulturis
771 4218 862 4270 etiarn
882 4223 912 4270 et
936 4233 991 4269 usu
1014 4232 1225 4286 campanarum
1254 4214 1345 4266 inter-

49 4307 159 4360 dictis.
174 4345 200 4359 ..
221 4304 295 4359 Cum
314 4312 415 4360 autem
433 4323 528 4360 novae
548 4307 716 4360 istiusmodi
739 4307 921 4360 mutationes
949 4311 980 4358 et
998 4305 1181 4358 variationes
1210 4318 1261 4373 pro
1290 4317 1345 4353 usu

49 4412 115 4451 esse
144 4401 175 4448 et
202 4395 261 4449 dici
291 4411 349 4449 non
369 4397 490 4467 possint,
510 4396 546 4448 ad
566 4395 738 4449 libertatem
757 4412 829 4450 usus
849 4396 879 4448 vi
908 4400 1090 4448 statutorum
1118 4392 1291 4463 requiritur,
1312 4395 1346 4440 ut

51 4485 131 4539 idem
160 4484 315 4556 religionis
340 4501 410 4539 usus
429 4486 461 4538 in
480 4485 707 4556 frequentandis
727 4485 832 4538 iisdem
852 4483 980 4554 templis,
1000 4500 1055 4536 usu
1084 4496 1296 4552 campanarum
1315 4485 1346 4529 et

50 4575 225 4645 sepulturis,
244 4576 296 4646 qui
316 4582 446 4646 tempore
475 4574 586 4628 conditi
606 4574 696 4644 hujus
715 4574 837 4629 articuli
857 4575 929 4628 anni
950 4575 1026 4628 1608.
1049 4573 1157 4636 fuerat,
1177 4570 1345 4624 reducatur.

51 4663 216 4734 (Sziltgyiz
236 4666 263 4718 A
282 4665 371 4718 linczi
391 4663 465 4718 beke
484 4664 651 4718 olriratttra
671 4666 712 4718 54.
733 4664 764 4729 l.)
