3138 5212
225 328 291 390 416

225 525 433 588 Francorum
467 527 557 610 regis
589 532 741 608 tempore
775 531 883 588 marte
917 525 1164 608 potentissimis
1196 523 1349 604 oriunda,
1397 523 1535 586 relicto

225 631 295 694 solo
320 633 430 714 patrio
453 633 490 695 in
510 631 596 696 hanc
620 641 747 696 terram
771 634 973 717 migravere,
996 631 1087 717 quod
1112 641 1187 696 tum
1210 653 1253 694 ex
1272 630 1535 715 Hungarorum

225 739 402 818 chronicis,
426 747 500 802 turn
524 761 566 802 ex
590 736 663 822 ejus
686 741 799 824 gentis
830 761 950 803 senum
974 739 1085 802 relatu
1117 739 1436 804 animadvertimus
1464 741 1534 823 qni

224 848 322 931 00001
347 867 406 928 per
430 867 549 910 manus
581 845 811 930 amajoribus
834 849 905 911 suis
937 849 1144 930 accipientes
1175 844 1288 929 ejusce
1311 849 1362 910 rei
1393 867 1533 910 merno-

225 957 321 1034 riam,
344 953 387 1016 ad
412 959 564 1018 nostram
587 963 736 1018 aetatem
760 976 958 1031 servavere,
983 976 1062 1018 narn
1081 963 1246 1038 regnante
1270 953 1413 1037 Geycha
1431 977 1531 1038 rege.

226 1061 306 1123 dein
339 1059 420 1122 divo
454 1059 636 1143 Stephano.
669 1066 784 1126 variae
817 1065 991 1143 patience,
1034 1062 1187 1144 Bohemi,
1223 1063 1353 1135 Poloni,
1385 1063 1532 1140 Graeci,

226 1169 377 1248 Armeni,
402 1166 506 1250 Bessi,
531 1167 689 1237 Saxones,
714 1168 893 1254 Thuringi,
917 1169 1126 1241 Rhenenses,
1149 1169 1305 1245 Cumani,
1330 1169 1461 1234 Latini.
1489 1179 1530 1232 et

225 1275 311 1338 aliae
345 1274 458 1358 plures
492 1278 528 1339 in
560 1276 752 1360 Hugariam
785 1279 963 1358 advenere,
996 1276 1191 1362 ibidemque
1231 1297 1308 1340 cum
1341 1276 1530 1360 Hungaris

227 1385 357 1447 «liutius
391 1383 613 1448 concordibus
646 1387 769 1448 animis
802 1386 975 1470 degentes
1001 1383 1100 1447 facile
1125 1381 1168 1446 ab
1192 1384 1241 1446 eis
1273 1385 1368 1446 etin
1402 1385 1529 1446 matri—

227 1493 339 1554 monia
363 1512 433 1557 sua.
456 1497 491 1554 et
515 1493 550 1553 in
575 1494 783 1554 consortium
808 1490 999 1555 nobilitatis
1022 1491 1189 1572 assumpti
1214 1487 1317 1552 fuere.
1337 1489 1385 1554 At
1411 1492 1528 1552 senio-

228 1620 279 1660 res
312 1598 501 1683 indigenae,
526 1598 567 1661 de
592 1621 708 1662 eorum
743 1602 778 1662 in
803 1599 865 1662 hae
890 1601 1065 1682 provincia
1097 1599 1229 1682 origine
1254 1599 1369 1660 varius
1393 1619 1528 1661 memo-

228 1713 312 1770 rant.
337 1706 367 1770 Ii
393 1705 483 1786 olim,
508 1707 677 1790 inquiunt,
701 1706 849 1790 quodam
874 1715 1025 1788 tempore
1045 1707 1261 1788 insurgentes
1284 1713 1401 1768 contra
1430 1707 1525 1787 prin-

227 1817 317 1897 cipes
341 1835 418 1876 0000
442 1823 477 1876 00
501 1811 681 1876 000001100
698 1816 802 1876 etiarn
820 1814 1022 1895 occidentes,
1045 1816 1081 1877 in
1098 1815 1209 1896 ¹patria
1234 1833 1430 1894 permanere
1452 1834 1525 1875 non

227 1935 307 1984 0000
345 1923 429 2002 ausi,
453 1931 488 1982 et
526 1920 585 1983 alii
625 1920 691 1983 alio
716 1943 787 1983 sese
822 1920 1082 1995 transtulerunt,
1122 1941 1198 2002 pars
1232 1922 1267 1983 in
1305 1920 1523 1984 Pannoniam

226 2030 404 2092 advenere.
437 2028 521 2108 Rex,
560 2028 683 2110 qui'eo
723 2029 885 2108 temporis
927 2025 1102 2111 regnabat,
1142 2025 1223 2090 licet
1256 2029 1291 2089 in
1330 2025 1524 2090 Germanos

228 2136 315 2200 malo
333 2145 421 2199 esset
436 2137 549 2197 animo
575 2143 712 2217 propter
727 2135 863 2198 assidua
887 2133 986 2215 bella,
1010 2157 1095 2220 quae
1113 2133 1308 2197 inferebant
1332 2133 1523 2218 Hungaris

229 2257 343 2306 tamen
366 2245 525 2306 misertus
551 2239 734 2326 profugum
752 2242 857 2323 exilii,
878 2253 982 2328 00000
999 2264 1143 2325 regnum
1168 2241 1295 2304 colonis
1320 2241 1522 2322 repleretur,

227 2350 315 2434 quod
344 2353 456 2413 variae
481 2349 623 2413 hostiles
647 2353 802 2414 nationes
828 2358 1119 2434 pervastaverant,
1148 2371 1214 2412 000
1238 2347 1373 2432 abjecit.
1397 2348 1457 2410 sed
1484 2350 1520 2410 in

228 2457 493 2540 Traussylvania
530 2457 606 2525 11110.
638 2467 812 2542 tamquam
852 2460 888 2520 in
912 2458 1031 2522 abdito
1060 2457 1132 2520 loca
1169 2459 1378 2542 angustiora.
1412 2454 1522 2518 incul-

228 2569 324 2628 tiora.
348 2568 583 2650 asperioraque
608 2565 732 2629 tribuit
756 2565 990 2648 inhabitanda,
1016 2588 1137 2650 eosque
1155 2587 1274 2650 regum
1299 2565 1442 2637 0010000,
1458 2565 1520 2648 001

228 2686 262 2736 00
285 2672 483 2757 jobagiones
507 2673 596 2755 apud
621 2673 804 2757 Hungaros
828 2673 1053 2756 appellantur,
1078 2674 1189 2737 voluit
1213 2696 1293 2737 esse.
1318 2671 1347 2735 Ii
1372 2674 1408 2736 in
1430 2671 1519 2734 hane

229 2802 333 2865 usque
359 2781 449 2843 diem
474 2779 600 2846 vultus.
624 2803 742 2860 mores,
766 2780 919 2864 linguam
939 2783 1090 2844 retinent
1115 2783 1269 2864 patriam.
1294 2780 1381 2844 Sunt
1403 2778 1519 2841 admo-

228 2887 310 2950 dum
335 2887 505 2968 industrii,
530 2886 698 2968 laboriosi,
723 2887 870 2970 politiae,
895 2897 1114 2965 mercaturae,
1138 2887 1362 2972 omnibusque
1385 2883 1517 2949 artibus

228 2995 433 3060 mechanicis
457 2998 671 3080 potissimum
696 2997 813 3060 dediti.
837 2997 973 3079 Rapina
997 3007 1057 3060 aut
1083 2996 1213 3061 furtum
1238 3019 1299 3060 000
1323 2995 1519 3058 nominatur

229 3109 318 3169 inter
342 3127 406 3186 eos,
431 3103 515 3168 cibis
540 3107 649 3188 magis
673 3107 879 3185 necessariis,
903 3126 1006 3189 quam
1022 3106 1202 3190 exquisitis
1235 3111 1427 3166 vescuntur.
1450 3100 1518 3164 Rei

228 3213 442 3294 domesticae,
466 3212 619 3297 aliaeque
643 3212 862 3295 supellectilii
885 3213 1061 3296 augendae
1095 3215 1290 3294 impensius
1314 3231 1415 3294 quam
1448 3208 1517 3272 ulla

227 3320 294 3383 0110
319 3323 355 3384 10
378 3344 417 3384 00
442 3323 617 3402 provincia
646 3323 748 3400 natio,
773 3323 908 3400 intenti,
941 3319 1111 3404 alienique
1137 3321 1277 3382 minime
1310 3326 1516 3400 appetentes

228 3432 380 3492 contenti
405 3451 482 3509 suo,
506 3429 657 3512 adeoque
682 3428 921 3492 struendorum
951 3427 1192 3503 aedificiorum,
1215 3447 1375 3510 agrorum
1409 3423 1516 3487 colen-

228 3537 358 3619 dorum,
381 3545 416 3600 00
440 3539 618 3600 vinearum
636 3535 898 3618 plantandarum
922 3536 1075 3616 studiosi,
1100 3545 1139 3600 00
1163 3558 1202 3598 00
1222 3543 1317 3618 parte
1341 3532 1515 3616 Transsyl-

230 3644 358 3721 varniae,
390 3664 493 3726 quam
526 3642 675 3707 Saxones
708 3644 872 3724 incolunt,
910 3643 1005 3707 nulla
1039 3643 1145 3706 ferme
1188 3645 1233 3707 sit
1267 3643 1375 3718 hodie,
1409 3663 1513 3725 neque

229 3748 410 3832 pulchrior,
434 3771 542 3834 neque
576 3749 791 3831 foecundior,
823 3752 913 3835 quod
947 3753 1146 3814 successivis
1180 3747 1389 3832 temporibus
1422 3772 1514 3833 reges

229 3855 395 3933 ridentes
420 3878 475 3919 eos
506 3859 650 3940 privatis
675 3856 809 3942 legibus
832 3881 871 3920 ac
891 3854 1028 3938 juribus
1052 3857 1316 3940 municipalibus
1340 3857 1513 3935 donavere,

229 3985 392 4048 muroque
428 3967 588 4027 civitates
621 3966 831 4029 circumdare
865 3969 1056 4047 permisere.
1089 3965 1190 4031 Ultra
1223 3966 1411 4028 ordinarios
1443 3987 1513 4029 cen-

229 4093 294 4153 sus,
320 4075 462 4154 pecunia
494 4075 586 4155 10010,
610 4079 775 4156 quantam
808 4081 843 4136 et
872 4076 1006 4157 quoties
1038 4095 1135 4156 reges
1169 4074 1298 4154 volunt,
1323 4075 1512 4155 imperatur,

229 4199 337 4260 neque
362 4200 462 4266 aegre
486 4185 546 4242 aut
570 4181 818 4242 contumaciter
834 4202 908 4242 eam
933 4178 1141 4261 persolmrnt,
1161 4181 1219 4243 sed
1236 4180 1360 4244 militia
1380 4203 1399 4242 a
1416 4177 1512 4261 majo-

229 4282 331 4364 ribus,
357 4293 439 4367 puta
464 4284 506 4348 ob
531 4285 727 4349 libertatern
752 4287 843 4349 dorni
872 4288 1040 4366 amissam,
1064 4287 1322 4370 degeneravere,
1347 4289 1511 4371 pedestres

229 4399 387 4457 exercent
420 4415 522 4476 arma,
546 4396 638 4458 intra
670 4416 784 4460 muros
817 4393 1006 4475 fortissimi,
1040 4397 1075 4457 in
1108 4417 1226 4478 campo
1251 4393 1351 4459 facile
1384 4396 1510 4476 cedunt,

229 4519 295 4580 000
320 4498 368 4580 fit,
393 4508 431 4563 ut
455 4499 620 4566 libentius
644 4505 774 4586 regiam
799 4503 1053 4584 expeditionem
1069 4504 1259 4585 stipendiis
1282 4524 1384 4588 quam
1409 4503 1508 4565 milite

229 4601 403 4687 adjuvent.
437 4607 618 4672 Caeterum
643 4608 801 4673 mulieres
835 4611 985 4692 ipsorum
1019 4611 1217 4673 institorum
1241 4631 1381 4674 numera
1413 4631 1508 4694 aeque
