<?xml version="1.0" encoding="UTF-8"?>
<!DOCTYPE html PUBLIC "-//W3C//DTD XHTML 1.0 Transitional//EN"
    "http://www.w3.org/TR/xhtml1/DTD/xhtml1-transitional.dtd">
<html xmlns="http://www.w3.org/1999/xhtml" xml:lang="en" lang="en">
 <head>
  <title>
</title>
<meta http-equiv="Content-Type" content="text/html;charset=utf-8" />
  <meta name='ocr-system' content='tesseract 3.04.00' />
  <meta name='ocr-capabilities' content='ocr_page ocr_carea ocr_par ocr_line ocrx_word'/>
</head>
<body>
  <div class='ocr_page' id='page_1' title='image "./enchiridionfont00marcgoog_0527.png"; bbox 0 0 3172 5208; ppageno 0'>
   <div class='ocr_carea' id='block_1_1' title="bbox 1298 346 1364 410">
    <p class='ocr_par' dir='ltr' id='par_1_1' title="bbox 1298 346 1364 410">
     <span class='ocr_line' id='line_1_1' title="bbox 1298 346 1364 410; baseline 0 0"><span class='ocrx_word' id='word_1_1' title='bbox 1298 346 1364 410; x_wconf 79' lang='lat'>505</span> 
     </span>
    </p>
   </div>
   <div class='ocr_carea' id='block_1_2' title="bbox 1 541 1364 2665">
    <p class='ocr_par' dir='ltr' id='par_1_2' title="bbox 1 541 1364 2665">
     <span class='ocr_line' id='line_1_2' title="bbox 72 541 1362 630; baseline 0 -22"><span class='ocrx_word' id='word_1_2' title='bbox 72 543 183 609; x_wconf 89' lang='lat' dir='ltr'>adhuc</span> <span class='ocrx_word' id='word_1_3' title='bbox 215 541 366 607; x_wconf 89' lang='lat' dir='ltr'>subhac</span> <span class='ocrx_word' id='word_1_4' title='bbox 399 543 513 608; x_wconf 88' lang='lat' dir='ltr'>diaeta</span> <span class='ocrx_word' id='word_1_5' title='bbox 537 542 697 628; x_wconf 90' lang='lat' dir='ltr'>majestas</span> <span class='ocrx_word' id='word_1_6' title='bbox 721 566 781 608; x_wconf 90' lang='lat' dir='ltr'>sua</span> <span class='ocrx_word' id='word_1_7' title='bbox 805 546 899 630; x_wconf 84' lang='lat' dir='ltr'>regia</span> <span class='ocrx_word' id='word_1_8' title='bbox 923 567 965 608; x_wconf 89' lang='lat' dir='ltr'>ex</span> <span class='ocrx_word' id='word_1_9' title='bbox 989 543 1130 608; x_wconf 89' lang='lat' dir='ltr'>oonsilio</span> <span class='ocrx_word' id='word_1_10' title='bbox 1162 543 1362 629; x_wconf 85' lang='lat' dir='ltr'>Hungarico</span> 
     </span>
     <span class='ocr_line' id='line_1_3' title="bbox 72 648 1363 735; baseline 0.002 -21"><span class='ocrx_word' id='word_1_11' title='bbox 72 649 244 715; x_wconf 89' lang='lat' dir='ltr'>conferat:</span> <span class='ocrx_word' id='word_1_12' title='bbox 267 652 336 715; x_wconf 89' lang='lat' dir='ltr'>imo</span> <span class='ocrx_word' id='word_1_13' title='bbox 360 658 395 715; x_wconf 92' lang='lat' dir='ltr'>et</span> <span class='ocrx_word' id='word_1_14' title='bbox 418 648 532 715; x_wconf 87' lang='lat' dir='ltr'>officia</span> <span class='ocrx_word' id='word_1_15' title='bbox 556 673 791 734; x_wconf 87' lang='lat' dir='ltr'>supremorum</span> <span class='ocrx_word' id='word_1_16' title='bbox 809 653 1088 734; x_wconf 88' lang='lat' dir='ltr'>capitaneatuum</span> <span class='ocrx_word' id='word_1_17' title='bbox 1104 651 1265 735; x_wconf 89' lang='lat' dir='ltr'>praesidii</span> <span class='ocrx_word' id='word_1_18' title='bbox 1281 653 1363 717; x_wconf 87' lang='lat' dir='ltr'>Ves-</span> 
     </span>
     <span class='ocr_line' id='line_1_4' title="bbox 74 758 1362 844; baseline 0.002 -22"><span class='ocrx_word' id='word_1_19' title='bbox 74 759 265 841; x_wconf 89' lang='lat' dir='ltr'>primiensis</span> <span class='ocrx_word' id='word_1_20' title='bbox 290 766 325 823; x_wconf 93' lang='lat' dir='ltr'>et</span> <span class='ocrx_word' id='word_1_21' title='bbox 348 758 594 844; x_wconf 83' lang='lat' dir='ltr'>Nogradiensis</span> <span class='ocrx_word' id='word_1_22' title='bbox 626 761 754 824; x_wconf 90' lang='lat' dir='ltr'>nativis</span> <span class='ocrx_word' id='word_1_23' title='bbox 787 759 972 844; x_wconf 86' lang='lat' dir='ltr'>Hungaris,</span> <span class='ocrx_word' id='word_1_24' title='bbox 1005 765 1147 842; x_wconf 82' lang='lat' dir='ltr'>excepto</span> <span class='ocrx_word' id='word_1_25' title='bbox 1180 781 1240 843; x_wconf 94' lang='lat' dir='ltr'>pro</span> <span class='ocrx_word' id='word_1_26' title='bbox 1272 782 1362 824; x_wconf 90' lang='lat' dir='ltr'>nune</span> 
     </span>
     <span class='ocr_line' id='line_1_5' title="bbox 70 864 1363 951; baseline 0 -21"><span class='ocrx_word' id='word_1_27' title='bbox 70 866 217 931; x_wconf 85' lang='lat' dir='ltr'>Jaurino</span> <span class='ocrx_word' id='word_1_28' title='bbox 234 867 297 946; x_wconf 89' lang='lat' dir='ltr'>(ita</span> <span class='ocrx_word' id='word_1_29' title='bbox 320 873 444 948; x_wconf 90' lang='lat' dir='ltr'>tamen,</span> <span class='ocrx_word' id='word_1_30' title='bbox 469 874 508 929; x_wconf 92' lang='lat' dir='ltr'>ut</span> <span class='ocrx_word' id='word_1_31' title='bbox 531 864 669 949; x_wconf 84' lang='lat' dir='ltr'>ibidem,</span> <span class='ocrx_word' id='word_1_32' title='bbox 692 867 790 930; x_wconf 85' lang='lat' dir='ltr'>iuxta</span> <span class='ocrx_word' id='word_1_33' title='bbox 814 867 996 951; x_wconf 85' lang='lat' dir='ltr'>antiquum</span> <span class='ocrx_word' id='word_1_34' title='bbox 1015 887 1144 930; x_wconf 91' lang='lat' dir='ltr'>morem</span> <span class='ocrx_word' id='word_1_35' title='bbox 1167 871 1202 929; x_wconf 91' lang='lat' dir='ltr'>et</span> <span class='ocrx_word' id='word_1_36' title='bbox 1225 887 1363 930; x_wconf 86' lang='lat' dir='ltr'>consve-</span> 
     </span>
     <span class='ocr_line' id='line_1_6' title="bbox 71 971 1363 1058; baseline 0.002 -23"><span class='ocrx_word' id='word_1_37' title='bbox 71 971 229 1036; x_wconf 87' lang='lat' dir='ltr'>tudinem</span> <span class='ocrx_word' id='word_1_38' title='bbox 248 973 408 1058; x_wconf 85' lang='lat' dir='ltr'>Hungari</span> <span class='ocrx_word' id='word_1_39' title='bbox 425 973 687 1055; x_wconf 82' lang='lat' dir='ltr'>vice-capitanei</span> <span class='ocrx_word' id='word_1_40' title='bbox 709 995 789 1038; x_wconf 89' lang='lat' dir='ltr'>cum</span> <span class='ocrx_word' id='word_1_41' title='bbox 808 975 953 1056; x_wconf 89' lang='lat' dir='ltr'>pristina</span> <span class='ocrx_word' id='word_1_42' title='bbox 977 973 1187 1037; x_wconf 86' lang='lat' dir='ltr'>authoritate</span> <span class='ocrx_word' id='word_1_43' title='bbox 1211 981 1246 1038; x_wconf 88' lang='lat' dir='ltr'>et</span> <span class='ocrx_word' id='word_1_44' title='bbox 1271 981 1363 1056; x_wconf 82' lang='lat' dir='ltr'>pote·</span> 
     </span>
     <span class='ocr_line' id='line_1_7' title="bbox 70 1080 1363 1166; baseline 0.002 -24"><span class='ocrx_word' id='word_1_45' title='bbox 70 1087 161 1144; x_wconf 90' lang='lat' dir='ltr'>state</span> <span class='ocrx_word' id='word_1_46' title='bbox 193 1080 235 1144; x_wconf 91' lang='lat' dir='ltr'>de</span> <span class='ocrx_word' id='word_1_47' title='bbox 269 1087 402 1144; x_wconf 91' lang='lat' dir='ltr'>caetero</span> <span class='ocrx_word' id='word_1_48' title='bbox 433 1081 725 1162; x_wconf 90' lang='lat' dir='ltr'>interteneantur;</span> <span class='ocrx_word' id='word_1_49' title='bbox 765 1082 925 1166; x_wconf 76' lang='lat' dir='ltr'>idemque</span> <span class='ocrx_word' id='word_1_50' title='bbox 958 1101 1134 1163; x_wconf 90' lang='lat' dir='ltr'>supremus</span> <span class='ocrx_word' id='word_1_51' title='bbox 1166 1082 1363 1164; x_wconf 78' lang='lat' dir='ltr'><strong>capitaneus</strong></span> 
     </span>
     <span class='ocr_line' id='line_1_8' title="bbox 70 1184 1364 1274; baseline 0 -22"><span class='ocrx_word' id='word_1_52' title='bbox 70 1187 263 1252; x_wconf 88' lang='lat' dir='ltr'>Jauriensis</span> <span class='ocrx_word' id='word_1_53' title='bbox 286 1187 419 1252; x_wconf 90' lang='lat' dir='ltr'>iuribus</span> <span class='ocrx_word' id='word_1_54' title='bbox 443 1189 541 1272; x_wconf 86' lang='lat' dir='ltr'>regni</span> <span class='ocrx_word' id='word_1_55' title='bbox 564 1184 748 1270; x_wconf 87' lang='lat' dir='ltr'>subjaceat,</span> <span class='ocrx_word' id='word_1_56' title='bbox 772 1195 806 1252; x_wconf 89' lang='lat' dir='ltr'>et</span> <span class='ocrx_word' id='word_1_57' title='bbox 831 1209 926 1252; x_wconf 90' lang='lat' dir='ltr'>suam</span> <span class='ocrx_word' id='word_1_58' title='bbox 951 1195 1027 1271; x_wconf 90' lang='lat' dir='ltr'>post</span> <span class='ocrx_word' id='word_1_59' title='bbox 1051 1190 1182 1274; x_wconf 82' lang='lat' dir='ltr'>regiam</span> <span class='ocrx_word' id='word_1_60' title='bbox 1207 1187 1364 1272; x_wconf 87' lang='lat' dir='ltr'>majesta-</span> 
     </span>
     <span class='ocr_line' id='line_1_9' title="bbox 70 1292 1363 1379; baseline 0.002 -22"><span class='ocrx_word' id='word_1_61' title='bbox 70 1301 152 1378; x_wconf 88' lang='lat' dir='ltr'>tem,</span> <span class='ocrx_word' id='word_1_62' title='bbox 175 1296 439 1379; x_wconf 81' lang='lat' dir='ltr'>dependentium</span> <span class='ocrx_word' id='word_1_63' title='bbox 462 1293 651 1376; x_wconf 91' lang='lat' dir='ltr'>apalatino</span> <span class='ocrx_word' id='word_1_64' title='bbox 674 1292 816 1376; x_wconf 90' lang='lat' dir='ltr'>habeat;</span> <span class='ocrx_word' id='word_1_65' title='bbox 841 1316 950 1378; x_wconf 90' lang='lat' dir='ltr'>neque</span> <span class='ocrx_word' id='word_1_66' title='bbox 973 1315 1008 1358; x_wconf 90' lang='lat' dir='ltr'>se</span> <span class='ocrx_word' id='word_1_67' title='bbox 1032 1296 1069 1358; x_wconf 91' lang='lat' dir='ltr'>in</span> <span class='ocrx_word' id='word_1_68' title='bbox 1092 1295 1363 1360; x_wconf 88' lang='lat' dir='ltr'>iurisdictionem</span> 
     </span>
     <span class='ocr_line' id='line_1_10' title="bbox 70 1400 1364 1486; baseline 0.002 -22"><span class='ocrx_word' id='word_1_69' title='bbox 70 1400 288 1467; x_wconf 86' lang='lat' dir='ltr'>dominorum</span> <span class='ocrx_word' id='word_1_70' title='bbox 320 1403 536 1466; x_wconf 88' lang='lat' dir='ltr'>terrestrium</span> <span class='ocrx_word' id='word_1_71' title='bbox 568 1402 720 1486; x_wconf 84' lang='lat' dir='ltr'>ingerat;</span> <span class='ocrx_word' id='word_1_72' title='bbox 755 1403 1031 1485; x_wconf 90' lang='lat' dir='ltr'>contrariumque</span> <span class='ocrx_word' id='word_1_73' title='bbox 1070 1400 1199 1466; x_wconf 84' lang='lat' dir='ltr'>faciens</span> <span class='ocrx_word' id='word_1_74' title='bbox 1231 1402 1364 1466; x_wconf 87' lang='lat' dir='ltr'>iuribus</span> 
     </span>
     <span class='ocr_line' id='line_1_11' title="bbox 71 1508 1364 1595; baseline 0.002 -23"><span class='ocrx_word' id='word_1_75' title='bbox 71 1512 170 1594; x_wconf 84' lang='lat' dir='ltr'>regni</span> <span class='ocrx_word' id='word_1_76' title='bbox 194 1509 318 1590; x_wconf 90' lang='lat' dir='ltr'>subsit)</span> <span class='ocrx_word' id='word_1_77' title='bbox 351 1511 498 1575; x_wconf 91' lang='lat' dir='ltr'>dominis</span> <span class='ocrx_word' id='word_1_78' title='bbox 522 1509 685 1573; x_wconf 83' lang='lat' dir='ltr'>videlicet</span> <span class='ocrx_word' id='word_1_79' title='bbox 709 1508 894 1574; x_wconf 85' lang='lat' dir='ltr'><strong>baronibus</strong></span> <span class='ocrx_word' id='word_1_80' title='bbox 918 1531 978 1573; x_wconf 88' lang='lat' dir='ltr'>seu</span> <span class='ocrx_word' id='word_1_81' title='bbox 1000 1509 1174 1574; x_wconf 88' lang='lat' dir='ltr'>nobilibus</span> <span class='ocrx_word' id='word_1_82' title='bbox 1198 1512 1235 1574; x_wconf 93' lang='lat' dir='ltr'>in</span> <span class='ocrx_word' id='word_1_83' title='bbox 1258 1532 1364 1595; x_wconf 86' lang='lat' dir='ltr'>regno</span> 
     </span>
     <span class='ocr_line' id='line_1_12' title="bbox 70 1615 1363 1700; baseline 0.002 -21"><span class='ocrx_word' id='word_1_84' title='bbox 70 1619 346 1700; x_wconf 89' lang='lat' dir='ltr'>possessionatis;</span> <span class='ocrx_word' id='word_1_85' title='bbox 371 1617 625 1700; x_wconf 89' lang='lat' dir='ltr'>capitaneatum</span> <span class='ocrx_word' id='word_1_86' title='bbox 640 1636 722 1680; x_wconf 90' lang='lat' dir='ltr'>vero</span> <span class='ocrx_word' id='word_1_87' title='bbox 738 1615 1056 1699; x_wconf 79' lang='lat' dir='ltr'>Gomaromiensem,</span> <span class='ocrx_word' id='word_1_88' title='bbox 1072 1623 1112 1680; x_wconf 91' lang='lat' dir='ltr'>ut</span> <span class='ocrx_word' id='word_1_89' title='bbox 1128 1619 1246 1680; x_wconf 91' lang='lat' dir='ltr'>nativo</span> <span class='ocrx_word' id='word_1_90' title='bbox 1265 1617 1363 1681; x_wconf 90' lang='lat' dir='ltr'>Hun-</span> 
     </span>
     <span class='ocr_line' id='line_1_13' title="bbox 69 1722 1364 1808; baseline 0.002 -22"><span class='ocrx_word' id='word_1_91' title='bbox 69 1745 155 1808; x_wconf 85' lang='lat' dir='ltr'>garo</span> <span class='ocrx_word' id='word_1_92' title='bbox 179 1723 264 1787; x_wconf 90' lang='lat' dir='ltr'>bene</span> <span class='ocrx_word' id='word_1_93' title='bbox 288 1725 431 1787; x_wconf 85' lang='lat' dir='ltr'>meritae</span> <span class='ocrx_word' id='word_1_94' title='bbox 464 1743 633 1804; x_wconf 80' lang='lat' dir='ltr'>personae,</span> <span class='ocrx_word' id='word_1_95' title='bbox 667 1725 739 1786; x_wconf 90' lang='lat' dir='ltr'>sine</span> <span class='ocrx_word' id='word_1_96' title='bbox 763 1722 833 1786; x_wconf 92' lang='lat' dir='ltr'>ullo</span> <span class='ocrx_word' id='word_1_97' title='bbox 857 1722 1033 1807; x_wconf 83' lang='lat' dir='ltr'>religionis</span> <span class='ocrx_word' id='word_1_98' title='bbox 1057 1722 1262 1806; x_wconf 78' lang='lat' dir='ltr'>discrimine,</span> <span class='ocrx_word' id='word_1_99' title='bbox 1286 1745 1364 1788; x_wconf 89' lang='lat' dir='ltr'>con-</span> 
     </span>
     <span class='ocr_line' id='line_1_14' title="bbox 71 1828 1364 1912; baseline 0.001 -19"><span class='ocrx_word' id='word_1_100' title='bbox 71 1829 172 1912; x_wconf 81' lang='lat' dir='ltr'>ferat,</span> <span class='ocrx_word' id='word_1_101' title='bbox 188 1830 312 1895; x_wconf 86' lang='lat' dir='ltr'>obnixe</span> <span class='ocrx_word' id='word_1_102' title='bbox 330 1835 460 1912; x_wconf 91' lang='lat' dir='ltr'>petunt.</span> <span class='ocrx_word' id='word_1_103' title='bbox 486 1828 654 1892; x_wconf 84' lang='lat' dir='ltr'>Similiter</span> <span class='ocrx_word' id='word_1_104' title='bbox 677 1831 782 1893; x_wconf 90' lang='lat' dir='ltr'>etiam</span> <span class='ocrx_word' id='word_1_105' title='bbox 798 1831 835 1893; x_wconf 91' lang='lat' dir='ltr'>in</span> <span class='ocrx_word' id='word_1_106' title='bbox 851 1829 1034 1911; x_wconf 91' lang='lat' dir='ltr'>Dalmatia,</span> <span class='ocrx_word' id='word_1_107' title='bbox 1058 1828 1205 1912; x_wconf 87' lang='lat' dir='ltr'>Oroatia,</span> <span class='ocrx_word' id='word_1_108' title='bbox 1221 1837 1256 1894; x_wconf 85' lang='lat' dir='ltr'>et</span> <span class='ocrx_word' id='word_1_109' title='bbox 1273 1830 1364 1894; x_wconf 83' lang='lat' dir='ltr'>Sola-</span> 
     </span>
     <span class='ocr_line' id='line_1_15' title="bbox 70 1935 1363 2022; baseline 0.001 -22"><span class='ocrx_word' id='word_1_110' title='bbox 70 1938 184 2019; x_wconf 85' lang='lat' dir='ltr'>vonia,</span> <span class='ocrx_word' id='word_1_111' title='bbox 208 1937 342 2002; x_wconf 88' lang='lat' dir='ltr'>eductis</span> <span class='ocrx_word' id='word_1_112' title='bbox 368 1937 477 2018; x_wconf 92' lang='lat' dir='ltr'>primo</span> <span class='ocrx_word' id='word_1_113' title='bbox 501 1957 542 1999; x_wconf 86' lang='lat' dir='ltr'>ex</span> <span class='ocrx_word' id='word_1_114' title='bbox 568 1936 745 2018; x_wconf 78' lang='lat' dir='ltr'>praesidiis</span> <span class='ocrx_word' id='word_1_115' title='bbox 768 1935 986 2022; x_wconf 77' lang='lat' dir='ltr'>generalibus</span> <span class='ocrx_word' id='word_1_116' title='bbox 1010 1939 1196 2020; x_wconf 86' lang='lat' dir='ltr'>capitaneis</span> <span class='ocrx_word' id='word_1_117' title='bbox 1221 1937 1363 2022; x_wconf 87' lang='lat' dir='ltr'>aliisque</span> 
     </span>
     <span class='ocr_line' id='line_1_16' title="bbox 71 2042 1363 2128; baseline 0 -20"><span class='ocrx_word' id='word_1_118' title='bbox 71 2047 224 2108; x_wconf 81' lang='lat' dir='ltr'>externis</span> <span class='ocrx_word' id='word_1_119' title='bbox 249 2042 430 2128; x_wconf 89' lang='lat' dir='ltr'>praefectis</span> <span class='ocrx_word' id='word_1_120' title='bbox 445 2051 480 2107; x_wconf 91' lang='lat' dir='ltr'>et</span> <span class='ocrx_word' id='word_1_121' title='bbox 497 2043 676 2126; x_wconf 79' lang='lat' dir='ltr'>militibus,</span> <span class='ocrx_word' id='word_1_122' title='bbox 700 2045 831 2108; x_wconf 91' lang='lat' dir='ltr'>ratione</span> <span class='ocrx_word' id='word_1_123' title='bbox 857 2042 1090 2126; x_wconf 70' lang='lat' dir='ltr'>praefecturae</span> <span class='ocrx_word' id='word_1_124' title='bbox 1114 2045 1268 2108; x_wconf 89' lang='lat' dir='ltr'>omnium</span> <span class='ocrx_word' id='word_1_125' title='bbox 1286 2066 1363 2109; x_wconf 90' lang='lat' dir='ltr'>con-</span> 
     </span>
     <span class='ocr_line' id='line_1_17' title="bbox 71 2150 1363 2234; baseline -0.001 -18"><span class='ocrx_word' id='word_1_126' title='bbox 71 2150 234 2216; x_wconf 91' lang='lat' dir='ltr'>finiorum</span> <span class='ocrx_word' id='word_1_127' title='bbox 266 2174 343 2215; x_wconf 91' lang='lat' dir='ltr'>cum</span> <span class='ocrx_word' id='word_1_128' title='bbox 376 2173 437 2214; x_wconf 84' lang='lat' dir='ltr'>ser.</span> <span class='ocrx_word' id='word_1_129' title='bbox 471 2151 511 2213; x_wconf 90' lang='lat' dir='ltr'>D.</span> <span class='ocrx_word' id='word_1_130' title='bbox 534 2150 716 2215; x_wconf 80' lang='lat' dir='ltr'>archiduce</span> <span class='ocrx_word' id='word_1_131' title='bbox 749 2151 968 2215; x_wconf 85' lang='lat' dir='ltr'>Fordinando</span> <span class='ocrx_word' id='word_1_132' title='bbox 1001 2159 1063 2215; x_wconf 91' lang='lat' dir='ltr'>etc.</span> <span class='ocrx_word' id='word_1_133' title='bbox 1097 2151 1295 2234; x_wconf 87' lang='lat' dir='ltr'>concludat;</span> <span class='ocrx_word' id='word_1_134' title='bbox 1330 2162 1363 2216; x_wconf 87' lang='lat' dir='ltr'>et</span> 
     </span>
     <span class='ocr_line' id='line_1_18' title="bbox 71 2255 1363 2358; baseline 0.002 -38"><span class='ocrx_word' id='word_1_135' title='bbox 71 2259 170 2322; x_wconf 82' lang='lat' dir='ltr'>iuxta</span> <span class='ocrx_word' id='word_1_136' title='bbox 194 2258 402 2322; x_wconf 90' lang='lat' dir='ltr'>oblationem</span> <span class='ocrx_word' id='word_1_137' title='bbox 426 2279 530 2342; x_wconf 89' lang='lat' dir='ltr'>suam,</span> <span class='ocrx_word' id='word_1_138' title='bbox 554 2280 616 2322; x_wconf 90' lang='lat' dir='ltr'>ser.</span> <span class='ocrx_word' id='word_1_139' title='bbox 632 2261 726 2342; x_wconf 85' lang='lat' dir='ltr'>regia</span> <span class='ocrx_word' id='word_1_140' title='bbox 750 2255 909 2358; x_wconf 80' lang='lat' dir='ltr'>majestas</span> <span class='ocrx_word' id='word_1_141' title='bbox 934 2265 1010 2340; x_wconf 90' lang='lat' dir='ltr'>post</span> <span class='ocrx_word' id='word_1_142' title='bbox 1035 2259 1088 2322; x_wconf 91' lang='lat' dir='ltr'>sui</span> <span class='ocrx_word' id='word_1_143' title='bbox 1112 2260 1363 2323; x_wconf 70' lang='lat' dir='ltr'>coronationem</span> 
     </span>
     <span class='ocr_line' id='line_1_19' title="bbox 43 2365 1364 2451; baseline 0.002 -24"><span class='ocrx_word' id='word_1_144' title='bbox 43 2424 44 2427; x_wconf 74' lang='grc'>,</span> <span class='ocrx_word' id='word_1_145' title='bbox 71 2366 204 2451; x_wconf 87' lang='lat' dir='ltr'>lega-tos</span> <span class='ocrx_word' id='word_1_146' title='bbox 236 2387 313 2430; x_wconf 89' lang='lat' dir='ltr'>suos</span> <span class='ocrx_word' id='word_1_147' title='bbox 345 2365 528 2430; x_wconf 77' lang='lat' dir='ltr'>Graeciam</span> <span class='ocrx_word' id='word_1_148' title='bbox 559 2365 737 2448; x_wconf 80' lang='lat' dir='ltr'>expediat:</span> <span class='ocrx_word' id='word_1_149' title='bbox 769 2367 874 2428; x_wconf 90' lang='lat' dir='ltr'>immo</span> <span class='ocrx_word' id='word_1_150' title='bbox 905 2373 943 2429; x_wconf 93' lang='lat' dir='ltr'>ut</span> <span class='ocrx_word' id='word_1_151' title='bbox 967 2367 1080 2447; x_wconf 89' lang='lat' dir='ltr'>ipsum</span> <span class='ocrx_word' id='word_1_152' title='bbox 1104 2365 1277 2430; x_wconf 89' lang='lat' dir='ltr'>Banatum</span> <span class='ocrx_word' id='word_1_153' title='bbox 1300 2366 1364 2430; x_wconf 89' lang='lat' dir='ltr'>sub</span> 
     </span>
     <span class='ocr_line' id='line_1_20' title="bbox 71 2472 1363 2557; baseline 0.002 -21"><span class='ocrx_word' id='word_1_154' title='bbox 71 2473 136 2537; x_wconf 92' lang='lat' dir='ltr'>hac</span> <span class='ocrx_word' id='word_1_155' title='bbox 154 2477 324 2557; x_wconf 77' lang='lat' dir='ltr'>praesenti</span> <span class='ocrx_word' id='word_1_156' title='bbox 342 2474 465 2556; x_wconf 89' lang='lat' dir='ltr'>diaeta,</span> <span class='ocrx_word' id='word_1_157' title='bbox 481 2495 560 2538; x_wconf 93' lang='lat' dir='ltr'>cum</span> <span class='ocrx_word' id='word_1_158' title='bbox 578 2479 715 2537; x_wconf 90' lang='lat' dir='ltr'>vetusta</span> <span class='ocrx_word' id='word_1_159' title='bbox 732 2495 792 2537; x_wconf 89' lang='lat' dir='ltr'>sua</span> <span class='ocrx_word' id='word_1_160' title='bbox 808 2472 959 2556; x_wconf 88' lang='lat' dir='ltr'>plenaria</span> <span class='ocrx_word' id='word_1_161' title='bbox 975 2473 1195 2557; x_wconf 85' lang='lat' dir='ltr'>authoritate,</span> <span class='ocrx_word' id='word_1_162' title='bbox 1211 2496 1230 2537; x_wconf 93' lang='lat' dir='ltr'>a</span> <span class='ocrx_word' id='word_1_163' title='bbox 1247 2473 1363 2538; x_wconf 81' lang='lat' dir='ltr'>Dravo</span> 
     </span>
     <span class='ocr_line' id='line_1_21' title="bbox 1 2578 1364 2665; baseline 0.001 -22"><span class='ocrx_word' id='word_1_164' title='bbox 1 2615 2 2626; x_wconf 29' lang='grc' dir='ltr'><strong>κ</strong></span> <span class='ocrx_word' id='word_1_165' title='bbox 72 2602 180 2665; x_wconf 90' lang='lat' dir='ltr'>usque</span> <span class='ocrx_word' id='word_1_166' title='bbox 203 2602 296 2644; x_wconf 89' lang='lat' dir='ltr'>mare</span> <span class='ocrx_word' id='word_1_167' title='bbox 328 2579 554 2662; x_wconf 82' lang='lat' dir='ltr'>Adriaticum,</span> <span class='ocrx_word' id='word_1_168' title='bbox 588 2578 672 2642; x_wconf 90' lang='lat' dir='ltr'>bene</span> <span class='ocrx_word' id='word_1_169' title='bbox 696 2581 838 2642; x_wconf 89' lang='lat' dir='ltr'>meritae</span> <span class='ocrx_word' id='word_1_170' title='bbox 870 2578 974 2642; x_wconf 92' lang='lat' dir='ltr'>alicui</span> <span class='ocrx_word' id='word_1_171' title='bbox 1003 2600 1162 2661; x_wconf 88' lang='lat' dir='ltr'>personae</span> <span class='ocrx_word' id='word_1_172' title='bbox 1187 2578 1364 2645; x_wconf 62' lang='lat' dir='ltr'>conferet.l</span> 
     </span>
    </p>
   </div>
   <div class='ocr_carea' id='block_1_3' title="bbox 72 2798 1365 3103">
    <p class='ocr_par' dir='ltr' id='par_1_3' title="bbox 72 2798 1365 3103">
     <span class='ocr_line' id='line_1_22' title="bbox 74 2798 1365 2887; baseline 0.001 -22"><span class='ocrx_word' id='word_1_173' title='bbox 74 2799 258 2868; x_wconf 81' lang='lat' dir='ltr'>Articulus</span> <span class='ocrx_word' id='word_1_174' title='bbox 283 2799 360 2866; x_wconf 85' lang='lat' dir='ltr'><em>XII.</em></span> <span class='ocrx_word' id='word_1_175' title='bbox 385 2799 438 2868; x_wconf 88' lang='lat' dir='ltr'>De</span> <span class='ocrx_word' id='word_1_176' title='bbox 462 2798 616 2866; x_wconf 78' lang='lat' dir='ltr'>militurn</span> <span class='ocrx_word' id='word_1_177' title='bbox 642 2803 871 2866; x_wconf 76' lang='lat' dir='ltr'>externorum</span> <span class='ocrx_word' id='word_1_178' title='bbox 897 2798 1101 2866; x_wconf 77' lang='lat' dir='ltr'>eductione:</span> <span class='ocrx_word' id='word_1_179' title='bbox 1135 2798 1365 2887; x_wconf 78' lang='lat' dir='ltr'>Ciuitatisquc</span> 
     </span>
     <span class='ocr_line' id='line_1_23' title="bbox 72 2904 1363 2996; baseline 0 -22"><span class='ocrx_word' id='word_1_180' title='bbox 72 2907 274 2996; x_wconf 74' lang='lat' dir='ltr'>Sepniensis</span> <span class='ocrx_word' id='word_1_181' title='bbox 287 2928 395 2996; x_wconf 83' lang='lat' dir='ltr'>penes</span> <span class='ocrx_word' id='word_1_182' title='bbox 415 2906 596 2974; x_wconf 86' lang='lat' dir='ltr'>Coronam</span> <span class='ocrx_word' id='word_1_183' title='bbox 613 2904 726 2994; x_wconf 68' lang='lat' dir='ltr'>Requi</span> <span class='ocrx_word' id='word_1_184' title='bbox 741 2906 1025 2973; x_wconf 79' lang='lat' dir='ltr'>conservatione:</span> <span class='ocrx_word' id='word_1_185' title='bbox 1048 2905 1138 2972; x_wconf 86' lang='lat' dir='ltr'>Tum</span> <span class='ocrx_word' id='word_1_186' title='bbox 1158 2905 1363 2975; x_wconf 77' lang='lat' dir='ltr'>Praesidio-</span> 
     </span>
     <span class='ocr_line' id='line_1_24' title="bbox 290 3012 1139 3103; baseline -0.002 -21"><span class='ocrx_word' id='word_1_187' title='bbox 290 3035 372 3082; x_wconf 87' lang='lat' dir='ltr'>rum</span> <span class='ocrx_word' id='word_1_188' title='bbox 398 3035 534 3103; x_wconf 87' lang='lat' dir='ltr'>quoquc</span> <span class='ocrx_word' id='word_1_189' title='bbox 560 3012 853 3081; x_wconf 79' lang='lat' dir='ltr'>Selouonicorum</span> <span class='ocrx_word' id='word_1_190' title='bbox 874 3012 1139 3101; x_wconf 67' lang='lat' dir='ltr'>[edificatione.</span> 
     </span>
    </p>
   </div>
   <div class='ocr_carea' id='block_1_4' title="bbox 72 3177 1365 3906">
    <p class='ocr_par' dir='ltr' id='par_1_4' title="bbox 72 3177 1365 3906">
     <span class='ocr_line' id='line_1_25' title="bbox 181 3177 1364 3260; baseline -0.001 -17"><span class='ocrx_word' id='word_1_191' title='bbox 181 3177 312 3243; x_wconf 87' lang='lat' dir='ltr'>Milites</span> <span class='ocrx_word' id='word_1_192' title='bbox 335 3187 452 3242; x_wconf 86' lang='lat' dir='ltr'>autem</span> <span class='ocrx_word' id='word_1_193' title='bbox 475 3177 664 3242; x_wconf 78' lang='lat' dir='ltr'>Germanos</span> <span class='ocrx_word' id='word_1_194' title='bbox 688 3184 722 3240; x_wconf 89' lang='lat' dir='ltr'>et</span> <span class='ocrx_word' id='word_1_195' title='bbox 746 3177 830 3241; x_wconf 88' lang='lat' dir='ltr'>alios</span> <span class='ocrx_word' id='word_1_196' title='bbox 853 3186 1020 3260; x_wconf 70' lang='lat' dir='ltr'>externos</span> <span class='ocrx_word' id='word_1_197' title='bbox 1045 3185 1117 3241; x_wconf 89' lang='lat' dir='ltr'>tam</span> <span class='ocrx_word' id='word_1_198' title='bbox 1132 3201 1174 3241; x_wconf 87' lang='lat' dir='ltr'>ex</span> <span class='ocrx_word' id='word_1_199' title='bbox 1191 3181 1263 3260; x_wconf 90' lang='lat' dir='ltr'>ipsa</span> <span class='ocrx_word' id='word_1_200' title='bbox 1279 3201 1364 3260; x_wconf 86' lang='lat' dir='ltr'>arce,</span> 
     </span>
     <span class='ocr_line' id='line_1_26' title="bbox 72 3282 1364 3371; baseline -0.001 -22"><span class='ocrx_word' id='word_1_201' title='bbox 72 3309 176 3371; x_wconf 89' lang='lat' dir='ltr'>quam</span> <span class='ocrx_word' id='word_1_202' title='bbox 209 3288 314 3350; x_wconf 92' lang='lat' dir='ltr'>etiam</span> <span class='ocrx_word' id='word_1_203' title='bbox 347 3288 489 3350; x_wconf 87' lang='lat' dir='ltr'>civitate</span> <span class='ocrx_word' id='word_1_204' title='bbox 513 3285 741 3368; x_wconf 90' lang='lat' dir='ltr'>Varasdiensi,</span> <span class='ocrx_word' id='word_1_205' title='bbox 770 3284 842 3349; x_wconf 91' lang='lat' dir='ltr'>loco</span> <span class='ocrx_word' id='word_1_206' title='bbox 867 3285 1028 3350; x_wconf 83' lang='lat' dir='ltr'>videlicet</span> <span class='ocrx_word' id='word_1_207' title='bbox 1052 3285 1141 3348; x_wconf 89' lang='lat' dir='ltr'>sedis</span> <span class='ocrx_word' id='word_1_208' title='bbox 1161 3282 1364 3367; x_wconf 82' lang='lat' dir='ltr'>judiciariae</span> 
     </span>
     <span class='ocr_line' id='line_1_27' title="bbox 73 3389 1364 3474; baseline 0 -20"><span class='ocrx_word' id='word_1_209' title='bbox 73 3389 227 3474; x_wconf 88' lang='lat' dir='ltr'>ejusdem</span> <span class='ocrx_word' id='word_1_210' title='bbox 251 3394 434 3456; x_wconf 87' lang='lat' dir='ltr'>comitatus</span> <span class='ocrx_word' id='word_1_211' title='bbox 454 3391 691 3455; x_wconf 85' lang='lat' dir='ltr'>Varasdiensis</span> <span class='ocrx_word' id='word_1_212' title='bbox 714 3414 775 3455; x_wconf 89' lang='lat' dir='ltr'>nec</span> <span class='ocrx_word' id='word_1_213' title='bbox 801 3413 869 3456; x_wconf 92' lang='lat' dir='ltr'>non</span> <span class='ocrx_word' id='word_1_214' title='bbox 892 3394 997 3456; x_wconf 87' lang='lat' dir='ltr'>ctiam</span> <span class='ocrx_word' id='word_1_215' title='bbox 1022 3414 1064 3455; x_wconf 85' lang='lat' dir='ltr'>ex</span> <span class='ocrx_word' id='word_1_216' title='bbox 1087 3393 1220 3474; x_wconf 88' lang='lat' dir='ltr'>Muran,</span> <span class='ocrx_word' id='word_1_217' title='bbox 1242 3391 1364 3472; x_wconf 77' lang='lat' dir='ltr'>Diven,</span> 
     </span>
     <span class='ocr_line' id='line_1_28' title="bbox 73 3496 1363 3583; baseline 0 -21"><span class='ocrx_word' id='word_1_218' title='bbox 73 3497 243 3583; x_wconf 81' lang='lat' dir='ltr'>dezegh,</span> <span class='ocrx_word' id='word_1_219' title='bbox 272 3499 365 3562; x_wconf 74' lang='lat' dir='ltr'>Lava</span> <span class='ocrx_word' id='word_1_220' title='bbox 390 3505 424 3562; x_wconf 89' lang='lat' dir='ltr'>et</span> <span class='ocrx_word' id='word_1_221' title='bbox 448 3499 570 3580; x_wconf 91' lang='lat' dir='ltr'>Lipcse</span> <span class='ocrx_word' id='word_1_222' title='bbox 603 3496 745 3581; x_wconf 88' lang='lat' dir='ltr'>aliisque</span> <span class='ocrx_word' id='word_1_223' title='bbox 779 3497 862 3562; x_wconf 91' lang='lat' dir='ltr'>locis</span> <span class='ocrx_word' id='word_1_224' title='bbox 895 3499 986 3578; x_wconf 87' lang='lat' dir='ltr'>(cum</span> <span class='ocrx_word' id='word_1_225' title='bbox 1018 3518 1086 3561; x_wconf 91' lang='lat' dir='ltr'>non</span> <span class='ocrx_word' id='word_1_226' title='bbox 1110 3500 1179 3561; x_wconf 88' lang='lat' dir='ltr'>sint</span> <span class='ocrx_word' id='word_1_227' title='bbox 1209 3497 1363 3562; x_wconf 85' lang='lat' dir='ltr'>Oonfinia</span> 
     </span>
     <span class='ocr_line' id='line_1_29' title="bbox 74 3603 1365 3690; baseline 0 -21"><span class='ocrx_word' id='word_1_228' title='bbox 74 3605 193 3690; x_wconf 86' lang='lat' dir='ltr'>regni),</span> <span class='ocrx_word' id='word_1_229' title='bbox 217 3608 470 3690; x_wconf 88' lang='lat' dir='ltr'>quamprimum</span> <span class='ocrx_word' id='word_1_230' title='bbox 494 3606 594 3669; x_wconf 90' lang='lat' dir='ltr'>educi</span> <span class='ocrx_word' id='word_1_231' title='bbox 618 3603 732 3668; x_wconf 87' lang='lat' dir='ltr'>faciat.</span> <span class='ocrx_word' id='word_1_232' title='bbox 756 3605 901 3688; x_wconf 86' lang='lat' dir='ltr'>Insuper</span> <span class='ocrx_word' id='word_1_233' title='bbox 916 3604 1077 3690; x_wconf 83' lang='lat' dir='ltr'>Segniam</span> <span class='ocrx_word' id='word_1_234' title='bbox 1093 3627 1228 3690; x_wconf 88' lang='lat' dir='ltr'>quoque</span> <span class='ocrx_word' id='word_1_235' title='bbox 1244 3607 1365 3669; x_wconf 84' lang='lat' dir='ltr'>civita-</span> 
     </span>
     <span class='ocr_line' id='line_1_30' title="bbox 73 3708 1365 3798; baseline -0.001 -22"><span class='ocrx_word' id='word_1_236' title='bbox 73 3721 153 3796; x_wconf 88' lang='lat' dir='ltr'>tem,</span> <span class='ocrx_word' id='word_1_237' title='bbox 176 3716 213 3777; x_wconf 91' lang='lat' dir='ltr'>in</span> <span class='ocrx_word' id='word_1_238' title='bbox 237 3713 410 3777; x_wconf 91' lang='lat' dir='ltr'>Dalmatia</span> <span class='ocrx_word' id='word_1_239' title='bbox 442 3714 656 3794; x_wconf 80' lang='lat' dir='ltr'>existentem,</span> <span class='ocrx_word' id='word_1_240' title='bbox 688 3708 848 3794; x_wconf 87' lang='lat' dir='ltr'>majestas</span> <span class='ocrx_word' id='word_1_241' title='bbox 876 3734 935 3776; x_wconf 91' lang='lat' dir='ltr'>sua</span> <span class='ocrx_word' id='word_1_242' title='bbox 960 3716 1053 3798; x_wconf 89' lang='lat' dir='ltr'>regia</span> <span class='ocrx_word' id='word_1_243' title='bbox 1077 3735 1096 3776; x_wconf 94' lang='lat' dir='ltr'>a</span> <span class='ocrx_word' id='word_1_244' title='bbox 1121 3735 1243 3778; x_wconf 90' lang='lat' dir='ltr'>corona</span> <span class='ocrx_word' id='word_1_245' title='bbox 1267 3715 1365 3796; x_wconf 83' lang='lat' dir='ltr'>regni</span> 
     </span>
     <span class='ocr_line' id='line_1_31' title="bbox 72 3819 1361 3906; baseline -0.002 -22"><span class='ocrx_word' id='word_1_246' title='bbox 72 3822 213 3884; x_wconf 90' lang='lat' dir='ltr'>minime</span> <span class='ocrx_word' id='word_1_247' title='bbox 246 3819 349 3884; x_wconf 87' lang='lat' dir='ltr'>avelli</span> <span class='ocrx_word' id='word_1_248' title='bbox 382 3823 550 3902; x_wconf 90' lang='lat' dir='ltr'>patiatur:</span> <span class='ocrx_word' id='word_1_249' title='bbox 583 3822 667 3903; x_wconf 91' lang='lat' dir='ltr'>quin</span> <span class='ocrx_word' id='word_1_250' title='bbox 700 3821 821 3902; x_wconf 81' lang='lat' dir='ltr'>potine,</span> <span class='ocrx_word' id='word_1_251' title='bbox 855 3840 914 3902; x_wconf 93' lang='lat' dir='ltr'>pro</span> <span class='ocrx_word' id='word_1_252' title='bbox 944 3842 1004 3884; x_wconf 92' lang='lat' dir='ltr'>sua</span> <span class='ocrx_word' id='word_1_253' title='bbox 1037 3823 1130 3906; x_wconf 86' lang='lat' dir='ltr'>regia</span> <span class='ocrx_word' id='word_1_254' title='bbox 1155 3829 1190 3884; x_wconf 88' lang='lat' dir='ltr'>et</span> <span class='ocrx_word' id='word_1_255' title='bbox 1224 3827 1361 3904; x_wconf 82' lang='lat' dir='ltr'>paterna</span> 
     </span>
    </p>
   </div>
   <div class='ocr_carea' id='block_1_5' title="bbox 72 4029 1365 4724">
    <p class='ocr_par' dir='ltr' id='par_1_5' title="bbox 72 4029 1365 4724">
     <span class='ocr_line' id='line_1_32' title="bbox 183 4029 1364 4101; baseline 0 -18"><span class='ocrx_word' id='word_1_256' title='bbox 183 4039 192 4068; x_wconf 79' lang='lat'>⁷</span> <span class='ocrx_word' id='word_1_257' title='bbox 212 4031 255 4083; x_wconf 77' lang='lat' dir='ltr'>An</span> <span class='ocrx_word' id='word_1_258' title='bbox 276 4032 345 4085; x_wconf 89' lang='grc'><strong>1606</strong></span> <span class='ocrx_word' id='word_1_259' title='bbox 364 4029 472 4101; x_wconf 66' lang='lat' dir='ltr'>vigere</span> <span class='ocrx_word' id='word_1_260' title='bbox 491 4029 672 4084; x_wconf 79' lang='lat' dir='ltr'>dsszehivott</span> <span class='ocrx_word' id='word_1_261' title='bbox 692 4029 789 4082; x_wconf 89' lang='lat' dir='ltr'>kassai</span> <span class='ocrx_word' id='word_1_262' title='bbox 808 4029 915 4100; x_wconf 79' lang='lat' dir='ltr'>gytllds</span> <span class='ocrx_word' id='word_1_263' title='bbox 934 4035 983 4083; x_wconf 86' lang='lat' dir='ltr'>azt</span> <span class='ocrx_word' id='word_1_264' title='bbox 1002 4029 1173 4083; x_wconf 74' lang='lat' dir='ltr'>hatarozta:</span> <span class='ocrx_word' id='word_1_265' title='bbox 1194 4029 1240 4082; x_wconf 90' lang='lat' dir='ltr'>Ad</span> <span class='ocrx_word' id='word_1_266' title='bbox 1254 4047 1364 4083; x_wconf 88' lang='lat' dir='ltr'>nonum</span> 
     </span>
     <span class='ocr_line' id='line_1_33' title="bbox 73 4117 1365 4189; baseline 0 -17"><span class='ocrx_word' id='word_1_267' title='bbox 73 4125 106 4173; x_wconf 88' lang='lat' dir='ltr'>et</span> <span class='ocrx_word' id='word_1_268' title='bbox 125 4119 273 4173; x_wconf 88' lang='lat' dir='ltr'>decimum</span> <span class='ocrx_word' id='word_1_269' title='bbox 293 4120 445 4174; x_wconf 87' lang='lat' dir='ltr'>Articulos</span> <span class='ocrx_word' id='word_1_270' title='bbox 463 4119 514 4172; x_wconf 90' lang='lat' dir='ltr'>ubi</span> <span class='ocrx_word' id='word_1_271' title='bbox 529 4118 564 4172; x_wconf 90' lang='lat' dir='ltr'>de</span> <span class='ocrx_word' id='word_1_272' title='bbox 579 4117 832 4189; x_wconf 84' lang='lat' dir='ltr'>Capitoneatibus,</span> <span class='ocrx_word' id='word_1_273' title='bbox 852 4118 1054 4172; x_wconf 88' lang='lat' dir='ltr'>Praefecturis</span> <span class='ocrx_word' id='word_1_274' title='bbox 1073 4125 1104 4171; x_wconf 91' lang='lat' dir='ltr'>et</span> <span class='ocrx_word' id='word_1_275' title='bbox 1118 4117 1226 4172; x_wconf 81' lang='lat' dir='ltr'>officiis</span> <span class='ocrx_word' id='word_1_276' title='bbox 1245 4117 1365 4186; x_wconf 92' lang='lat' dir='ltr'>quibus-</span> 
     </span>
     <span class='ocr_line' id='line_1_34' title="bbox 73 4206 1363 4279; baseline 0 -19"><span class='ocrx_word' id='word_1_277' title='bbox 73 4207 149 4261; x_wconf 88' lang='lat' dir='ltr'>libet</span> <span class='ocrx_word' id='word_1_278' title='bbox 169 4224 221 4278; x_wconf 85' lang='lat' dir='ltr'>per</span> <span class='ocrx_word' id='word_1_279' title='bbox 241 4209 400 4279; x_wconf 87' lang='lat' dir='ltr'>Hungaros</span> <span class='ocrx_word' id='word_1_280' title='bbox 428 4210 546 4262; x_wconf 85' lang='lat' dir='ltr'>nativos</span> <span class='ocrx_word' id='word_1_281' title='bbox 575 4206 820 4260; x_wconf 85' lang='lat' dir='ltr'>administrandis</span> <span class='ocrx_word' id='word_1_282' title='bbox 848 4208 958 4277; x_wconf 84' lang='lat' dir='ltr'>agitur,</span> <span class='ocrx_word' id='word_1_283' title='bbox 982 4206 1158 4276; x_wconf 91' lang='lat' dir='ltr'>addendum,</span> <span class='ocrx_word' id='word_1_284' title='bbox 1178 4212 1212 4260; x_wconf 92' lang='lat' dir='ltr'>ut</span> <span class='ocrx_word' id='word_1_285' title='bbox 1231 4208 1363 4260; x_wconf 89' lang='lat' dir='ltr'>omnium</span> 
     </span>
     <span class='ocr_line' id='line_1_35' title="bbox 72 4295 1364 4367; baseline -0.003 -16"><span class='ocrx_word' id='word_1_286' title='bbox 72 4297 241 4351; x_wconf 80' lang='lat' dir='ltr'>officiorum</span> <span class='ocrx_word' id='word_1_287' title='bbox 261 4296 441 4351; x_wconf 84' lang='lat' dir='ltr'>Collationes</span> <span class='ocrx_word' id='word_1_288' title='bbox 460 4313 511 4367; x_wconf 89' lang='lat' dir='ltr'>per</span> <span class='ocrx_word' id='word_1_289' title='bbox 530 4295 706 4367; x_wconf 84' lang='lat' dir='ltr'>palatinum,</span> <span class='ocrx_word' id='word_1_290' title='bbox 726 4312 763 4349; x_wconf 84' lang='lat' dir='ltr'>ex</span> <span class='ocrx_word' id='word_1_291' title='bbox 783 4295 869 4366; x_wconf 90' lang='lat' dir='ltr'>pleno</span> <span class='ocrx_word' id='word_1_292' title='bbox 892 4295 1021 4349; x_wconf 89' lang='lat' dir='ltr'>Consilio</span> <span class='ocrx_word' id='word_1_293' title='bbox 1049 4295 1222 4365; x_wconf 85' lang='lat' dir='ltr'>Hungarico</span> <span class='ocrx_word' id='word_1_294' title='bbox 1249 4311 1364 4365; x_wconf 86' lang='lat' dir='ltr'>semper</span> 
     </span>
     <span class='ocr_line' id='line_1_36' title="bbox 74 4383 1364 4453; baseline -0.003 -13"><span class='ocrx_word' id='word_1_295' title='bbox 74 4386 150 4440; x_wconf 87' lang='lat' dir='ltr'>fiant</span> <span class='ocrx_word' id='word_1_296' title='bbox 169 4393 200 4440; x_wconf 89' lang='lat' dir='ltr'>et</span> <span class='ocrx_word' id='word_1_297' title='bbox 218 4393 253 4439; x_wconf 92' lang='lat' dir='ltr'>ut</span> <span class='ocrx_word' id='word_1_298' title='bbox 273 4387 304 4439; x_wconf 95' lang='lat' dir='ltr'>in</span> <span class='ocrx_word' id='word_1_299' title='bbox 332 4387 445 4440; x_wconf 91' lang='lat' dir='ltr'>duobus</span> <span class='ocrx_word' id='word_1_300' title='bbox 474 4385 617 4439; x_wconf 89' lang='lat' dir='ltr'>Confiniis</span> <span class='ocrx_word' id='word_1_301' title='bbox 639 4387 718 4438; x_wconf 86' lang='lat' dir='ltr'>circa</span> <span class='ocrx_word' id='word_1_302' title='bbox 747 4385 918 4438; x_wconf 87' lang='lat' dir='ltr'>Danubium</span> <span class='ocrx_word' id='word_1_303' title='bbox 946 4385 1022 4452; x_wconf 90' lang='lat' dir='ltr'>sitis,</span> <span class='ocrx_word' id='word_1_304' title='bbox 1051 4383 1172 4438; x_wconf 87' lang='lat' dir='ltr'>Jaurini</span> <span class='ocrx_word' id='word_1_305' title='bbox 1200 4400 1306 4453; x_wconf 85' lang='lat' dir='ltr'>nempe</span> <span class='ocrx_word' id='word_1_306' title='bbox 1334 4390 1364 4436; x_wconf 90' lang='lat' dir='ltr'>et</span> 
     </span>
     <span class='ocr_line' id='line_1_37' title="bbox 73 4473 1364 4546; baseline -0.002 -17"><span class='ocrx_word' id='word_1_307' title='bbox 73 4475 236 4544; x_wconf 84' lang='lat' dir='ltr'>Comarom,</span> <span class='ocrx_word' id='word_1_308' title='bbox 259 4491 349 4546; x_wconf 85' lang='lat' dir='ltr'>penes</span> <span class='ocrx_word' id='word_1_309' title='bbox 367 4475 441 4530; x_wconf 86' lang='lat' dir='ltr'>alios</span> <span class='ocrx_word' id='word_1_310' title='bbox 461 4481 618 4529; x_wconf 86' lang='lat' dir='ltr'>extraneos</span> <span class='ocrx_word' id='word_1_311' title='bbox 637 4475 712 4528; x_wconf 90' lang='lat' dir='ltr'>bene</span> <span class='ocrx_word' id='word_1_312' title='bbox 731 4475 861 4542; x_wconf 84' lang='lat' dir='ltr'>meritos,</span> <span class='ocrx_word' id='word_1_313' title='bbox 881 4479 912 4526; x_wconf 90' lang='lat' dir='ltr'>et</span> <span class='ocrx_word' id='word_1_314' title='bbox 925 4489 996 4542; x_wconf 86' lang='lat' dir='ltr'>erga</span> <span class='ocrx_word' id='word_1_315' title='bbox 1009 4473 1137 4526; x_wconf 81' lang='lat' dir='ltr'>Gentem</span> <span class='ocrx_word' id='word_1_316' title='bbox 1160 4473 1364 4542; x_wconf 86' lang='lat' dir='ltr'>Hungaricam</span> 
     </span>
     <span class='ocr_line' id='line_1_38' title="bbox 72 4561 1365 4632; baseline -0.002 -13"><span class='ocrx_word' id='word_1_317' title='bbox 72 4565 188 4619; x_wconf 83' lang='lat' dir='ltr'>sincere</span> <span class='ocrx_word' id='word_1_318' title='bbox 207 4563 329 4619; x_wconf 86' lang='lat' dir='ltr'>affectos</span> <span class='ocrx_word' id='word_1_319' title='bbox 348 4581 386 4618; x_wconf 88' lang='lat' dir='ltr'>ex</span> <span class='ocrx_word' id='word_1_320' title='bbox 405 4566 514 4620; x_wconf 86' lang='lat' dir='ltr'>vicinis</span> <span class='ocrx_word' id='word_1_321' title='bbox 539 4565 707 4618; x_wconf 83' lang='lat' dir='ltr'>Provinciis</span> <span class='ocrx_word' id='word_1_322' title='bbox 735 4563 810 4617; x_wconf 87' lang='lat' dir='ltr'>Suae</span> <span class='ocrx_word' id='word_1_323' title='bbox 839 4563 1006 4632; x_wconf 84' lang='lat' dir='ltr'>Majestatis</span> <span class='ocrx_word' id='word_1_324' title='bbox 1034 4562 1164 4616; x_wconf 89' lang='lat' dir='ltr'>delectos</span> <span class='ocrx_word' id='word_1_325' title='bbox 1190 4561 1365 4632; x_wconf 73' lang='lat' dir='ltr'>capitaneos</span> 
     </span>
     <span class='ocr_line' id='line_1_39' title="bbox 72 4651 1364 4724; baseline -0.003 -17"><span class='ocrx_word' id='word_1_326' title='bbox 72 4669 234 4724; x_wconf 62' lang='lat' dir='ltr'>supremos</span> <span class='ocrx_word' id='word_1_327' title='bbox 254 4653 393 4724; x_wconf 85' lang='lat' dir='ltr'>Hungari</span> <span class='ocrx_word' id='word_1_328' title='bbox 414 4651 665 4722; x_wconf 85' lang='lat' dir='ltr'>Vice-Oapitanei,</span> <span class='ocrx_word' id='word_1_329' title='bbox 685 4656 715 4704; x_wconf 92' lang='lat' dir='ltr'>et</span> <span class='ocrx_word' id='word_1_330' title='bbox 734 4651 921 4705; x_wconf 88' lang='lat' dir='ltr'>Praesidium</span> <span class='ocrx_word' id='word_1_331' title='bbox 950 4667 1063 4719; x_wconf 89' lang='lat' dir='ltr'>quoque</span> <span class='ocrx_word' id='word_1_332' title='bbox 1089 4651 1297 4721; x_wconf 86' lang='lat' dir='ltr'>Hungaricum</span> <span class='ocrx_word' id='word_1_333' title='bbox 1316 4653 1364 4704; x_wconf 87' lang='lat' dir='ltr'>sit.</span> 
     </span>
    </p>
   </div>
   <div class='ocr_carea' id='block_1_6' title="bbox 0 0 1590 5208">
    <p class='ocr_par' dir='ltr' id='par_1_6' title="bbox 0 0 1590 5208">
     <span class='ocr_line' id='line_1_40' title="bbox 0 0 1590 5208; baseline 0 0"><span class='ocrx_word' id='word_1_334' title='bbox 0 0 1590 5208; x_wconf 95' lang='lat' dir='ltr'> </span> 
     </span>
    </p>
   </div>
  </div>
 </body>
</html>
