3182 5208
1333 323 1373 388 61

86 517 253 584 iudicabit
287 518 448 599 (lietszer)
480 522 573 582 viros
605 527 640 583 et
673 527 834 602 mortuos,
867 519 1055 606 reddetque
1088 520 1242 606 singulte,
1276 528 1377 604 prout

55 705 56 710 γ
83 629 188 712 gessit
205 629 350 712 quisque
367 630 404 691 in
418 648 566 710 corpore,
590 630 664 695 sive
680 625 816 712 bonum,
840 631 912 695 sive
930 629 1066 693 malum.
1090 628 1280 693 Ecclesiam
1296 649 1376 692 sane

84 735 289 800 catholicam
313 737 423 818 pretio
439 735 492 798 sui
516 737 693 820 sanguinis
717 735 939 822 redemptam,
963 759 1040 800 oum
1064 757 1103 800 eo
1127 735 1227 801 oredo
1251 738 1288 800 in
1304 758 1378 820 per-

1 827 2 866 ³
85 851 225 924 petuum
249 849 479 927 regnaturam.
504 839 615 906 Credo
638 849 673 905 et
696 842 861 908 confiteor
884 865 990 908 unum
1014 841 1185 926 baptisma
1208 845 1245 907 in
1261 845 1377 907 remis-

84 951 213 1012 sionem
237 950 391 1012 omnium
424 954 648 1031 peccatorum.
682 949 781 1013 Hane
805 971 886 1035 ergo
919 949 1022 1014 fidem
1056 949 1276 1033 professionis
1303 972 1376 1014 mee

84 1055 287 1121 inviolatam
310 1079 364 1120 me
386 1058 534 1122 retinere
551 1063 586 1120 et
602 1055 646 1120 ab
661 1079 700 1120 ea
717 1079 893 1143 nunquam
916 1057 1055 1122 deviare
1079 1056 1264 1140 promiltto
1289 1057 1378 1134 Qua·

83 1165 161 1228 liter
180 1185 269 1249 ergo
292 1186 333 1228 ex
359 1163 528 1248 prolibata
551 1163 619 1228 fide
643 1164 810 1230 idiotas1⁸
833 1165 969 1230 erudire
999 1163 1142 1229 debeam
1173 1171 1208 1228 et
1240 1167 1312 1248 ipse
1342 1167 1377 1228 in
1485 1193 1487 1198 ·
1578 1149 1581 1156 ¹

83 1280 240 1356 suscepta
253 1273 465 1336 novitiorum
480 1271 621 1336 ecelesia
638 1275 841 1353 conversari,
857 1274 1023 1355 rescripto
1034 1273 1253 1354 paternitatis
1263 1277 1377 1336 vestre

83 1381 219 1444 cautius
251 1377 371 1464 flagito
403 1385 443 1444 ut
476 1399 608 1444 merear
639 1377 781 1444 edoceri.
819 1380 948 1444 Memet
980 1380 1094 1462 ipsum
1126 1380 1218 1442 enim
1250 1381 1377 1442 iterum

84 1490 278 1570 iterumque
317 1487 512 1549 sanctitatis
550 1492 664 1550 vestre
703 1485 784 1550 fidei
823 1484 1046 1570 precibusque
1086 1483 1252 1549 submisse
1288 1506 1378 1548 com-

84 1591 217 1657 mendo.
241 1591 392 1678 Dignam
416 1589 533 1656 autem
556 1599 670 1656 vestre
695 1591 920 1658 sublimitatis
944 1595 1151 1676 memoriam,
1175 1614 1278 1676 quam
1303 1598 1377 1656 tota

83 1723 141 1782 per
164 1698 286 1764 orbem
310 1697 507 1784 frequentat
532 1699 683 1786 eeclesia²
716 1721 779 1785 ego
807 1723 886 1765 oum
918 1699 1076 1764 omnibus
1109 1699 1195 1764 mihi
1227 1697 1378 1764 subditis

82 1810 173 1872 votis
207 1815 243 1871 et
268 1805 480 1870 orationibus
504 1805 675 1871 celebrare
698 1829 767 1871 non
795 1805 931 1872 desisto.
964 1807 1140 1891 Quidquid
1165 1815 1201 1870 et
1233 1807 1376 1871 humani

81 1915 222 1978 servicii
244 1914 336 1998 quod
352 1911 503 1978 vestram
527 1913 646 1978 deceat
663 1915 938 1999 magnitudinem
954 1936 996 1978 ex
1019 1933 1073 1978 me
1094 1912 1242 1978 conferri
1263 1915 1377 1996 possit,

82 2029 196 2086 totum
229 2029 265 2084 et
296 2042 337 2084 ex
361 2027 436 2084 toto
460 2042 520 2104 pro
543 2019 648 2085 libitu
671 2021 861 2085 voluntatis
885 2027 999 2085 vestre
1031 2019 1222 2085 liberaliter
1254 2043 1378 2104 expen-
1495 2012 1497 2018 ¹

81 2128 172 2212 (lere,
198 2137 296 2210 pater
320 2126 541 2192 dilectissime
565 2137 692 2213 satage.

192 2362 216 2394 ¹²
236 2357 262 2408 A
283 2354 503 2410 tudatlanokat.
548 2419 551 2426 .
