3144 5218
1267 374 1332 440 529

36 577 182 637 tractati
205 581 239 637 et
263 575 415 638 conclusi
447 581 536 658 sunt,
569 581 672 659 atque
696 573 777 638 hinc
801 573 911 637 literis
934 575 1060 636 nostris
1084 573 1127 636 de
1151 570 1265 636 Verbo
1288 572 1331 636 ad

36 679 194 745 Verbum
231 683 362 763 inserti,
400 688 626 765 acceptamus,
664 680 891 764 approbamus
927 687 962 743 ot
994 679 1211 762 ratificamus
1245 699 1332 742 asse-

35 795 198 852 curantes
233 787 403 870 praefatos
436 790 632 872 Principem
665 787 935 873 Transylvaniae
968 790 1066 872 eique
1098 785 1332 869 adhaerentes,

33 917 76 959 ac
101 898 208 959 etiam
231 895 418 961 Universos
451 902 486 959 et
517 895 672 981 singulos
696 893 814 958 Status
837 902 873 959 et
897 894 1041 959 Ordines
1064 894 1194 978 inclyti
1217 893 1332 978 Regni

33 1005 149 1067 nostri
172 1003 382 1089 Hungariae,
405 1005 442 1066 in
463 1002 569 1068 verbo
594 1010 709 1068 nostro
734 1004 845 1088 Regio
869 1009 904 1066 et
928 1001 1016 1066 bona
1039 1001 1107 1065 fide
1127 1001 1333 1083 Christiana,

33 1111 131 1194 quod
155 1132 211 1174 eos
235 1132 351 1174 omnes
375 1118 410 1174 et
434 1110 594 1196 Singulos
618 1110 789 1191 articulos,
813 1112 851 1172 in
873 1108 1031 1174 omnibus
1051 1130 1168 1173 eorum
1188 1109 1334 1190 peractis

33 1226 70 1282 et
96 1217 260 1282 clausulis
284 1225 356 1281 tam
388 1239 450 1282 nos
482 1221 548 1301 ipsi
580 1226 696 1281 sancte
727 1225 762 1280 et
794 1215 1043 1281 inviolabiliter
1067 1214 1334 1298 observabimus,

33 1347 143 1410 quam
176 1327 280 1388 etiam
313 1347 373 1407 per
404 1324 489 1388 alios
522 1347 638 1389 omnes
670 1323 827 1388 subditos
856 1331 999 1406 nostros,
1022 1344 1167 1408 quorum
1190 1324 1335 1386 interest

33 1433 92 1496 vel
121 1435 287 1514 intererit,
321 1434 563 1516 cuiuscumque
596 1437 707 1494 status
739 1437 774 1494 et
808 1430 1015 1494 conditionis
1047 1432 1126 1512 sint,
1159 1429 1335 1493 observari

34 1539 215 1604 faciemus.
247 1537 302 1602 Ad
327 1538 418 1623 quod
441 1537 700 1620 observandum,
725 1540 830 1602 etiam
854 1536 1070 1601 Successores
1094 1542 1228 1600 nostros
1252 1535 1335 1622 legi-

34 1651 142 1712 timos
166 1645 297 1710 scilicet
320 1646 520 1731 Hungoriae
549 1647 662 1731 Reges
695 1645 864 1730 obligatos
897 1666 968 1708 esse
1000 1644 1168 1709 volumus.
1200 1643 1334 1708 Harum

34 1763 233 1819 nostrarum
266 1775 386 1817 manus
418 1761 554 1818 nostrae
587 1752 836 1835 subscriptione
868 1752 1113 1834 roboratarum,
1145 1753 1266 1836 vigore
1299 1757 1335 1814 et

33 1863 237 1928 testimonio
262 1860 441 1925 literarum
463 1861 646 1925 mediante.
672 1899 712 1906 —
737 1859 867 1924 Datum
886 1863 922 1923 in
938 1882 1014 1923 arce
1030 1866 1147 1923 nostra
1163 1857 1334 1940 Lincensi,

33 1971 203 2034 Austriae
226 1971 418 2051 superioria
434 1968 489 2032 die
516 1968 566 2032 16.
590 1971 716 2032 mensis
743 1966 952 2048 Decembris,
985 1988 1074 2030 anno
1106 1967 1204 2030 Dom.
1239 1965 1334 2029 1645.

34 2101 134 2163 regn.
150 2085 254 2141 nostr.
270 2076 369 2140 Rom.
386 2076 416 2138 9.
432 2076 549 2162 Hung.
573 2083 608 2140 et
632 2075 841 2171 reliquorum
864 2076 915 2139 20.
935 2073 1020 2139 Boh.
1043 2095 1126 2138 vero
1149 2095 1238 2137 anno
1263 2075 1330 2136 18.«

133 2261 313 2328 Articulus
342 2261 396 2330 Vl.
421 2262 625 2350 Norropinla
655 2261 802 2350 Templo
828 2260 1055 2350 Eoonpelr’cis
1080 2260 1242 2327 restituto

556 2369 816 2459 specificantur.

151 2489 289 2573 Optime
313 2489 537 2554 recordantur
565 2488 597 2554 S.
620 2487 652 2553 S.
675 2497 710 2553 ct
744 2489 780 2552 Ο.
814 2488 851 2554 Ο.
876 2492 973 2574 regni
997 2495 1145 2573 quantae
1169 2487 1335 2551 hactenus

36 2597 173 2663 fuerint
196 2599 289 2660 inter
311 2595 510 2682 regnicolas
535 2577 667 2660 ratione
691 2597 924 2678 occupationis
958 2595 1173 2678 templorum,
1207 2594 1335 2658 dissen-

36 2708 171 2770 siones:
195 2725 281 2788 quae
305 2710 345 2767 ut
370 2707 595 2786 imposterum
620 2709 896 2785 praecaveantur,
912 2700 1227 2785 discordiarumque
1251 2703 1335 2764 civi-

36 2813 128 2876 lium
151 2810 261 2874 fomes
284 2813 517 2896 extinguatur,
541 2833 581 2874 ac
605 2809 796 2896 regnicolae
821 2831 901 2893 pace
935 2816 970 2871 et
1002 2809 1182 2872 concordia
1215 2813 1335 2872 mutua

39 2922 156 3003 potius
187 2918 356 3000 fruantur,
382 2927 457 3000 post
484 2922 597 2982 varias
630 2918 721 2982 ultro
755 2920 908 3002 citraque
942 2914 1051 2979 factas
1084 2915 1335 2997 disputationes

37 3038 70 3091 et
89 3027 350 3110 propositiones
367 3029 459 3089 inter
475 3025 506 3090 S.
523 3024 555 3089 S.
572 3031 607 3089 et
624 3024 662 3090 Ο.
679 3024 716 3088 Ο.
731 3027 837 3109 regni,
854 3021 994 3087 tandem
1009 3031 1044 3086 et
1068 3023 1111 3086 ad
1135 3029 1336 3104 extremum,

38 3139 174 3199 ratione
198 3135 430 3216 occupationis
454 3133 660 3215 templorum
683 3154 722 3194 ac
750 3131 895 3194 aliorum
927 3132 1198 3212 accessariorum,
1231 3130 1335 3192 inter-

38 3244 203 3306 veniente
226 3242 332 3304 etiam
355 3237 545 3323 majestatis
569 3261 648 3303 suae
673 3238 729 3302 SS.
754 3237 974 3319 authoritate,
999 3239 1047 3301 ita
1076 3244 1111 3300 et
1143 3235 1207 3300 hoc
1235 3235 1335 3299 modo

39 3359 91 3414 est
117 3355 336 3430 conventum,
360 3354 399 3410 ut
423 3347 632 3433 evangelicis
655 3369 697 3410 ex
721 3345 868 3429 templiS,
893 3347 929 3408 in
961 3343 1221 3430 gravaminibus
1254 3343 1336 3405 anni

41 3458 138 3521 1638.
172 3454 347 3538 exhibitis,
378 3477 417 3517 ac
449 3463 524 3536 post
563 3457 669 3518 etiam
706 3453 898 3517 subsecutis
930 3451 1143 3535 specificatiS,
1176 3450 1258 3514 haec
1293 3449 1336 3513 90

39 3564 171 3647 templa
195 3565 425 3627 restituantur
441 3611 447 3626 .
463 3611 471 3626 .
488 3566 510 3625 ,9

42 3730 225 3799 Articulus
255 3728 326 3798 Vll.
351 3729 499 3796 Praeter
519 3728 743 3818 praescripto
781 3725 928 3815 Templo
961 3725 1063 3793 nullu
1098 3724 1172 3792 alio
1204 3723 1335 3810 filiolis

574 3834 802 3902 restituendo.

150 3973 206 4038 Ad
241 3977 450 4059 praescripta
489 3980 604 4036 autem
645 3974 834 4056 nonaginta
872 3969 1010 4052 templa,
1050 3990 1135 4052 quae
1168 3967 1335 4032 hactenus

44 4107 122 4166 prae
146 4082 306 4147 manibus
330 4081 517 4146 eorundem
539 4079 816 4165 evangelicorum
838 4077 1064 4159 habebantur,
1088 4083 1123 4139 et
1151 4097 1238 4160 quae
1272 4075 1336 4139 sub

42 4190 224 4256 disturbiis
247 4191 400 4273 proxime
426 4189 621 4270 praeteritis
645 4186 791 4250 fuissent
815 4191 988 4266 occupata,
1012 4182 1107 4247 nulla
1131 4182 1198 4246 alia
1216 4181 1337 4246 filialia

42 4298 266 4380 restituenda,
290 4317 393 4382 quam
417 4317 504 4380 quae
529 4295 712 4377 possident,
736 4301 772 4357 et
796 4315 881 4378 quae
906 4313 984 4356 cum
1011 4291 1115 4354 dictis
1146 4292 1335 4374 nonaginta

152 4485 211 4542 Ἀ
240 4485 454 4559 tlirvenycziklr
486 4486 594 4539 ezutdn
625 4485 775 4556 falsorolja
806 4503 840 4539 az
871 4483 991 4554 Abauj-,
1028 4480 1191 4552 Zemplen-,
1228 4480 1335 4548 Siros,

43 4579 169 4650 Szepes,
194 4579 299 4648 Hont,
328 4577 422 4642 Burs,
451 4576 582 4646 Nyitra,
611 4573 781 4645 Trencsen,
810 4574 943 4642 Terdec,
972 4572 1154 4639 ΚοιηὲὶτοιηἼ
1181 4570 1335 4640 Pozsony-,

44 4668 191 4740 Scmogy,
211 4667 293 4738 Vas,
312 4666 443 4738 Sopron-,
462 4666 606 4736 Mosony-,
626 4664 727 4735 Gyen,
748 4663 919 4735 Veszprem-
933 4661 963 4717 es
976 4657 1335 4731 Esztergommegyekben

96 4792 230 4838 aarum:
244 4793 265 4838 Δ
279 4803 381 4847 magyar
395 4791 507 4835 tertona
522 4790 611 4835 astru.
1193 4767 1229 4823 34
