3124 5216
192 359 261 424 684

192 557 402 638 Caesaream,
435 579 474 620 ac
506 557 653 641 Regiam
685 555 904 640 Regnantem
936 549 1156 636 Majestatem
1188 555 1225 615 in
1252 551 1329 615 aliis
1352 573 1491 636 qnoque

193 666 263 728 suis
286 665 418 748 Regnis
441 669 476 727 et
500 663 693 728 Provinciis
716 661 976 744 Haereditariis,
999 662 1044 742 in,
1069 667 1104 724 et
1136 666 1234 722 extra
1266 658 1492 723 Germaniam

192 773 268 836 sitis
292 772 589 855 Primogeniturae
612 769 785 851 Ordinem,
808 768 894 833 Jure
918 773 952 831 et
977 766 1105 831 Ordine
1122 767 1315 850 praemisso,
1331 765 1491 829 indivisi-

193 877 319 959 biliter,
343 901 382 943 ac
405 876 690 962 inseparabiliter,
713 878 871 958 invicem,
895 883 930 940 et
954 875 1103 958 insimul,
1127 896 1166 938 ac
1184 895 1347 938 unacum
1362 873 1490 957 Regno

192 985 374 1071 Ungariae,
413 995 448 1050 et
486 985 657 1068 Partibus,
695 984 836 1069 Regnis,
875 990 910 1047 et
949 983 1142 1047 Provinciis
1183 981 1296 1045 eidem
1334 983 1489 1045 annexis,

191 1092 419 1157 haereditarie
443 1093 665 1177 possidendis,
688 1091 883 1176 regendam,
907 1095 943 1154 et
966 1088 1227 1176 gubernandam
1250 1086 1490 1152 transferunt:

301 1197 328 1283 ξ.
352 1201 382 1264 8.
406 1201 454 1264 Et
478 1207 702 1264 memoratam
726 1199 980 1264 Successionem
1004 1203 1200 1280 acceptant;

299 1304 327 1391 ξ.
345 1308 373 1371 9.
390 1308 598 1392 Taliterque,
614 1307 757 1370 eandem
774 1305 1029 1370 successionem
1039 1305 1268 1386 Foemineam,
1278 1304 1316 1366 in
1325 1301 1488 1387 Augusta

191 1413 300 1479 Domo
324 1413 508 1480 Austriaco
532 1413 775 1494 introductam,
799 1418 834 1476 et
857 1413 1013 1497 agnitam
1037 1412 1200 1492 (extensis
1224 1411 1268 1474 ad
1290 1431 1366 1474 eam
1394 1431 1489 1474 nunc

192 1543 251 1605 pro
276 1527 359 1587 tuno
382 1520 534 1586 Articuli
558 1522 587 1585 2.
611 1527 646 1585 et
670 1521 699 1585 3.
722 1519 818 1585 Anni
842 1520 938 1584 1687.
971 1527 1006 1584 et
1039 1521 1168 1604 pariter
1200 1519 1229 1582 2.
1262 1524 1297 1581 et
1329 1517 1357 1580 3.
1391 1516 1489 1581 Anni

192 1629 301 1709 1715.)
321 1626 424 1713 juxta
449 1629 614 1694 Ordinem
638 1628 873 1712 supradictum
897 1625 1097 1704 stabiliunt3

298 1733 326 1820 ξ.
345 1739 395 1802 10.
412 1738 479 1801 Per
497 1743 749 1820 praeattactum
768 1735 992 1800 Foemineum
1015 1733 1142 1798 Sexum
1158 1731 1337 1817 Augustae
1354 1731 1488 1794 Domus

190 1842 353 1927 ejusdem,
370 1847 509 1928 praevio
526 1845 627 1908 modo
652 1843 841 1908 declaratos
865 1842 1056 1906 Haeredes:
1073 1849 1108 1904 et
1125 1840 1340 1904 Successores
1357 1840 1489 1902 utrius-

190 1973 256 2036 que
267 1951 375 2028 Sexus
386 1949 599 2016 Archiduces
609 1949 788 2030 Austriae;
805 1949 1058 2032 acceptandam,
1075 1945 1349 2028 ratihabendam,
1366 1951 1401 2008 et
1417 1967 1487 2008 una

190 2080 268 2122 cum
286 2060 488 2141 praemissis,
505 2080 611 2142 aeque
627 2057 728 2122 modo
753 2058 891 2140 praevio
916 2077 976 2139 per
992 2055 1265 2119 Sacratissimam
1281 2053 1488 2118 Caesaream

189 2172 225 2228 et
255 2164 403 2250 Regiam
441 2162 662 2248 Majestatem
698 2164 961 2228 clementissime
993 2161 1203 2226 confirmatis
1233 2160 1488 2244 Diplomaticis

189 2271 333 2355 aliisque
359 2271 625 2354 praedeclaratis
653 2271 816 2334 Statuum
848 2277 883 2332 et
910 2267 1078 2332 Ordinum
1099 2267 1223 2352 Regni,
1249 2267 1489 2352 Partiumque.

188 2377 398 2461 Regnorum,
430 2386 465 2442 et
497 2379 758 2443 Provinciarum
791 2377 902 2440 eidem
936 2397 1147 2439 annexarum
1175 2373 1424 2456 Libertatibus,
1448 2387 1488 2438 et

189 2484 446 2569 Praerogativis
462 2486 504 2548 ad
522 2492 676 2549 tenorem
696 2486 962 2568 praecitatorum
987 2481 1232 2563 Articulorum,
1246 2480 1374 2546 futuris
1398 2505 1489 2546 sem-

190 2613 249 2674 per
273 2591 492 2675 temporibus,
517 2595 690 2656 occasione
714 2591 953 2656 Ooronationis
970 2588 1219 2653 observandam
1235 2590 1485 2656 determinant:

297 2693 324 2780 ξ.
349 2699 400 2762 11.
424 2699 472 2762 Et
494 2701 631 2762 nonnisi
655 2705 732 2782 post
748 2697 982 2762 omnimodum
999 2696 1167 2778 praedicti
1183 2694 1291 2759 Sexus
1307 2695 1486 2761 defectum

187 2807 318 2869 avitam
343 2812 377 2869 et
400 2812 562 2887 veterem,
585 2803 884 2888 approbatamque,
908 2810 943 2866 et
976 2810 1148 2886 receptam
1180 2801 1485 2886 Consuetudinem,

188 2913 536 2998 Praerogativamque
560 2912 722 2976 Statuum
745 2920 780 2974 et
804 2909 982 2992 Ordinum,
1005 2912 1043 2974 in
1065 2909 1243 2974 Electione
1267 2918 1301 2974 et
1335 2910 1485 2975 Corona-

189 3022 281 3084 tione
304 3019 450 3104 Regum,
475 3017 587 3082 locum
609 3017 824 3096 habituram;
848 3025 1025 3080 reservant
1048 3016 1318 3102 intelligendam.

294 3127 403 3190 Artic.
429 3125 457 3187 3.
482 3124 718 3188 Sacratissima
743 3124 916 3206 Caesarea,
940 3131 975 3187 et
998 3124 1110 3208 Regia
1139 3123 1311 3207 Maiestas
1345 3125 1485 3187 univer-

187 3257 302 3299 sorum
325 3233 480 3299 fidelium
504 3234 667 3298 Statuum
690 3241 726 3297 et
755 3232 923 3297 Ordinum
955 3231 1079 3315 Regni,
1113 3231 1336 3317 Partiumque
1369 3231 1484 3295 eidem

186 3365 405 3424 annexarum,
438 3344 552 3406 omnia
583 3348 656 3406 tam
689 3341 935 3424 Diplomatica;
969 3360 1073 3423 quam
1104 3338 1172 3402 alia
1205 3341 1346 3424 quaevis
1385 3339 1410 3403 J
1411 3361 1483 3412 ura,

187 3448 392 3528 Libertates,
415 3456 450 3512 et
483 3450 681 3534 Privilegia,
714 3448 965 3528 ImmunitateS,
998 3447 1271 3530 Praerogativas,
1303 3447 1483 3531 Legesque

186 3557 351 3637 conditas,
375 3563 410 3620 et
433 3556 639 3640 approbatas
663 3553 936 3619 Oonsuetrrdines
961 3552 1228 3634 (Conformitate
1243 3553 1483 3618 Articulorum

188 3666 215 3726 1.
251 3672 285 3728 et
318 3666 347 3727 2.
381 3665 563 3728 modernae
596 3663 749 3744 Diaetae,
782 3663 819 3724 in
851 3683 951 3724 sensu
983 3661 1220 3725 Articulorum
1255 3663 1291 3743 1,
1325 3663 1354 3724 2.
1387 3669 1423 3725 et
1453 3663 1483 3724 3.

188 3770 283 3833 1715.
307 3770 557 3854 Formulaeque
580 3770 778 3836 Juramenti
800 3766 930 3831 ibidem
954 3775 1144 3850 contentae,
1160 3765 1482 3852 intelligendorum)

185 3876 371 3941 clementer
394 3875 581 3957 confirmat,
606 3883 641 3939 et
664 3873 878 3940 observabit:

293 3980 321 4067 ξ.
346 3985 373 4048 1.
398 3985 600 4068 Pariterque
634 3983 857 4064 Successores,
891 3982 1045 4066 legitime
1080 3983 1264 4047 coronandi
1296 3983 1481 4067 Ungariae.

184 4099 219 4154 et
244 4091 401 4156 Partium
425 4091 536 4154 eidem
560 4113 771 4154 annexarum
794 4090 926 4174 Reges3
950 4092 987 4152 in
1010 4091 1132 4154 iisdem
1155 4091 1420 4176 Praerogativis,
1446 4105 1481 4152 et

186 4200 378 4281 praemissis
402 4197 686 4262 Immunitatibus
709 4205 745 4261 et
770 4194 931 4280 Legibus.
956 4196 1075 4260 Status
1108 4205 1143 4260 et
1176 4197 1322 4261 Ordines
1354 4197 1480 4282 Regni.

186 4308 403 4390 partiumque
427 4305 539 4369 eidem
562 4327 772 4369 annexarum
795 4302 1047 4368 inviolabiliter
1070 4305 1339 4386 conservabunt;

292 4409 319 4494 ξ.
343 4415 372 4476 2.
396 4413 496 4494 Quas,
520 4419 555 4478 et
579 4435 674 4498 quae,
699 4419 874 4494 praeterea
891 4409 959 4474 Sua
976 4409 1139 4495 Majestas
1156 4412 1402 4493 Sacratissima,
1419 4435 1481 4496 per

184 4541 263 4583 suos
287 4517 518 4606 cujuscunque
543 4521 671 4602 Statue,
694 4518 830 4582 Gradus
856 4524 891 4581 et
907 4517 1141 4583 Conditionis:
1173 4517 1348 4583 observari
1365 4518 1480 4583 i'aciet.
