3160 5212
209 321 275 384 328

1205 444 1212 480 1

209 515 283 592 fati,
308 517 428 602 Sigilla
452 524 569 582 nostra
595 518 808 599 presentibus
841 518 984 583 fecimus
1007 520 1164 603 appendi.
1189 521 1318 585 Datum
1342 520 1501 604 Sopronij

209 623 295 688 feria
311 627 417 690 tercia
434 628 587 709 proxima
606 632 686 689 ante
703 624 832 690 festum
847 627 954 691 Beate
971 627 1078 690 Marie
1096 627 1298 712 Magdalene
1316 629 1381 709 (19.
1399 629 1503 702 Julii)

208 731 310 796 Anno
334 733 465 796 domini
488 732 672 797 Millesimo
695 735 1033 818 quadringentesimo
1057 736 1276 820 Sexagesimo
1301 740 1415 800 tercio.

533 980 706 1051 14911111
728 982 929 1072 pozsonyi
952 982 1178 1052 szcrzodes.

317 1164 387 1227 Nos
411 1163 559 1228 Thomas
575 1165 764 1248 Episcopus
783 1165 934 1228 Ecclesia
950 1165 975 1230 J
975 1168 1163 1230 auriensis¹
1189 1173 1251 1231 etc.
1267 1167 1398 1252 Regius
1414 1167 1506 1232 Oan-

209 1271 367 1335 cellarius
391 1274 428 1335 in
452 1272 641 1357 Hungaria,
665 1273 786 1337 Comes
811 1273 1004 1356 Stephanus
1037 1274 1078 1337 de
1103 1274 1236 1338 Bathor
1259 1275 1373 1340 Judex
1398 1275 1505 1339 Gurie

209 1380 328 1464 Regio,
352 1388 387 1443 et
411 1379 592 1464 Wayuoda
617 1380 889 1462 TranasilvanuS,
913 1381 1088 1446 Johannes
1112 1381 1364 1466 Schellenberg,
1388 1383 1505 1466 Regni

210 1487 373 1550 Bohemie
412 1487 653 1568 Cancellarius,
687 1488 867 1551 Ladislaus
906 1488 1018 1573 Orzag
1057 1489 1098 1552 de
1137 1488 1252 1572 thh,
1291 1489 1506 1575 Agazonum

210 1594 312 1658 Alter
335 1594 515 1658 Ladislaus
539 1595 580 1658 de
604 1595 748 1679 Rozgon
781 1595 1078 1660 cubiculariorum
1110 1597 1301 1680 Regiorum
1333 1596 1507 1681 Magistri.

209 1701 392 1766 Benessius
420 1701 699 1782 Waithmiillner,
723 1702 961 1786 Burggrauins
989 1706 1026 1765 in
1059 1703 1238 1766 Karlstein
1271 1711 1304 1766 et
1336 1705 1509 1788 Magister

210 1810 427 1874 Mouetarum
460 1811 496 1872 in
532 1809 707 1873 montibus
749 1809 913 1891 Kuthnis,
952 1809 1160 1874 Wilhelmus
1199 1811 1423 1874 Pamkircher
1461 1811 1506 1874 de

210 1918 370 2000 Zalonok,
395 1926 429 1981 et
452 1918 628 1982 Johamres
652 1918 693 1980 de
717 1918 862 2000 prow
884 1917 1052 2002 Magister
1076 1917 1178 1982 Curie
1198 1919 1313 2003 Regni
1330 1918 1507 1982 Bohemie.

212 2047 271 2107 pro
295 2025 517 2088 Serenissimo
541 2026 701 2108 Principe
725 2032 759 2088 et
783 2025 921 2089 1101111110
946 2025 1084 2089 domino
1109 2025 1299 2089 Wladislao
1316 2026 1508 2110 Hungarie.

211 2132 383 2210 Bohemie,
417 2133 591 2196 Dalmacie
625 2132 764 2197 Croacie
798 2141 860 2196 ect.
893 2135 999 2218 Rege,
1037 2133 1235 2198 Marchione
1274 2134 1437 2215 Morauie,
1465 2156 1508 2197 ac

211 2239 330 2303 Silesie
354 2249 388 2304 et
414 2239 706 2324 Lucemburgensi
730 2241 824 2304 Duce
849 2249 911 2304 ect.
935 2241 1074 2305 domino
1097 2248 1214 2305 nostro
1247 2243 1508 2326 gratiosissimo

211 2353 245 2409 et
271 2347 404 2429 prefato
427 2348 550 2432 Regno
574 2347 761 2432 Hungarie,
785 2345 911 2428 Nuncij
942 2355 976 2410 et
1001 2347 1161 2412 Oratores
1184 2348 1378 2432 specialiter
1400 2348 1510 2431 depu-

211 2456 286 2536 tati,
309 2454 599 2539 Recognoscimus
623 2462 657 2518 et
681 2455 810 2518 Notum
835 2455 980 2519 facimus
1004 2463 1120 2520 tenore
1141 2459 1353 2538 presencium
1368 2458 1510 2519 univer-

211 2565 265 2642 sis
290 2563 380 2646 quod
405 2562 447 2624 ad
472 2561 641 2624 tollendas
665 2568 699 2624 et
724 2583 859 2643 prorsus
882 2562 1133 2646 extinguendas
1155 2561 1374 2644 hostilitates,
1406 2584 1511 2646 guer-

212 2691 275 2747 rae,
299 2669 533 2736 Differencias
558 2675 593 2730 et
616 2668 850 2732 dissensiones.
882 2669 980 2732 Inter
1013 2669 1251 2733 Serenissimos
1284 2677 1318 2732 et
1350 2670 1511 2732 invictis-

212 2779 314 2840 simos
348 2777 525 2858 Principes
558 2783 592 2838 et
625 2776 788 2856 dominos,
822 2777 977 2840 dominos
1011 2777 1227 2840 Fridericum
1250 2775 1510 2859 Imperatorem.

211 2895 246 2948 et
279 2883 556 2948 Maximilianum
588 2883 720 2965 Regem
753 2883 987 2947 Romanorum
1020 2905 1152 2966 semper
1179 2882 1356 2967 Augustos
1379 2889 1441 2944 etc.
1467 2904 1510 2946 ac

211 2993 400 3076 Hungarie,
423 2991 598 3055 Dalmacic
623 2992 762 3054 (1101011ι
791 2999 853 3054 etc.
885 2992 1007 3074 Reges,
1040 3013 1224 3075 eorumque
1257 2996 1373 3070 terrae,
1406 2989 1512 3052 Prin-

212 3104 354 3184 cipatus.
379 3100 538 3173 dominia,
562 3097 718 3162 subditos
751 3105 784 3161 et
818 3098 946 3161 incolas
980 3121 1020 3162 ex
1055 3121 1130 3162 una.
1164 3099 1210 3160 Et
1244 3098 1512 3162 Serenissimum

212 3206 355 3270 condam
389 3205 566 3268 dominum
598 3204 767 3266 Mathiam
800 3204 979 3288 Hungarie
1014 3213 1045 3267 et
1081 3203 1245 3267 Bohemie
1278 3203 1409 3288 Regem
1444 3212 1512 3269 etc.

212 3319 524 3396 consequenterque
549 3311 809 3374 Serenissimum
833 3311 1028 3394 Principem
1052 3319 1087 3374 et
1111 3311 1295 3392 dominum,
1329 3311 1513 3376 dominum

213 3419 443 3484 Wladislaum
466 3419 645 3502 Hungarie
670 3427 704 3480 et
729 3418 892 3482 Bohemie
915 3419 1048 3503 Regem
1071 3427 1134 3482 etc.
1158 3441 1197 3482 ac
1230 3418 1407 3502 Inclytum
1439 3418 1514 3482 Re-

212 3549 320 3611 gnum
344 3527 531 3610 Hunga-rie,
555 3527 686 3610 Regna,
712 3528 932 3609 principatus
957 3533 992 3588 et
1015 3526 1176 3606 dominia,
1199 3523 1253 3588 illi
1286 3527 1513 3608 pertinencia,

213 3635 464 3718 eorundemque
498 3633 653 3697 subditos
687 3644 720 3696 et
759 3633 902 3715 Incolas,
944 3633 1099 3716 partibus
1139 3655 1180 3695 ex
1220 3633 1336 3712 altera,
1375 3631 1514 3696 dudum

212 3751 356 3806 exortae.
390 3741 436 3804 Et
470 3743 643 3804 occasione
677 3740 781 3820 Juris,
814 3740 904 3825 quod
938 3740 1030 3803 idem
1063 3739 1221 3802 dominus
1246 3737 1512 3803 Maximilianus

212 3850 298 3914 Rex.
321 3850 364 3912 ad
390 3853 502 3932 ipsum
525 3850 686 3932 Regnum
709 3849 897 3932 Hungarie,
921 3851 1039 3932 vigore
1064 3848 1241 3910 cuiusdam
1265 3846 1515 3928 Inscripcionis

214 3956 338 4021 habere
362 3957 561 4038 dinoscitur,
587 3967 661 4039 post
686 3959 793 4038 ipsius
810 3956 940 4020 domiui
957 3955 1089 4018 Matlrie
1106 3955 1213 4038 Regis
1230 3959 1383 4034 mortem,
1400 3975 1515 4038 usque

213 4067 250 4127 in
266 4064 348 4128 haec
364 4073 517 4148 tempora
535 4073 659 4146 nostra,
684 4067 910 4141 continuatas,
935 4063 1069 4126 suffulti
1095 4061 1245 4145 plenaria
1262 4068 1296 4124 et
1313 4062 1513 4126 omnimoda

213 4173 441 4236 Auctoritate.
466 4172 640 4250 facultate,
665 4179 699 4234 et
733 4179 901 4253 potestate
932 4169 1058 4253 prefati
1082 4169 1296 4233 Serenissimi
1320 4175 1352 4230 et
1376 4171 1517 4251 gracio-

215 4279 626 4342 111111111101111111101111
651 4277 834 4340 Wlaclislai
858 4279 973 4358 Regis,
999 4283 1100 4358 prout
1124 4278 1159 4338 in
1188 4274 1315 4338 litteris
1349 4275 1515 4342 Mandati

215 4388 332 4451 nostri.
357 4386 454 4449 nobis
478 4387 623 4470 desuper
646 4387 720 4449 dati
744 4384 833 4448 clare
858 4386 1026 4448 contineri
1051 4384 1249 4463 dinoscitur,
1285 4421 1324 4428 —
1345 4419 1384 4426 -
1404 4419 1445 4426 —-
1472 4385 1517 4448 in

325 4621 332 4647 ¹
352 4610 466 4666 Bakacs
486 4613 600 4667 Tamais.
