<?xml version="1.0" encoding="UTF-8"?>
<!DOCTYPE html PUBLIC "-//W3C//DTD XHTML 1.0 Transitional//EN"
    "http://www.w3.org/TR/xhtml1/DTD/xhtml1-transitional.dtd">
<html xmlns="http://www.w3.org/1999/xhtml" xml:lang="en" lang="en">
 <head>
  <title>
</title>
<meta http-equiv="Content-Type" content="text/html;charset=utf-8" />
  <meta name='ocr-system' content='tesseract 3.04.00' />
  <meta name='ocr-capabilities' content='ocr_page ocr_carea ocr_par ocr_line ocrx_word'/>
</head>
<body>
  <div class='ocr_page' id='page_1' title='image "./enchiridionfont00marcgoog_0758.png"; bbox 0 0 3124 5216; ppageno 0'>
   <div class='ocr_carea' id='block_1_1' title="bbox 182 375 248 440">
    <p class='ocr_par' dir='ltr' id='par_1_1' title="bbox 182 375 248 440">
     <span class='ocr_line' id='line_1_1' title="bbox 182 375 248 440; baseline 0 0"><span class='ocrx_word' id='word_1_1' title='bbox 182 375 248 440; x_wconf 79' lang='lat'><strong>736</strong></span> 
     </span>
    </p>
   </div>
   <div class='ocr_carea' id='block_1_2' title="bbox 180 571 1557 4736">
    <p class='ocr_par' dir='ltr' id='par_1_2' title="bbox 180 571 1557 4736">
     <span class='ocr_line' id='line_1_2' title="bbox 180 571 1479 658; baseline -0.001 -20"><span class='ocrx_word' id='word_1_2' title='bbox 180 595 287 658; x_wconf 89' lang='lat' dir='ltr'><strong>aeque</strong></span> <span class='ocrx_word' id='word_1_3' title='bbox 320 573 520 658; x_wconf 83' lang='lat' dir='ltr'><strong>Hungariae</strong></span> <span class='ocrx_word' id='word_1_4' title='bbox 553 573 692 657; x_wconf 83' lang='lat' dir='ltr'>Regum</span> <span class='ocrx_word' id='word_1_5' title='bbox 725 572 824 654; x_wconf 90' lang='lat' dir='ltr'><strong>pleno</strong></span> <span class='ocrx_word' id='word_1_6' title='bbox 856 572 936 636; x_wconf 88' lang='lat' dir='ltr'><strong>Iure</strong></span> <span class='ocrx_word' id='word_1_7' title='bbox 970 571 1128 654; x_wconf 82' lang='lat' dir='ltr'>fruimur,</span> <span class='ocrx_word' id='word_1_8' title='bbox 1161 593 1264 636; x_wconf 90' lang='lat' dir='ltr'><strong>sensu</strong></span> <span class='ocrx_word' id='word_1_9' title='bbox 1296 575 1412 652; x_wconf 78' lang='lat' dir='ltr'><strong>etiam,</strong></span> <span class='ocrx_word' id='word_1_10' title='bbox 1443 580 1479 638; x_wconf 89' lang='lat' dir='ltr'><strong>et</strong></span> 
     </span>
     <span class='ocr_line' id='line_1_3' title="bbox 181 677 1557 764; baseline 0.001 -22"><span class='ocrx_word' id='word_1_11' title='bbox 181 681 367 744; x_wconf 82' lang='lat' dir='ltr'><strong>dictamine</strong></span> <span class='ocrx_word' id='word_1_12' title='bbox 392 681 573 763; x_wconf 81' lang='lat' dir='ltr'><strong>praecitati</strong></span> <span class='ocrx_word' id='word_1_13' title='bbox 596 677 747 742; x_wconf 79' lang='lat' dir='ltr'><strong>Articuli</strong></span> <span class='ocrx_word' id='word_1_14' title='bbox 770 677 975 742; x_wconf 88' lang='lat' dir='ltr'><strong>Duodecimi</strong></span> <span class='ocrx_word' id='word_1_15' title='bbox 1001 677 1180 742; x_wconf 81' lang='grc' dir='ltr'>1111111111ιί</span> <span class='ocrx_word' id='word_1_16' title='bbox 1206 680 1480 764; x_wconf 81' lang='lat' dir='ltr'>quingentesimi</span> <span class='ocrx_word' id='word_1_17' title='bbox 1556 689 1557 696; x_wconf 77' lang='grc'>’</span> 
     </span>
     <span class='ocr_line' id='line_1_4' title="bbox 180 785 1479 873; baseline -0.001 -24"><span class='ocrx_word' id='word_1_18' title='bbox 180 787 436 873; x_wconf 79' lang='lat' dir='ltr'><strong>quadragesimi</strong></span> <span class='ocrx_word' id='word_1_19' title='bbox 453 789 578 868; x_wconf 81' lang='lat' dir='ltr'><strong>octavi,</strong></span> <span class='ocrx_word' id='word_1_20' title='bbox 596 785 699 850; x_wconf 91' lang='lat' dir='ltr'><strong>simul</strong></span> <span class='ocrx_word' id='word_1_21' title='bbox 723 808 802 852; x_wconf 89' lang='lat' dir='ltr'><strong>cum</strong></span> <span class='ocrx_word' id='word_1_22' title='bbox 824 789 958 850; x_wconf 85' lang='lat' dir='ltr'><strong>cunctis</strong></span> <span class='ocrx_word' id='word_1_23' title='bbox 974 785 1208 867; x_wconf 85' lang='lat' dir='ltr'><strong>Utilitatibus,</strong></span> <span class='ocrx_word' id='word_1_24' title='bbox 1222 785 1479 850; x_wconf 86' lang='lat' dir='ltr'><strong>Emolumentis</strong></span> 
     </span>
     <span class='ocr_line' id='line_1_5' title="bbox 181 892 1481 979; baseline -0.003 -19"><span class='ocrx_word' id='word_1_25' title='bbox 181 908 216 960; x_wconf 90' lang='lat' dir='ltr'><strong>et</strong></span> <span class='ocrx_word' id='word_1_26' title='bbox 240 897 466 962; x_wconf 89' lang='lat' dir='ltr'><strong>Pertinentiis</strong></span> <span class='ocrx_word' id='word_1_27' title='bbox 489 893 712 979; x_wconf 82' lang='lat' dir='ltr'><strong>quibuslibet,</strong></span> <span class='ocrx_word' id='word_1_28' title='bbox 734 894 868 960; x_wconf 81' lang='lat' dir='ltr'><strong>Castris</strong></span> <span class='ocrx_word' id='word_1_29' title='bbox 890 897 1065 961; x_wconf 88' lang='lat' dir='ltr'><strong>nimirum</strong></span> <span class='ocrx_word' id='word_1_30' title='bbox 1088 892 1258 976; x_wconf 89' lang='lat' dir='ltr'><strong>Castellis,</strong></span> <span class='ocrx_word' id='word_1_31' title='bbox 1291 893 1481 958; x_wconf 87' lang='lat' dir='ltr'><strong>Possessio-</strong></span> 
     </span>
     <span class='ocr_line' id='line_1_6' title="bbox 182 1001 1481 1087; baseline -0.003 -19"><span class='ocrx_word' id='word_1_32' title='bbox 182 1003 292 1087; x_wconf 88' lang='lat' dir='ltr'><strong>nibus,</strong></span> <span class='ocrx_word' id='word_1_33' title='bbox 307 1003 419 1084; x_wconf 76' lang='lat' dir='ltr'><strong>Villis,</strong></span> <span class='ocrx_word' id='word_1_34' title='bbox 432 1002 596 1086; x_wconf 89' lang='lat' dir='ltr'><strong>Praediis,</strong></span> <span class='ocrx_word' id='word_1_35' title='bbox 611 1002 727 1066; x_wconf 82' lang='lat' dir='ltr'><strong>&#39;l&#39;erris</strong></span> <span class='ocrx_word' id='word_1_36' title='bbox 752 1013 928 1086; x_wconf 88' lang='lat' dir='ltr'><strong>praeterea</strong></span> <span class='ocrx_word' id='word_1_37' title='bbox 940 1001 1130 1066; x_wconf 81' lang='lat' dir='ltr'><strong>arabilibus</strong></span> <span class='ocrx_word' id='word_1_38' title='bbox 1148 1001 1260 1084; x_wconf 90' lang='lat' dir='ltr'><strong>cultis,</strong></span> <span class='ocrx_word' id='word_1_39' title='bbox 1275 1012 1310 1066; x_wconf 91' lang='lat' dir='ltr'><strong>et</strong></span> <span class='ocrx_word' id='word_1_40' title='bbox 1327 1001 1481 1084; x_wconf 85' lang='lat' dir='ltr'><strong>incultis,</strong></span> 
     </span>
     <span class='ocr_line' id='line_1_7' title="bbox 182 1107 1481 1196; baseline -0.002 -22"><span class='ocrx_word' id='word_1_41' title='bbox 182 1111 296 1196; x_wconf 79' lang='lat' dir='ltr'><strong>Agris,</strong></span> <span class='ocrx_word' id='word_1_42' title='bbox 337 1109 462 1190; x_wconf 89' lang='lat' dir='ltr'><strong>Pratis,</strong></span> <span class='ocrx_word' id='word_1_43' title='bbox 503 1108 652 1192; x_wconf 84' lang='lat' dir='ltr'><strong>Campis,</strong></span> <span class='ocrx_word' id='word_1_44' title='bbox 694 1109 844 1192; x_wconf 88' lang='lat' dir='ltr'><strong>Pascuis,</strong></span> <span class='ocrx_word' id='word_1_45' title='bbox 884 1109 1057 1177; x_wconf 84' lang='lat' dir='ltr'><strong>Foenetis.</strong></span> <span class='ocrx_word' id='word_1_46' title='bbox 1095 1107 1222 1192; x_wconf 83' lang='lat' dir='ltr'><strong>Sylvis,</strong></span> <span class='ocrx_word' id='word_1_47' title='bbox 1260 1107 1481 1190; x_wconf 85' lang='lat' dir='ltr'><strong>Nemoribus,</strong></span> 
     </span>
     <span class='ocr_line' id='line_1_8' title="bbox 182 1213 1481 1300; baseline -0.003 -18"><span class='ocrx_word' id='word_1_48' title='bbox 182 1214 370 1296; x_wconf 82' lang='lat' dir='ltr'><strong>Montibus,</strong></span> <span class='ocrx_word' id='word_1_49' title='bbox 394 1213 559 1298; x_wconf 84' lang='lat' dir='ltr'><strong>Collibus,</strong></span> <span class='ocrx_word' id='word_1_50' title='bbox 582 1214 750 1300; x_wconf 89' lang='lat' dir='ltr'><strong>Vallibns,</strong></span> <span class='ocrx_word' id='word_1_51' title='bbox 778 1216 906 1283; x_wconf 82' lang='lat' dir='ltr'><strong>Vineis</strong></span> <span class='ocrx_word' id='word_1_52' title='bbox 935 1215 1191 1298; x_wconf 87' lang='lat' dir='ltr'><strong>Vinearumque</strong></span> <span class='ocrx_word' id='word_1_53' title='bbox 1218 1215 1481 1298; x_wconf 86' lang='lat' dir='ltr'><strong>Promontoriis,</strong></span> 
     </span>
     <span class='ocr_line' id='line_1_9' title="bbox 182 1316 1557 1408; baseline -0.002 -20"><span class='ocrx_word' id='word_1_54' title='bbox 182 1323 302 1408; x_wconf 82' lang='lat' dir='ltr'><strong>Aquis,</strong></span> <span class='ocrx_word' id='word_1_55' title='bbox 318 1321 464 1406; x_wconf 83' lang='lat' dir='ltr'><strong>Fluviis,</strong></span> <span class='ocrx_word' id='word_1_56' title='bbox 480 1321 636 1404; x_wconf 90' lang='lat' dir='ltr'><strong>Piscinis,</strong></span> <span class='ocrx_word' id='word_1_57' title='bbox 659 1322 858 1404; x_wconf 89' lang='lat' dir='ltr'><strong>Piscaturis,</strong></span> <span class='ocrx_word' id='word_1_58' title='bbox 881 1323 1077 1386; x_wconf 84' lang='lat' dir='ltr'><strong>Pisciumve</strong></span> <span class='ocrx_word' id='word_1_59' title='bbox 1101 1320 1287 1398; x_wconf 81' lang='lat' dir='ltr'><strong>Clausnris,</strong></span> <span class='ocrx_word' id='word_1_60' title='bbox 1310 1334 1345 1385; x_wconf 91' lang='lat' dir='ltr'><strong>et</strong></span> <span class='ocrx_word' id='word_1_61' title='bbox 1361 1321 1482 1406; x_wconf 85' lang='lat' dir='ltr'><strong>Aqua·</strong></span> <span class='ocrx_word' id='word_1_62' title='bbox 1552 1316 1557 1332; x_wconf 87' lang='lat'>&#39;</span> 
     </span>
     <span class='ocr_line' id='line_1_10' title="bbox 182 1429 1481 1512; baseline -0.001 -17"><span class='ocrx_word' id='word_1_63' title='bbox 182 1453 259 1495; x_wconf 90' lang='lat' dir='ltr'><strong>rum</strong></span> <span class='ocrx_word' id='word_1_64' title='bbox 282 1429 500 1512; x_wconf 89' lang='lat' dir='ltr'><strong>Decursibus,</strong></span> <span class='ocrx_word' id='word_1_65' title='bbox 515 1429 724 1494; x_wconf 86' lang='lat' dir='ltr'><strong>Molendinis</strong></span> <span class='ocrx_word' id='word_1_66' title='bbox 747 1442 783 1493; x_wconf 90' lang='lat' dir='ltr'><strong>et</strong></span> <span class='ocrx_word' id='word_1_67' title='bbox 805 1431 991 1494; x_wconf 90' lang='lat' dir='ltr'><strong>eorundem</strong></span> <span class='ocrx_word' id='word_1_68' title='bbox 1009 1429 1119 1512; x_wconf 85' lang='lat' dir='ltr'><strong>Locis,</strong></span> <span class='ocrx_word' id='word_1_69' title='bbox 1134 1451 1198 1492; x_wconf 89' lang='lat' dir='ltr'><strong>nec</strong></span> <span class='ocrx_word' id='word_1_70' title='bbox 1213 1449 1282 1493; x_wconf 93' lang='lat' dir='ltr'><strong>non</strong></span> <span class='ocrx_word' id='word_1_71' title='bbox 1297 1429 1481 1512; x_wconf 83' lang='lat' dir='ltr'><strong>Educillis,</strong></span> 
     </span>
     <span class='ocr_line' id='line_1_11' title="bbox 182 1535 1481 1623; baseline 0 -21"><span class='ocrx_word' id='word_1_72' title='bbox 182 1561 221 1602; x_wconf 88' lang='lat' dir='ltr'><strong>ac</strong></span> <span class='ocrx_word' id='word_1_73' title='bbox 246 1537 411 1620; x_wconf 88' lang='lat' dir='ltr'><strong>Macellis,</strong></span> <span class='ocrx_word' id='word_1_74' title='bbox 434 1539 627 1623; x_wconf 84' lang='lat' dir='ltr'><strong>generatim</strong></span> <span class='ocrx_word' id='word_1_75' title='bbox 649 1558 732 1600; x_wconf 89' lang='lat' dir='ltr'><strong>vero</strong></span> <span class='ocrx_word' id='word_1_76' title='bbox 759 1536 907 1602; x_wconf 89' lang='lat' dir='ltr'><strong>aliarum</strong></span> <span class='ocrx_word' id='word_1_77' title='bbox 938 1535 1171 1622; x_wconf 88' lang='lat' dir='ltr'><strong>quarumlibet</strong></span> <span class='ocrx_word' id='word_1_78' title='bbox 1204 1536 1420 1620; x_wconf 81' lang='lat' dir='ltr'><strong>Utilitatum,</strong></span> <span class='ocrx_word' id='word_1_79' title='bbox 1444 1547 1481 1602; x_wconf 89' lang='lat' dir='ltr'><strong>et</strong></span> 
     </span>
     <span class='ocr_line' id='line_1_12' title="bbox 183 1645 1480 1730; baseline -0.002 -19"><span class='ocrx_word' id='word_1_80' title='bbox 183 1647 476 1711; x_wconf 88' lang='lat' dir='ltr'><strong>Pertinentiarum</strong></span> <span class='ocrx_word' id='word_1_81' title='bbox 501 1667 641 1710; x_wconf 87' lang='lat' dir='ltr'><strong>suarum</strong></span> <span class='ocrx_word' id='word_1_82' title='bbox 673 1645 949 1730; x_wconf 87' lang='lat' dir='ltr'><strong>Integritatibus,</strong></span> <span class='ocrx_word' id='word_1_83' title='bbox 981 1648 1105 1730; x_wconf 85' lang='lat' dir='ltr'><strong>quovis</strong></span> <span class='ocrx_word' id='word_1_84' title='bbox 1137 1647 1286 1710; x_wconf 90' lang='lat' dir='ltr'><strong>nominis</strong></span> <span class='ocrx_word' id='word_1_85' title='bbox 1308 1645 1480 1710; x_wconf 89' lang='lat' dir='ltr'><strong>vocabulo</strong></span> 
     </span>
     <span class='ocr_line' id='line_1_13' title="bbox 183 1751 1480 1836; baseline -0.002 -18"><span class='ocrx_word' id='word_1_86' title='bbox 183 1755 353 1834; x_wconf 66' lang='lat' dir='ltr'><strong>vocitatis</strong></span> <span class='ocrx_word' id='word_1_87' title='bbox 370 1753 434 1818; x_wconf 91' lang='lat' dir='ltr'><strong>sub</strong></span> <span class='ocrx_word' id='word_1_88' title='bbox 449 1755 520 1817; x_wconf 89' lang='lat' dir='ltr'><strong>suis</strong></span> <span class='ocrx_word' id='word_1_89' title='bbox 534 1755 628 1817; x_wconf 84' lang='lat' dir='ltr'><strong>veris</strong></span> <span class='ocrx_word' id='word_1_90' title='bbox 643 1753 757 1835; x_wconf 78' lang='lat' dir='ltr'><strong>lletis,</strong></span> <span class='ocrx_word' id='word_1_91' title='bbox 779 1761 815 1816; x_wconf 89' lang='lat' dir='ltr'><strong>et</strong></span> <span class='ocrx_word' id='word_1_92' title='bbox 834 1755 986 1836; x_wconf 82' lang='lat' dir='ltr'><strong>antiquis</strong></span> <span class='ocrx_word' id='word_1_93' title='bbox 1009 1751 1198 1816; x_wconf 90' lang='lat' dir='ltr'><strong>Limitibus</strong></span> <span class='ocrx_word' id='word_1_94' title='bbox 1221 1755 1418 1818; x_wconf 85' lang='lat' dir='ltr'><strong>existentia.</strong></span> <span class='ocrx_word' id='word_1_95' title='bbox 1435 1752 1480 1816; x_wconf 89' lang='lat' dir='ltr'><strong>ad</strong></span> 
     </span>
     <span class='ocr_line' id='line_1_14' title="bbox 183 1857 1479 1945; baseline -0.002 -20"><span class='ocrx_word' id='word_1_96' title='bbox 183 1857 459 1945; x_wconf 86' lang='lat' dir='ltr'><strong>praespecificata</strong></span> <span class='ocrx_word' id='word_1_97' title='bbox 476 1859 641 1923; x_wconf 83' lang='lat' dir='ltr'><strong>videlicet</strong></span> <span class='ocrx_word' id='word_1_98' title='bbox 662 1859 757 1923; x_wconf 89' lang='lat' dir='ltr'><strong>Bona</strong></span> <span class='ocrx_word' id='word_1_99' title='bbox 774 1858 973 1940; x_wconf 89' lang='lat' dir='ltr'><strong>immobilia,</strong></span> <span class='ocrx_word' id='word_1_100' title='bbox 992 1867 1027 1922; x_wconf 90' lang='lat' dir='ltr'><strong>et</strong></span> <span class='ocrx_word' id='word_1_101' title='bbox 1046 1858 1133 1923; x_wconf 87' lang='lat' dir='ltr'><strong>Jura</strong></span> <span class='ocrx_word' id='word_1_102' title='bbox 1153 1861 1417 1942; x_wconf 80' lang='lat' dir='ltr'><strong>possessionaria</strong></span> <span class='ocrx_word' id='word_1_103' title='bbox 1436 1858 1479 1923; x_wconf 92' lang='lat' dir='ltr'><strong>de</strong></span> 
     </span>
     <span class='ocr_line' id='line_1_15' title="bbox 182 1964 1480 2051; baseline 0 -21"><span class='ocrx_word' id='word_1_104' title='bbox 182 1965 267 2030; x_wconf 87' lang='lat' dir='ltr'><strong>Jure</strong></span> <span class='ocrx_word' id='word_1_105' title='bbox 300 1973 335 2029; x_wconf 90' lang='lat' dir='ltr'><strong>et</strong></span> <span class='ocrx_word' id='word_1_106' title='bbox 367 1964 411 2032; x_wconf 89' lang='lat' dir='ltr'><strong>ab</strong></span> <span class='ocrx_word' id='word_1_107' title='bbox 443 1969 587 2051; x_wconf 89' lang='lat' dir='ltr'><strong>antiquo</strong></span> <span class='ocrx_word' id='word_1_108' title='bbox 618 1969 820 2050; x_wconf 78' lang='lat' dir='ltr'><strong>spectantia,</strong></span> <span class='ocrx_word' id='word_1_109' title='bbox 848 1973 883 2030; x_wconf 90' lang='lat' dir='ltr'><strong>et</strong></span> <span class='ocrx_word' id='word_1_110' title='bbox 912 1969 1083 2050; x_wconf 84' lang='lat' dir='ltr'><strong>pertinere</strong></span> <span class='ocrx_word' id='word_1_111' title='bbox 1115 1965 1286 2049; x_wconf 88' lang='lat' dir='ltr'><strong>debentia,</strong></span> <span class='ocrx_word' id='word_1_112' title='bbox 1314 1969 1345 2030; x_wconf 90' lang='grc'><strong>11</strong></span> <span class='ocrx_word' id='word_1_113' title='bbox 1371 1969 1480 2030; x_wconf 88' lang='lat' dir='ltr'><strong>etiam</strong></span> 
     </span>
     <span class='ocr_line' id='line_1_16' title="bbox 185 2073 1480 2158; baseline 0 -20"><span class='ocrx_word' id='word_1_114' title='bbox 185 2073 420 2157; x_wconf 88' lang='lat' dir='ltr'><strong>praesentibus</strong></span> <span class='ocrx_word' id='word_1_115' title='bbox 448 2074 577 2138; x_wconf 90' lang='lat' dir='ltr'><strong>Literis</strong></span> <span class='ocrx_word' id='word_1_116' title='bbox 605 2094 808 2158; x_wconf 86' lang='lat' dir='ltr'><strong>quocunque</strong></span> <span class='ocrx_word' id='word_1_117' title='bbox 836 2074 937 2138; x_wconf 92' lang='lat' dir='ltr'><strong>modo</strong></span> <span class='ocrx_word' id='word_1_118' title='bbox 968 2075 1082 2138; x_wconf 88' lang='lat' dir='ltr'><strong>minus</strong></span> <span class='ocrx_word' id='word_1_119' title='bbox 1110 2075 1176 2138; x_wconf 90' lang='lat' dir='ltr'><strong>rite</strong></span> <span class='ocrx_word' id='word_1_120' title='bbox 1205 2076 1243 2136; x_wconf 90' lang='lat' dir='ltr'><strong>in</strong></span> <span class='ocrx_word' id='word_1_121' title='bbox 1264 2074 1268 2152; x_wconf 78' lang='grc'><strong>1</strong></span> <span class='ocrx_word' id='word_1_122' title='bbox 1288 2081 1389 2156; x_wconf 89' lang='lat' dir='ltr'><strong>serta,</strong></span> <span class='ocrx_word' id='word_1_123' title='bbox 1416 2079 1480 2138; x_wconf 89' lang='lat' dir='ltr'><strong>aut</strong></span> 
     </span>
     <span class='ocr_line' id='line_1_17' title="bbox 183 2177 1480 2264; baseline 0.001 -21"><span class='ocrx_word' id='word_1_124' title='bbox 183 2203 225 2244; x_wconf 87' lang='grc'><strong>111</strong></span> <span class='ocrx_word' id='word_1_125' title='bbox 249 2177 500 2263; x_wconf 80' lang='lat' dir='ltr'><strong>specificatione</strong></span> <span class='ocrx_word' id='word_1_126' title='bbox 529 2183 675 2246; x_wconf 85' lang='lat' dir='ltr'><strong>exmissa</strong></span> <span class='ocrx_word' id='word_1_127' title='bbox 704 2188 826 2263; x_wconf 88' lang='lat' dir='ltr'><strong>essent,</strong></span> <span class='ocrx_word' id='word_1_128' title='bbox 850 2181 908 2244; x_wconf 91' lang='lat' dir='ltr'><strong>sed</strong></span> <span class='ocrx_word' id='word_1_129' title='bbox 933 2180 976 2244; x_wconf 91' lang='lat' dir='ltr'><strong>ad</strong></span> <span class='ocrx_word' id='word_1_130' title='bbox 1001 2181 1120 2244; x_wconf 89' lang='lat' dir='ltr'><strong>eadem</strong></span> <span class='ocrx_word' id='word_1_131' title='bbox 1148 2181 1234 2246; x_wconf 87' lang='lat' dir='ltr'><strong>Jura</strong></span> <span class='ocrx_word' id='word_1_132' title='bbox 1264 2183 1480 2264; x_wconf 88' lang='lat' dir='ltr'><strong>pertinuisse,</strong></span> 
     </span>
     <span class='ocr_line' id='line_1_18' title="bbox 183 2286 1479 2374; baseline 0.002 -24"><span class='ocrx_word' id='word_1_133' title='bbox 183 2287 338 2372; x_wconf 88' lang='lat' dir='ltr'><strong>legitime</strong></span> <span class='ocrx_word' id='word_1_134' title='bbox 378 2287 512 2350; x_wconf 78' lang='lat' dir='ltr'><strong>edoceri</strong></span> <span class='ocrx_word' id='word_1_135' title='bbox 545 2295 667 2370; x_wconf 90' lang='lat' dir='ltr'><strong>posset,</strong></span> <span class='ocrx_word' id='word_1_136' title='bbox 700 2286 874 2371; x_wconf 84' lang='lat' dir='ltr'><strong>praefatae</strong></span> <span class='ocrx_word' id='word_1_137' title='bbox 908 2288 1139 2354; x_wconf 89' lang='lat' dir='ltr'><strong>Universitati</strong></span> <span class='ocrx_word' id='word_1_138' title='bbox 1171 2297 1307 2352; x_wconf 90' lang='lat' dir='ltr'><strong>nostrae</strong></span> <span class='ocrx_word' id='word_1_139' title='bbox 1345 2289 1479 2374; x_wconf 89' lang='lat' dir='ltr'><strong>Regiae</strong></span> 
     </span>
     <span class='ocr_line' id='line_1_19' title="bbox 184 2395 1480 2480; baseline 0 -20"><span class='ocrx_word' id='word_1_140' title='bbox 184 2395 338 2460; x_wconf 89' lang='lat' dir='ltr'><strong>Budenei</strong></span> <span class='ocrx_word' id='word_1_141' title='bbox 361 2417 400 2458; x_wconf 93' lang='lat' dir='ltr'><strong>eo</strong></span> <span class='ocrx_word' id='word_1_142' title='bbox 426 2415 561 2478; x_wconf 89' lang='lat' dir='ltr'><strong>prorsus</strong></span> <span class='ocrx_word' id='word_1_143' title='bbox 585 2395 695 2477; x_wconf 89' lang='lat' dir='ltr'><strong>modo,</strong></span> <span class='ocrx_word' id='word_1_144' title='bbox 718 2417 786 2480; x_wconf 92' lang='lat' dir='ltr'><strong>quo</strong></span> <span class='ocrx_word' id='word_1_145' title='bbox 811 2399 939 2480; x_wconf 86' lang='lat' dir='ltr'><strong>partim</strong></span> <span class='ocrx_word' id='word_1_146' title='bbox 972 2418 1031 2479; x_wconf 90' lang='lat' dir='ltr'><strong>per</strong></span> <span class='ocrx_word' id='word_1_147' title='bbox 1063 2395 1229 2460; x_wconf 90' lang='lat' dir='ltr'><strong>abolitam</strong></span> <span class='ocrx_word' id='word_1_148' title='bbox 1260 2395 1480 2480; x_wconf 83' lang='lat' dir='ltr'><strong>Societatem,</strong></span> 
     </span>
     <span class='ocr_line' id='line_1_20' title="bbox 186 2501 1480 2587; baseline 0.001 -19"><span class='ocrx_word' id='word_1_149' title='bbox 186 2505 312 2587; x_wconf 84' lang='lat' dir='ltr'><strong>partim</strong></span> <span class='ocrx_word' id='word_1_150' title='bbox 352 2524 412 2584; x_wconf 90' lang='lat' dir='ltr'><strong>per</strong></span> <span class='ocrx_word' id='word_1_151' title='bbox 449 2501 534 2566; x_wconf 89' lang='lat' dir='ltr'><strong>alios</strong></span> <span class='ocrx_word' id='word_1_152' title='bbox 572 2505 863 2567; x_wconf 85' lang='lat' dir='ltr'><strong>mentionatorum</strong></span> <span class='ocrx_word' id='word_1_153' title='bbox 901 2501 1152 2567; x_wconf 86' lang='lat' dir='ltr'><strong>Beneficiorum</strong></span> <span class='ocrx_word' id='word_1_154' title='bbox 1184 2503 1350 2570; x_wconf 75' lang='lat' dir='ltr'><strong>&#39;Fautores</strong></span> <span class='ocrx_word' id='word_1_155' title='bbox 1383 2507 1480 2587; x_wconf 88' lang='lat' dir='ltr'><strong>prius</strong></span> 
     </span>
     <span class='ocr_line' id='line_1_21' title="bbox 184 2608 1480 2695; baseline 0.002 -21"><span class='ocrx_word' id='word_1_156' title='bbox 184 2619 306 2674; x_wconf 89' lang='lat' dir='ltr'><strong>usuata</strong></span> <span class='ocrx_word' id='word_1_157' title='bbox 330 2617 366 2672; x_wconf 90' lang='lat' dir='ltr'><strong>et</strong></span> <span class='ocrx_word' id='word_1_158' title='bbox 392 2629 542 2692; x_wconf 89' lang='lat' dir='ltr'><strong>possessa</strong></span> <span class='ocrx_word' id='word_1_159' title='bbox 571 2608 722 2686; x_wconf 82' lang='lat' dir='ltr'><strong>fuerunt,</strong></span> <span class='ocrx_word' id='word_1_160' title='bbox 754 2611 839 2676; x_wconf 89' lang='lat' dir='ltr'><strong>Jure</strong></span> <span class='ocrx_word' id='word_1_161' title='bbox 872 2610 1011 2694; x_wconf 90' lang='lat' dir='ltr'><strong>utenda,</strong></span> <span class='ocrx_word' id='word_1_162' title='bbox 1044 2610 1248 2693; x_wconf 89' lang='lat' dir='ltr'><strong>possidenda</strong></span> <span class='ocrx_word' id='word_1_163' title='bbox 1281 2613 1419 2695; x_wconf 87' lang='lat' dir='ltr'><strong>pariter,</strong></span> <span class='ocrx_word' id='word_1_164' title='bbox 1443 2619 1480 2676; x_wconf 87' lang='lat' dir='ltr'><strong>et</strong></span> 
     </span>
     <span class='ocr_line' id='line_1_22' title="bbox 184 2715 1481 2802; baseline 0 -22"><span class='ocrx_word' id='word_1_165' title='bbox 184 2715 359 2798; x_wconf 88' lang='lat' dir='ltr'><strong>habenda;</strong></span> <span class='ocrx_word' id='word_1_166' title='bbox 384 2716 512 2780; x_wconf 80' lang='lat' dir='ltr'><strong>&#39;Potum</strong></span> <span class='ocrx_word' id='word_1_167' title='bbox 536 2719 629 2800; x_wconf 88' lang='lat' dir='ltr'><strong>item,</strong></span> <span class='ocrx_word' id='word_1_168' title='bbox 653 2725 688 2781; x_wconf 89' lang='lat' dir='ltr'><strong>et</strong></span> <span class='ocrx_word' id='word_1_169' title='bbox 713 2739 811 2782; x_wconf 90' lang='lat' dir='ltr'><strong>omne</strong></span> <span class='ocrx_word' id='word_1_170' title='bbox 835 2716 894 2781; x_wconf 91' lang='lat' dir='ltr'><strong>Ius</strong></span> <span class='ocrx_word' id='word_1_171' title='bbox 917 2718 1078 2802; x_wconf 88' lang='lat' dir='ltr'><strong>Regium,</strong></span> <span class='ocrx_word' id='word_1_172' title='bbox 1102 2719 1193 2802; x_wconf 93' lang='lat' dir='ltr'><strong>quod</strong></span> <span class='ocrx_word' id='word_1_173' title='bbox 1213 2721 1250 2784; x_wconf 90' lang='lat' dir='ltr'><strong>in</strong></span> <span class='ocrx_word' id='word_1_174' title='bbox 1266 2716 1481 2802; x_wconf 89' lang='lat' dir='ltr'><strong>praespecifi-</strong></span> 
     </span>
     <span class='ocr_line' id='line_1_23' title="bbox 184 2824 1479 2912; baseline 0.004 -25"><span class='ocrx_word' id='word_1_175' title='bbox 184 2827 270 2888; x_wconf 89' lang='lat' dir='ltr'><strong>catis</strong></span> <span class='ocrx_word' id='word_1_176' title='bbox 293 2827 465 2889; x_wconf 90' lang='lat' dir='ltr'><strong>universis</strong></span> <span class='ocrx_word' id='word_1_177' title='bbox 488 2825 604 2908; x_wconf 88' lang='lat' dir='ltr'><strong>Bonis,</strong></span> <span class='ocrx_word' id='word_1_178' title='bbox 627 2835 662 2890; x_wconf 88' lang='lat' dir='ltr'><strong>et</strong></span> <span class='ocrx_word' id='word_1_179' title='bbox 686 2824 825 2890; x_wconf 89' lang='lat' dir='ltr'><strong>Iuribus</strong></span> <span class='ocrx_word' id='word_1_180' title='bbox 859 2827 1139 2908; x_wconf 87' lang='lat' dir='ltr'><strong>possessionariis,</strong></span> <span class='ocrx_word' id='word_1_181' title='bbox 1162 2833 1266 2912; x_wconf 87' lang='lat' dir='ltr'><strong>atque</strong></span> <span class='ocrx_word' id='word_1_182' title='bbox 1289 2826 1334 2892; x_wconf 88' lang='lat' dir='ltr'><strong>ad</strong></span> <span class='ocrx_word' id='word_1_183' title='bbox 1357 2826 1479 2892; x_wconf 89' lang='lat' dir='ltr'><strong>eadem</strong></span> 
     </span>
     <span class='ocr_line' id='line_1_24' title="bbox 184 2931 1479 3018; baseline 0.002 -24"><span class='ocrx_word' id='word_1_184' title='bbox 184 2931 226 2996; x_wconf 90' lang='lat' dir='ltr'><strong>de</strong></span> <span class='ocrx_word' id='word_1_185' title='bbox 251 2931 352 3015; x_wconf 86' lang='lat' dir='ltr'><strong>fact0,</strong></span> <span class='ocrx_word' id='word_1_186' title='bbox 375 2939 410 2996; x_wconf 88' lang='lat' dir='ltr'><strong>et</strong></span> <span class='ocrx_word' id='word_1_187' title='bbox 433 2931 478 2996; x_wconf 92' lang='lat' dir='ltr'><strong>ab</strong></span> <span class='ocrx_word' id='word_1_188' title='bbox 500 2936 643 3017; x_wconf 87' lang='lat' dir='ltr'><strong>antiquo</strong></span> <span class='ocrx_word' id='word_1_189' title='bbox 669 2932 929 3016; x_wconf 87' lang='lat' dir='ltr'><strong>pertinentibus,</strong></span> <span class='ocrx_word' id='word_1_190' title='bbox 948 2954 1151 3018; x_wconf 89' lang='lat' dir='ltr'><strong>quocunque</strong></span> <span class='ocrx_word' id='word_1_191' title='bbox 1166 2934 1235 2998; x_wconf 92' lang='lat' dir='ltr'><strong>alio</strong></span> <span class='ocrx_word' id='word_1_192' title='bbox 1251 2936 1356 2998; x_wconf 86' lang='lat' dir='ltr'><strong>etiam</strong></span> <span class='ocrx_word' id='word_1_193' title='bbox 1371 2933 1479 2997; x_wconf 88' lang='lat' dir='ltr'><strong>titulo</strong></span> 
     </span>
     <span class='ocr_line' id='line_1_25' title="bbox 184 3037 1479 3125; baseline -0.001 -21"><span class='ocrx_word' id='word_1_194' title='bbox 184 3039 395 3123; x_wconf 88' lang='lat' dir='ltr'><strong>haberemus,</strong></span> <span class='ocrx_word' id='word_1_195' title='bbox 411 3047 472 3106; x_wconf 86' lang='lat' dir='ltr'><strong>aut</strong></span> <span class='ocrx_word' id='word_1_196' title='bbox 487 3049 640 3106; x_wconf 90' lang='lat' dir='ltr'><strong>nostram</strong></span> <span class='ocrx_word' id='word_1_197' title='bbox 656 3062 858 3125; x_wconf 88' lang='lat' dir='ltr'><strong>quocunque</strong></span> <span class='ocrx_word' id='word_1_198' title='bbox 875 3040 975 3104; x_wconf 92' lang='lat' dir='ltr'><strong>modo</strong></span> <span class='ocrx_word' id='word_1_199' title='bbox 991 3047 1235 3106; x_wconf 89' lang='lat' dir='ltr'><strong>concernerent</strong></span> <span class='ocrx_word' id='word_1_200' title='bbox 1249 3037 1479 3124; x_wconf 84' lang='lat' dir='ltr'><strong>Majestatem,</strong></span> 
     </span>
     <span class='ocr_line' id='line_1_26' title="bbox 183 3147 1479 3232; baseline 0 -20"><span class='ocrx_word' id='word_1_201' title='bbox 183 3147 297 3230; x_wconf 90' lang='lat' dir='ltr'><strong>titulo,</strong></span> <span class='ocrx_word' id='word_1_202' title='bbox 330 3150 383 3212; x_wconf 91' lang='lat' dir='ltr'><strong>uti</strong></span> <span class='ocrx_word' id='word_1_203' title='bbox 417 3151 641 3231; x_wconf 90' lang='lat' dir='ltr'><strong>praemissum</strong></span> <span class='ocrx_word' id='word_1_204' title='bbox 681 3147 780 3232; x_wconf 84' lang='lat' dir='ltr'><strong>foret,</strong></span> <span class='ocrx_word' id='word_1_205' title='bbox 813 3147 923 3230; x_wconf 92' lang='lat' dir='ltr'><strong>Dotis,</strong></span> <span class='ocrx_word' id='word_1_206' title='bbox 956 3155 991 3211; x_wconf 88' lang='lat' dir='ltr'><strong>et</strong></span> <span class='ocrx_word' id='word_1_207' title='bbox 1023 3147 1254 3214; x_wconf 81' lang='lat' dir='ltr'><strong>Fundationis</strong></span> <span class='ocrx_word' id='word_1_208' title='bbox 1293 3156 1479 3231; x_wconf 89' lang='lat' dir='ltr'><strong>perpetuae</strong></span> 
     </span>
     <span class='ocr_line' id='line_1_27' title="bbox 184 3254 1480 3338; baseline 0 -18"><span class='ocrx_word' id='word_1_209' title='bbox 184 3255 369 3320; x_wconf 87' lang='lat' dir='ltr'><strong>clementer</strong></span> <span class='ocrx_word' id='word_1_210' title='bbox 392 3255 522 3338; x_wconf 88' lang='lat' dir='ltr'><strong>damus,</strong></span> <span class='ocrx_word' id='word_1_211' title='bbox 551 3256 725 3338; x_wconf 87' lang='lat' dir='ltr'><strong>donamus,</strong></span> <span class='ocrx_word' id='word_1_212' title='bbox 749 3263 784 3319; x_wconf 90' lang='lat' dir='ltr'><strong>et</strong></span> <span class='ocrx_word' id='word_1_213' title='bbox 808 3254 1024 3336; x_wconf 87' lang='lat' dir='ltr'><strong>conferimus,</strong></span> <span class='ocrx_word' id='word_1_214' title='bbox 1054 3278 1093 3318; x_wconf 88' lang='lat' dir='ltr'><strong>ao</strong></span> <span class='ocrx_word' id='word_1_215' title='bbox 1121 3255 1338 3320; x_wconf 86' lang='lat' dir='ltr'><strong>concedimus</strong></span> <span class='ocrx_word' id='word_1_216' title='bbox 1367 3255 1480 3335; x_wconf 89' lang='lat' dir='ltr'><strong>(salvo</strong></span> 
     </span>
     <span class='ocr_line' id='line_1_28' title="bbox 184 3361 1480 3447; baseline 0 -20"><span class='ocrx_word' id='word_1_217' title='bbox 184 3363 269 3428; x_wconf 89' lang='lat' dir='ltr'><strong>Jure</strong></span> <span class='ocrx_word' id='word_1_218' title='bbox 292 3362 427 3445; x_wconf 88' lang='lat' dir='ltr'><strong>alieno),</strong></span> <span class='ocrx_word' id='word_1_219' title='bbox 450 3385 489 3426; x_wconf 91' lang='lat' dir='ltr'><strong>ea</strong></span> <span class='ocrx_word' id='word_1_220' title='bbox 513 3371 688 3445; x_wconf 90' lang='lat' dir='ltr'><strong>praeterea</strong></span> <span class='ocrx_word' id='word_1_221' title='bbox 711 3363 804 3447; x_wconf 87' lang='lat' dir='ltr'><strong>Lege</strong></span> <span class='ocrx_word' id='word_1_222' title='bbox 829 3373 864 3425; x_wconf 88' lang='lat' dir='ltr'><strong>et</strong></span> <span class='ocrx_word' id='word_1_223' title='bbox 887 3361 1093 3426; x_wconf 86' lang='lat' dir='ltr'><strong>Conditione</strong></span> <span class='ocrx_word' id='word_1_224' title='bbox 1110 3384 1285 3445; x_wconf 86' lang='lat' dir='ltr'><strong>expressa:</strong></span> <span class='ocrx_word' id='word_1_225' title='bbox 1301 3370 1341 3426; x_wconf 84' lang='lat' dir='ltr'><strong>ut</strong></span> <span class='ocrx_word' id='word_1_226' title='bbox 1357 3363 1480 3428; x_wconf 89' lang='lat' dir='ltr'><strong>eadem</strong></span> 
     </span>
     <span class='ocr_line' id='line_1_29' title="bbox 185 3469 1480 3556; baseline 0 -22"><span class='ocrx_word' id='word_1_227' title='bbox 185 3469 402 3534; x_wconf 89' lang='lat' dir='ltr'><strong>Universitas</strong></span> <span class='ocrx_word' id='word_1_228' title='bbox 425 3477 541 3534; x_wconf 87' lang='lat' dir='ltr'><strong>nostra</strong></span> <span class='ocrx_word' id='word_1_229' title='bbox 564 3471 676 3556; x_wconf 89' lang='lat' dir='ltr'><strong>Regia</strong></span> <span class='ocrx_word' id='word_1_230' title='bbox 700 3471 871 3534; x_wconf 89' lang='lat' dir='ltr'><strong>Budensis</strong></span> <span class='ocrx_word' id='word_1_231' title='bbox 894 3473 1054 3534; x_wconf 89' lang='lat' dir='ltr'><strong>universa</strong></span> <span class='ocrx_word' id='word_1_232' title='bbox 1083 3473 1188 3535; x_wconf 86' lang='lat' dir='ltr'><strong>etiam</strong></span> <span class='ocrx_word' id='word_1_233' title='bbox 1221 3470 1332 3535; x_wconf 90' lang='lat' dir='ltr'><strong>Onera</strong></span> <span class='ocrx_word' id='word_1_234' title='bbox 1364 3469 1480 3534; x_wconf 88' lang='lat' dir='ltr'><strong>eidem</strong></span> 
     </span>
     <span class='ocr_line' id='line_1_30' title="bbox 185 3576 1479 3660; baseline 0 -18"><span class='ocrx_word' id='word_1_235' title='bbox 185 3578 407 3659; x_wconf 86' lang='lat' dir='ltr'><strong>inhaerentia,</strong></span> <span class='ocrx_word' id='word_1_236' title='bbox 432 3579 468 3641; x_wconf 89' lang='lat' dir='ltr'><strong>in</strong></span> <span class='ocrx_word' id='word_1_237' title='bbox 491 3585 660 3660; x_wconf 88' lang='lat' dir='ltr'><strong>quantum</strong></span> <span class='ocrx_word' id='word_1_238' title='bbox 683 3577 738 3642; x_wconf 91' lang='lat' dir='ltr'><strong>his</strong></span> <span class='ocrx_word' id='word_1_239' title='bbox 760 3577 912 3641; x_wconf 88' lang='lat' dir='ltr'><strong>hucdum</strong></span> <span class='ocrx_word' id='word_1_240' title='bbox 936 3577 1155 3642; x_wconf 85' lang='lat' dir='ltr'><strong>satisfactum</strong></span> <span class='ocrx_word' id='word_1_241' title='bbox 1177 3597 1246 3642; x_wconf 92' lang='lat' dir='ltr'><strong>non</strong></span> <span class='ocrx_word' id='word_1_242' title='bbox 1269 3584 1367 3658; x_wconf 86' lang='lat' dir='ltr'><strong>esset,</strong></span> <span class='ocrx_word' id='word_1_243' title='bbox 1386 3576 1479 3642; x_wconf 85' lang='lat' dir='ltr'><strong>ferre</strong></span> 
     </span>
     <span class='ocr_line' id='line_1_31' title="bbox 185 3683 1480 3766; baseline -0.003 -16"><span class='ocrx_word' id='word_1_244' title='bbox 185 3693 360 3750; x_wconf 84' lang='lat' dir='ltr'><strong>teneatur:</strong></span> <span class='ocrx_word' id='word_1_245' title='bbox 384 3693 558 3766; x_wconf 87' lang='lat' dir='ltr'><strong>praeterea</strong></span> <span class='ocrx_word' id='word_1_246' title='bbox 582 3683 626 3748; x_wconf 90' lang='lat' dir='ltr'><strong>ab</strong></span> <span class='ocrx_word' id='word_1_247' title='bbox 650 3686 820 3748; x_wconf 88' lang='lat' dir='ltr'><strong>universis</strong></span> <span class='ocrx_word' id='word_1_248' title='bbox 844 3683 949 3747; x_wconf 88' lang='lat' dir='ltr'><strong>Bonis</strong></span> <span class='ocrx_word' id='word_1_249' title='bbox 974 3684 1234 3766; x_wconf 75' lang='lat' dir='ltr'><strong>EcclesiastioiS,</strong></span> <span class='ocrx_word' id='word_1_250' title='bbox 1250 3691 1285 3748; x_wconf 88' lang='grc'><strong>11</strong></span> <span class='ocrx_word' id='word_1_251' title='bbox 1301 3685 1480 3766; x_wconf 89' lang='lat' dir='ltr'><strong>Praeposi-</strong></span> 
     </span>
     <span class='ocr_line' id='line_1_32' title="bbox 185 3789 1480 3875; baseline 0 -21"><span class='ocrx_word' id='word_1_252' title='bbox 185 3790 365 3874; x_wconf 87' lang='lat' dir='ltr'><strong>turalibus,</strong></span> <span class='ocrx_word' id='word_1_253' title='bbox 388 3791 574 3856; x_wconf 87' lang='lat' dir='ltr'><strong>eorundem</strong></span> <span class='ocrx_word' id='word_1_254' title='bbox 597 3793 724 3875; x_wconf 91' lang='lat' dir='ltr'><strong>quippe</strong></span> <span class='ocrx_word' id='word_1_255' title='bbox 748 3793 871 3854; x_wconf 87' lang='lat' dir='ltr'><strong>annuis</strong></span> <span class='ocrx_word' id='word_1_256' title='bbox 894 3791 984 3855; x_wconf 86' lang='lat' dir='ltr'><strong>Redi</strong></span> <span class='ocrx_word' id='word_1_257' title='bbox 1008 3791 1011 3870; x_wconf 80' lang='grc'><strong>1</strong></span> <span class='ocrx_word' id='word_1_258' title='bbox 1031 3790 1134 3874; x_wconf 87' lang='lat' dir='ltr'><strong>tibus,</strong></span> <span class='ocrx_word' id='word_1_259' title='bbox 1157 3791 1285 3856; x_wconf 88' lang='lat' dir='ltr'><strong>Decem</strong></span> <span class='ocrx_word' id='word_1_260' title='bbox 1308 3813 1368 3875; x_wconf 87' lang='lat' dir='ltr'><strong>per</strong></span> <span class='ocrx_word' id='word_1_261' title='bbox 1391 3789 1480 3854; x_wconf 89' lang='lat' dir='ltr'><strong>Cen-</strong></span> 
     </span>
     <span class='ocr_line' id='line_1_33' title="bbox 184 3899 1480 3984; baseline -0.002 -20"><span class='ocrx_word' id='word_1_262' title='bbox 184 3910 259 3964; x_wconf 86' lang='lat' dir='ltr'><strong>tum</strong></span> <span class='ocrx_word' id='word_1_263' title='bbox 284 3922 343 3982; x_wconf 93' lang='lat' dir='ltr'><strong>per</strong></span> <span class='ocrx_word' id='word_1_264' title='bbox 366 3899 557 3966; x_wconf 80' lang='lat' dir='ltr'><strong>Consilium</strong></span> <span class='ocrx_word' id='word_1_265' title='bbox 580 3907 737 3964; x_wconf 88' lang='lat' dir='ltr'><strong>nostrum</strong></span> <span class='ocrx_word' id='word_1_266' title='bbox 760 3900 912 3984; x_wconf 83' lang='lat' dir='ltr'><strong>Regium</strong></span> <span class='ocrx_word' id='word_1_267' title='bbox 935 3899 1253 3963; x_wconf 86' lang='lat' dir='ltr'><strong>Locumtenentiale</strong></span> <span class='ocrx_word' id='word_1_268' title='bbox 1273 3901 1339 3962; x_wconf 92' lang='lat' dir='ltr'><strong>rite</strong></span> <span class='ocrx_word' id='word_1_269' title='bbox 1358 3919 1480 3962; x_wconf 90' lang='lat' dir='ltr'><strong>eruen-</strong></span> 
     </span>
     <span class='ocr_line' id='line_1_34' title="bbox 185 4005 1481 4092; baseline -0.002 -22"><span class='ocrx_word' id='word_1_270' title='bbox 185 4007 276 4076; x_wconf 88' lang='lat' dir='ltr'><strong>dum.</strong></span> <span class='ocrx_word' id='word_1_271' title='bbox 299 4007 476 4092; x_wconf 88' lang='lat' dir='ltr'><strong>Nobisque</strong></span> <span class='ocrx_word' id='word_1_272' title='bbox 505 4007 651 4072; x_wconf 91' lang='lat' dir='ltr'><strong>subinde</strong></span> <span class='ocrx_word' id='word_1_273' title='bbox 681 4006 1015 4090; x_wconf 87' lang='lat' dir='ltr'><strong>repraesentandum,</strong></span> <span class='ocrx_word' id='word_1_274' title='bbox 1043 4009 1080 4070; x_wconf 90' lang='lat' dir='ltr'><strong>iu</strong></span> <span class='ocrx_word' id='word_1_275' title='bbox 1108 4015 1276 4090; x_wconf 87' lang='lat' dir='ltr'><strong>quantum</strong></span> <span class='ocrx_word' id='word_1_276' title='bbox 1303 4005 1396 4086; x_wconf 89' lang='lat' dir='ltr'><strong>haec,</strong></span> <span class='ocrx_word' id='word_1_277' title='bbox 1424 4008 1481 4068; x_wconf 87' lang='lat' dir='ltr'><strong>uti</strong></span> 
     </span>
     <span class='ocr_line' id='line_1_35' title="bbox 184 4113 1480 4198; baseline -0.002 -20"><span class='ocrx_word' id='word_1_278' title='bbox 184 4113 336 4180; x_wconf 86' lang='lat' dir='ltr'><strong>Abbatia</strong></span> <span class='ocrx_word' id='word_1_279' title='bbox 360 4115 487 4180; x_wconf 89' lang='lat' dir='ltr'><strong>Beatae</strong></span> <span class='ocrx_word' id='word_1_280' title='bbox 511 4127 673 4182; x_wconf 82' lang='lat' dir='ltr'>MARIAE</span> <span class='ocrx_word' id='word_1_281' title='bbox 697 4114 852 4198; x_wconf 87' lang='lat' dir='ltr'><strong>Virginis</strong></span> <span class='ocrx_word' id='word_1_282' title='bbox 876 4114 918 4176; x_wconf 89' lang='lat' dir='ltr'><strong>de</strong></span> <span class='ocrx_word' id='word_1_283' title='bbox 938 4113 1170 4194; x_wconf 76' lang='lat' dir='ltr'><strong>Pech-Vdrad,</strong></span> <span class='ocrx_word' id='word_1_284' title='bbox 1186 4135 1228 4176; x_wconf 84' lang='lat' dir='ltr'><strong>ex</strong></span> <span class='ocrx_word' id='word_1_285' title='bbox 1244 4113 1480 4198; x_wconf 88' lang='lat' dir='ltr'><strong>Benignitate,</strong></span> 
     </span>
     <span class='ocr_line' id='line_1_36' title="bbox 185 4218 1479 4308; baseline -0.002 -22"><span class='ocrx_word' id='word_1_286' title='bbox 185 4232 219 4286; x_wconf 89' lang='lat' dir='ltr'><strong>et</strong></span> <span class='ocrx_word' id='word_1_287' title='bbox 253 4223 444 4288; x_wconf 86' lang='lat' dir='ltr'><strong>Clementia</strong></span> <span class='ocrx_word' id='word_1_288' title='bbox 484 4223 596 4308; x_wconf 87' lang='lat' dir='ltr'><strong>Regia</strong></span> <span class='ocrx_word' id='word_1_289' title='bbox 635 4225 704 4286; x_wconf 86' lang='lat' dir='ltr'><strong>iam</strong></span> <span class='ocrx_word' id='word_1_290' title='bbox 744 4223 882 4305; x_wconf 90' lang='lat' dir='ltr'><strong>praevio</strong></span> <span class='ocrx_word' id='word_1_291' title='bbox 922 4220 1022 4284; x_wconf 92' lang='lat' dir='ltr'><strong>modo</strong></span> <span class='ocrx_word' id='word_1_292' title='bbox 1056 4227 1223 4304; x_wconf 87' lang='lat' dir='ltr'><strong>exempta,</strong></span> <span class='ocrx_word' id='word_1_293' title='bbox 1256 4227 1317 4284; x_wconf 84' lang='lat' dir='ltr'><strong>aut</strong></span> <span class='ocrx_word' id='word_1_294' title='bbox 1348 4218 1479 4284; x_wconf 83' lang='lat' dir='ltr'><strong>futuris</strong></span> 
     </span>
     <span class='ocr_line' id='line_1_37' title="bbox 186 4325 1479 4412; baseline -0.001 -21"><span class='ocrx_word' id='word_1_295' title='bbox 186 4329 396 4412; x_wconf 89' lang='lat' dir='ltr'><strong>temporibus</strong></span> <span class='ocrx_word' id='word_1_296' title='bbox 426 4329 494 4394; x_wconf 89' lang='lat' dir='ltr'><strong>alia</strong></span> <span class='ocrx_word' id='word_1_297' title='bbox 534 4332 639 4393; x_wconf 88' lang='lat' dir='ltr'><strong>etiam</strong></span> <span class='ocrx_word' id='word_1_298' title='bbox 672 4329 768 4394; x_wconf 85' lang='lat' dir='ltr'><strong>Bona</strong></span> <span class='ocrx_word' id='word_1_299' title='bbox 806 4327 986 4392; x_wconf 87' lang='lat' dir='ltr'><strong>eximenda</strong></span> <span class='ocrx_word' id='word_1_300' title='bbox 1025 4347 1094 4392; x_wconf 90' lang='lat' dir='ltr'><strong>nou</strong></span> <span class='ocrx_word' id='word_1_301' title='bbox 1126 4337 1247 4410; x_wconf 88' lang='lat' dir='ltr'><strong>essent,</strong></span> <span class='ocrx_word' id='word_1_302' title='bbox 1280 4347 1340 4411; x_wconf 88' lang='lat' dir='ltr'><strong>pro</strong></span> <span class='ocrx_word' id='word_1_303' title='bbox 1374 4325 1479 4390; x_wconf 85' lang='lat' dir='ltr'><strong>Cassa</strong></span> 
     </span>
     <span class='ocr_line' id='line_1_38' title="bbox 185 4433 1480 4519; baseline -0.003 -19"><span class='ocrx_word' id='word_1_304' title='bbox 185 4435 439 4500; x_wconf 85' lang='lat' dir='ltr'><strong>Fortifieatoria</strong></span> <span class='ocrx_word' id='word_1_305' title='bbox 468 4435 631 4500; x_wconf 74' lang='lat' dir='ltr'><strong>Camenae</strong></span> <span class='ocrx_word' id='word_1_306' title='bbox 664 4435 810 4500; x_wconf 87' lang='lat' dir='ltr'><strong>Nostrae</strong></span> <span class='ocrx_word' id='word_1_307' title='bbox 842 4435 973 4518; x_wconf 83' lang='lat' dir='ltr'><strong>Regiae</strong></span> <span class='ocrx_word' id='word_1_308' title='bbox 1006 4433 1365 4519; x_wconf 87' lang='lat' dir='ltr'><strong>Hungarieo-Aulieae</strong></span> <span class='ocrx_word' id='word_1_309' title='bbox 1396 4454 1480 4517; x_wconf 90' lang='lat' dir='ltr'><strong>quo-</strong></span> 
     </span>
     <span class='ocr_line' id='line_1_39' title="bbox 186 4539 1480 4626; baseline -0.002 -22"><span class='ocrx_word' id='word_1_310' title='bbox 186 4545 299 4606; x_wconf 87' lang='lat' dir='ltr'><strong>tannis</strong></span> <span class='ocrx_word' id='word_1_311' title='bbox 328 4543 571 4626; x_wconf 87' lang='lat' dir='ltr'><strong>administrari,</strong></span> <span class='ocrx_word' id='word_1_312' title='bbox 599 4563 638 4606; x_wconf 87' lang='lat' dir='ltr'><strong>ao</strong></span> <span class='ocrx_word' id='word_1_313' title='bbox 667 4544 716 4606; x_wconf 89' lang='lat' dir='ltr'><strong>ita</strong></span> <span class='ocrx_word' id='word_1_314' title='bbox 745 4541 884 4606; x_wconf 90' lang='lat' dir='ltr'><strong>demum</strong></span> <span class='ocrx_word' id='word_1_315' title='bbox 916 4541 961 4622; x_wconf 90' lang='lat' dir='ltr'><strong>id,</strong></span> <span class='ocrx_word' id='word_1_316' title='bbox 993 4541 1084 4626; x_wconf 90' lang='lat' dir='ltr'><strong>quod</strong></span> <span class='ocrx_word' id='word_1_317' title='bbox 1119 4541 1276 4606; x_wconf 90' lang='lat' dir='ltr'><strong>deductis</strong></span> <span class='ocrx_word' id='word_1_318' title='bbox 1310 4539 1480 4604; x_wconf 88' lang='lat' dir='ltr'><strong>eiusmodi</strong></span> 
     </span>
     <span class='ocr_line' id='line_1_40' title="bbox 186 4647 1478 4736; baseline -0.003 -22"><span class='ocrx_word' id='word_1_319' title='bbox 186 4649 345 4714; x_wconf 87' lang='lat' dir='ltr'><strong>oneribus</strong></span> <span class='ocrx_word' id='word_1_320' title='bbox 372 4659 407 4714; x_wconf 90' lang='lat' dir='ltr'><strong>et</strong></span> <span class='ocrx_word' id='word_1_321' title='bbox 436 4649 692 4736; x_wconf 84' lang='lat' dir='ltr'><strong>erogationibus</strong></span> <span class='ocrx_word' id='word_1_322' title='bbox 725 4651 895 4716; x_wconf 88' lang='lat' dir='ltr'><strong>universis</strong></span> <span class='ocrx_word' id='word_1_323' title='bbox 928 4651 1139 4731; x_wconf 84' lang='lat' dir='ltr'><strong>remanserit,</strong></span> <span class='ocrx_word' id='word_1_324' title='bbox 1173 4671 1253 4734; x_wconf 89' lang='lat' dir='ltr'><strong>erga</strong></span> <span class='ocrx_word' id='word_1_325' title='bbox 1286 4647 1478 4712; x_wconf 86' lang='lat' dir='ltr'><strong>reddendas</strong></span> 
     </span>
    </p>
   </div>
   <div class='ocr_carea' id='block_1_3' title="bbox 137 4950 210 4974">
    <p class='ocr_par' dir='ltr' id='par_1_3' title="bbox 137 4950 210 4974">
     <span class='ocr_line' id='line_1_41' title="bbox 137 4950 210 4974; baseline 0 0"><span class='ocrx_word' id='word_1_326' title='bbox 137 4950 210 4974; x_wconf 58' lang='grc' dir='ltr'><strong>Α</strong></span> 
     </span>
    </p>
   </div>
   <div class='ocr_carea' id='block_1_4' title="bbox 0 0 1569 5216">
    <p class='ocr_par' dir='ltr' id='par_1_4' title="bbox 0 0 1569 5216">
     <span class='ocr_line' id='line_1_42' title="bbox 0 0 1569 5216; baseline 0 0"><span class='ocrx_word' id='word_1_327' title='bbox 0 0 1569 5216; x_wconf 95' lang='lat' dir='ltr'><strong> </strong></span> 
     </span>
    </p>
   </div>
  </div>
 </body>
</html>
