3182 5210
1303 375 1368 438 217

85 572 179 634 nostri
211 572 365 654 negociis
399 573 566 652 prosperis
599 579 633 632 et
666 569 819 634 adversis
858 592 937 633 oum
975 592 1150 654 sumpmae
1190 570 1369 636 fidelitatis

84 685 112 740 et
141 680 257 741 votiva
291 675 473 761 diligentia
505 683 620 742 nostre
648 679 822 741 maiestati
864 675 1029 741 exhibitis
1057 685 1092 742 et
1115 681 1287 762 impensis,
1312 681 1369 743 de·
1470 699 1471 704 ’

8 851 10 864 Ι
83 785 209 848 claretis
230 787 233 864 Ι
257 791 292 847 61
315 790 467 848 nostram
492 787 527 848 in
561 786 759 848 memoriam
792 787 968 847 revocatis.
1002 783 1246 850 Exhibuerunt
1269 785 1369 850 nobis

8 951 10 956 .
83 893 236 976 {praedam
262 891 380 955 literas
397 892 630 977 privilegiales
649 891 876 956 illustrissimi
891 894 1056 976 principis
1073 893 1204 957 domini
1221 893 1368 968 Andree,

8 999 10 1044 l
85 1003 173 1063 tercii
205 999 289 1063 Bele
313 1003 404 1084 regis
428 998 501 1080 filii,
525 1000 607 1064 olim
631 999 744 1063 incliti
777 999 884 1083 Regis
917 999 1097 1085 Hungarie
1129 1005 1187 1065 avi
1216 1011 1252 1065 et
1276 1025 1369 1084 prae·
1456 1049 1457 1052 ,

8 1137 9 1180 3
83 1107 258 1171 decessoris
293 1112 402 1172 nostri
443 1113 498 1192 pie
532 1109 788 1192 recordacionis
822 1129 923 1172 aurea
957 1107 1057 1172 Bulla
1091 1129 1152 1174 sua
1185 1109 1369 1194 roboratas,

8 1223 9 1228 ’
82 1214 251 1279 libertates
274 1219 425 1298 ipsorum
450 1239 509 1300 per
532 1219 785 1280 sanctissimum
809 1215 1049 1299 Sttephenum)
1074 1217 1272 1303 Hungarice
1287 1238 1369 1304 gen-

8 1337 9 1404 ]
82 1327 121 1385 116
141 1323 273 1405 Regem
297 1331 333 1388 et
356 1323 550 1406 apostolum
573 1331 612 1388 ut
637 1324 830 1408 praedictae
854 1323 973 1387 literae
994 1325 1035 1387 de
1056 1326 1059 1406 Ι
1082 1326 1268 1407 clarebant,
1286 1331 1369 1410 ipsis

8 1465 9 1468 ¹
81 1433 264 1514 institutas,
289 1433 493 1496 innovantes
512 1439 547 1495 61
564 1431 805 1496 confirmantes
824 1434 952 1495 tenoris
968 1430 1217 1517 subsequentis.
1234 1434 1370 1518 Suppli-

8 1529 10 1540 *
81 1550 191 1601 rantes
215 1543 428 1604 unanimiter
450 1547 485 1604 et
509 1539 732 1605 conformiter
764 1545 879 1602 nostre
902 1539 1083 1603 humiliter
1115 1545 1296 1622 maiestati,
1331 1551 1370 1604 nt

20 1729 25 1736 Ι
83 1649 167 1727 ipsas
200 1653 426 1729 acceptantes,
459 1647 669 1712 ratificantes
702 1659 737 1711 et
776 1647 1012 1732 approbantes,
1054 1649 1288 1730 praesentibus
1328 1649 1369 1712 de

79 1751 179 1816 verbo
204 1754 247 1816 ad
277 1753 422 1818 verbum
460 1758 717 1838 tramssumpmi
756 1751 912 1818 faciendo
952 1755 1051 1817 simul
1092 1777 1170 1819 cum
1212 1757 1370 1820 omnibus

80 1857 297 1924 libertatibus
319 1883 435 1924 eorum
462 1865 496 1925 in
520 1861 648 1926 eisdem
672 1863 847 1944 expressis
881 1867 1022 1943 excepto
1055 1862 1269 1928 solummodo
1302 1887 1370 1928 uno

8 1961 9 1978 ³
79 1966 222 2030 articulo
252 1969 288 2030 in
321 1966 608 2052 subsequentibus
632 1966 844 2048 declarando
879 1988 942 2030 con
965 1967 968 2046 Ι
988 1967 1123 2032 firmare
1162 1979 1197 2032 et
1235 1972 1371 2035 easdem

80 2074 255 2140 libertates
280 2080 315 2139 in
341 2076 443 2140 dictis
466 2077 577 2140 literis
600 2098 757 2158 expessas
774 2098 814 2138 ex
833 2079 925 2159 regie
942 2073 1169 2160 benignitatis
1186 2058 1370 2140 clemencia

78 2185 281 2246 auctoritate
323 2186 414 2267 regia
460 2184 665 2260 innovando,
707 2185 797 2264 ipsos
838 2185 873 2245 in
911 2183 1037 2245 eisdem
1082 2183 1372 2267 perhempnaliter

80 2289 243 2354 fruituros
267 2304 302 2354 61
325 2295 503 2375 gavisuros
536 2291 646 2354 literis
670 2293 796 2354 nostris
831 2288 1104 2373 privilegialibus
1138 2279 1371 2358 mediantibus

8 2451 9 2460 ,
79 2396 230 2462 stabilire
255 2398 484 2481 dignaremur.
509 2399 662 2476 Quarum
684 2403 783 2460 tenor
806 2395 887 2460 talis
910 2403 970 2458 est.
994 2394 1037 2458 In
1060 2399 1197 2460 nomine
1231 2407 1368 2462 sanctae

80 2503 259 2568 Trinitatis
291 2515 326 2569 et
360 2505 538 2571 individue
572 2507 725 2568 unitatis.
758 2503 915 2567 Andreas
948 2503 1004 2566 dei
1036 2506 1149 2584 gratia
1191 2505 1371 2590 Hungarie

8 2615 10 2632 '
78 2611 446 2694 1161116616ΙΟ166616,
469 2615 587 2694 Reme,
612 2614 728 2677 Servis
753 2611 907 2690 Gallicis,
933 2611 1201 2697 Lodomerieque
1234 2613 1311 2678 Rex
1335 2617 1371 2678 in

81 2731 286 2803 perpetuum.
311 2723 480 2798 Quoniam
513 2721 653 2787 libertas
686 2727 757 2783 tam
790 2717 959 2783 nobilium
992 2723 1090 2804 regni
1123 2724 1232 2784 nostri
1266 2742 1371 2804 quam

78 2832 179 2891 etiam
202 2827 349 2892 eliorum
374 2832 576 2894 institutaa
606 2827 748 2910 Sancto,
765 2826 937 2908 Stephano
971 2848 1050 2910 rege
1085 2849 1144 2908 per
1176 2827 1369 2912 aliquorum

8 2923 9 3000 Ῑ
78 2957 195 3019 regum
216 2939 405 3017 potentiam
432 2935 671 3000 ulciscentium
687 2933 870 3018 aliquando
887 2936 974 2997 iram
991 2938 1170 3016 propriam,
1188 2935 1372 3019 aliquando

8 3043 9 3046 ’
77 3045 178 3105 etiam
212 3043 469 3107 attendentium
502 3043 643 3108 consilia
677 3041 763 3105 falsa
802 3042 980 3105 hominum
1015 3044 1182 3104 inicorum
1215 3042 1271 3106 vel
1304 3067 1372 3105 seo-

8 3125 10 3226 :
79 3152 231 3212 tenuium
256 3154 390 3232 propria
414 3151 508 3215 lucra
528 3149 642 3213 fuerat
659 3153 695 3212 in
711 3171 814 3234 quam
833 3149 988 3231 plurimis
1005 3149 1176 3211 diminuta
1193 3149 1372 3213 multocies

8 3285 10 3302 ÷
78 3259 140 3336 ipsi
164 3255 298 3322 nobiles
318 3257 322 3336 Ι
343 3261 454 3321 nostri
478 3261 699 3322 serenitatem
723 3267 875 3320 nostram
894 3263 929 3317 et
950 3255 1224 3337 predecessorum
1241 3265 1372 3320 nostro-

78 3383 150 3425 rum
174 3363 314 3446 Regum
347 3385 485 3428 suorum
520 3362 676 3446 precibus
709 3373 744 3425 et
777 3361 945 3426 Instantis
989 3361 1098 3424 multa
1138 3363 1371 3444 pulsaverunt.

8 3475 10 3546 s
76 3492 177 3554 super
209 3470 468 3536 Reformatione
501 3475 599 3556 regni
630 3475 749 3536 nostri.
778 3471 848 3534 Nos
881 3473 990 3553 igitur
1017 3473 1178 3552 peticioni
1202 3472 1374 3534 dictorum

9 3637 10 3646 2
78 3576 253 3642 Beronum
269 3580 473 3662 (procerum)
489 3587 526 3644 et
540 3578 708 3642 nobilium
726 3579 840 3662 Regni
860 3581 969 3641 nostri
993 3599 1090 3641 aures
1115 3601 1202 3642 exau
1224 3580 1228 3656 Ι
1249 3577 1372 3642 dibiles

79 3691 170 3771 regio
195 3709 273 3750 cum
299 3687 415 3752 favore
440 3688 653 3768 inclinantes,
683 3687 905 3750 consideratis
930 3693 963 3749 et
989 3689 1023 3749 in
1049 3690 1246 3750 memoriam
1279 3709 1375 3750 revo-

8 3857 11 3872 ,
77 3798 162 3858 catis
186 3793 347 3858 fidelibus
370 3794 542 3880 obsequiis
565 3802 600 3858 et
626 3796 863 3858 sincerissimis
897 3793 1155 3875 oon(placentiis
1189 3794 1373 3858 eorundem

8 3927 10 3992 Ι
78 3901 217 3985 qui)bns
250 3905 286 3965 in
319 3906 451 3966 eunctis
490 3905 615 3966 nostris
655 3910 689 3964 et
729 3903 827 3985 regni
865 3904 975 3964 nostri
1014 3903 1164 3984 negociis
1206 3902 1373 3982 prosperis

8 3997 10 4060 Ϊ
81 4012 208 4088 pariter
241 4019 275 4073 61
309 4010 461 4075 adversis
493 4009 686 4093 specialiter
711 4031 792 4073 vero
818 4013 853 4072 in
877 4009 1077 4072 summenda
1100 4007 1254 4072 vindicta
1279 4009 1374 4070 inno-

80 4118 144 4178 xiis
176 4117 253 4196 (sic)
288 4120 464 4202 sanguinis
497 4117 589 4199 olym
623 4116 753 4180 domini
786 4115 924 4180 Andree
957 4114 1148 4179 Jerusalem
1182 4120 1216 4177 et
1247 4113 1374 4195 Sycilie

8 4203 9 4206 ¹
81 4245 84 4282 ῖ
128 4227 168 4307 gis
209 4225 328 4288 1161116
370 4227 479 4289 nostri
518 4224 690 4286 karissimi
737 4221 834 4285 beate
880 4221 1127 4284 recordacionis
1166 4224 1262 4283 cuius
1301 4220 1374 4282 dire

80 4350 84 4389 1
128 4333 170 4393 :is
203 4329 372 4396 acerbitas
400 4331 471 4394 fere
495 4335 605 4394 tocius
629 4329 720 4394 orbis
745 4327 855 4408 (fines)
882 4350 940 4390 seu
966 4328 1082 4410 plagas
1107 4327 1228 4410 propul
1248 4327 1251 4407 Ι
1275 4331 1374 4392 savit.

8 4415 10 4422 ,
78 4459 84 4496 ε
153 4439 286 4503 dictum
323 4439 484 4523 Regnum
523 4437 650 4521 Sycilie
691 4434 868 4500 nobiscum
909 4435 1150 4516 proficiscendo
1188 4436 1374 4516 inopinatis

187 4669 213 4720 A
234 4669 258 4739 (Ι
280 4665 388 4737 l'oglalt
406 4665 516 4737 helyek
538 4665 626 4735 ujabb
647 4665 750 4717 irtssal
772 4664 891 4716 vannak
912 4663 1039 4732 potolva.
