3192 5214
1326 339 1391 403 155

101 537 295 621 dignitates,
318 537 442 600 exinde
466 538 503 600 in
535 543 671 600 tentum
690 533 883 599 'incrassati
915 543 1022 616 erant,
1054 544 1094 599 ut
1126 557 1224 620 reges
1256 557 1317 620 pro
1340 540 1391 602 ni-

99 643 165 708 hilo
197 651 408 727 reputarent.
440 643 509 708 Hic
542 649 659 708 autem
691 645 831 726 cupiens
864 645 1099 728 redintegrare
1122 665 1281 709 coronam
1304 665 1391 729 quae

101 773 201 834 paene
218 773 346 835 parvae
366 752 540 834 potentiae
565 749 658 816 facta
681 759 764 833 erat,
787 749 869 815 licet
894 750 1050 834 plurimis
1073 750 1279 834 displiceret,
1303 752 1391 816 male

101 870 211 923 tamen
228 858 378 924 alienata
394 859 531 924 studuit
546 879 715 942 revocare,
731 859 774 922 ad
791 839 845 922 ius
855 866 890 922 et
901 860 1146 942 proprietatem
1155 861 1391 940 comitatuum,

100 974 166 1030 tam
190 987 209 1030 1
232 965 301 1030 sibi
324 967 514 1048 contrariis,
538 987 641 1052 quam
664 987 684 1030 a
707 968 786 1031 suis.
811 967 909 1030 Licet
937 987 1007 1030 non
1038 965 1196 1031 faciendo
1229 968 1390 1030 iniuriam

98 1072 207 1156 alicui,
230 1075 304 1138 iure
329 1095 389 1138 suo
412 1076 450 1138 in
473 1073 631 1138 omnibus
655 1080 820 1156 uteretur,
853 1081 970 1140 tamen
1003 1074 1045 1138 de
1078 1073 1252 1160 regalibus
1283 1073 1391 1156 bonis,

98 1181 180 1245 bene
205 1201 244 1244 ao
268 1179 419 1246 fideliter
442 1180 672 1246 servientibus
688 1183 999 1246 remunerationem
1023 1203 1209 1268 congruam
1233 1181 1391 1248 faciebat.

97 1288 195 1354 Unde
220 1290 301 1373 qnia
323 1309 405 1353 usus
429 1287 498 1354 fuit
522 1291 596 1354 iure
619 1309 689 1371 suo,
713 1309 842 1354 cessare
867 1286 1015 1354 debebat
1034 1288 1277 1354 malevolentia
1293 1289 1391 1353 Hun-
1525 1317 1527 1322 ’

96 1416 264 1480 garorum.

205 1505 256 1566 11.
279 1498 332 1566 De
355 1499 585 1588 responsione
608 1499 658 1567 od
681 1505 850 1588 quartum
875 1499 951 1568 odii
978 1521 1137 1570 consum.

204 1611 293 1688 Cum
316 1619 406 1676 esset
429 1618 570 1696 propter
593 1612 812 1678 diversitates
835 1612 1044 1696 multiplices
1068 1621 1103 1678 et
1127 1615 1215 1678 ritus
1238 1615 1391 1679 diversos

10 1715 12 1780 l
97 1741 203 1802 paene
225 1727 339 1784 totum
358 1741 503 1806 regnum
518 1719 719 1804 Hungariae
734 1717 975 1802 deformatum,
992 1727 1027 1784 et
1043 1744 1103 1785 rex
1119 1721 1162 1786 ad
1179 1719 1391 1786 reformatio-

10 1811 12 1898 Ῐ
96 1847 173 1890 nem
213 1829 286 1892 eius
318 1829 403 1892 totis
434 1827 568 1892 viribus
600 1827 800 1910 anhelaret,⁹
833 1835 868 1892 et
900 1826 1090 1910 implicitus
1127 1826 1229 1892 rebus
1266 1827 1392 1910 erdale,

98 1937 257 2020 nequiret
281 1934 427 2020 singulis
450 1935 663 1998 audientiam
693 1932 896 1998 benevolam
928 1934 1099 2018 exhibere,
1132 1935 1233 1999 duxit
1266 1933 1392 1998 delibe-

96 2044 229 2106 ratione
263 2042 407 2126 provida
440 2042 671 2124 statuendum,
698 2041 789 2128 quod
813 2043 955 2126 negocia
979 2063 1119 2106 suornm
1141 2039 1392 2126 regnicolarum

10 2141 11 2166 ³
95 2148 260 2214 deberent
288 2149 331 2214 ad
356 2150 466 2213 instar
488 2148 665 2214 Romanae
690 2150 813 2230 curiae,
837 2171 897 2231 per
920 2150 1104 2232 petitiones
1137 2151 1174 2212 in
1205 2169 1266 2212 sua
1297 2151 1392 2212 curia

94 2257 259 2340 expediri,
299 2257 370 2320 suis
409 2255 622 2320 cancellariis
660 2257 710 2320 ite
741 2255 917 2338 mandans,
949 2255 1041 2340 quod
1074 2277 1135 2338 per
1166 2277 1201 2320 11
1234 2255 1324 2320 levia
1356 2263 1392 2319 11

95 2363 266 2448 simplicia
290 2367 430 2449 negotia
453 2364 664 2447 expedirent,
688 2371 902 2448 quantocyus
926 2371 1082 2447 possent;
1104 2363 1148 2428 ed
1172 2385 1273 2429 suum
1296 2363 1391 2427 audi-

95 2474 222 2536 torium
241 2471 349 2535 ardua
373 2481 408 2536 11
431 2473 552 2556 gravia
577 2469 796 2554 perferentes.
819 2471 895 2536 Hoc
918 2471 995 2535 ideo
1019 2469 1178 2553 faciebat,
1197 2479 1237 2535 ut
1253 2472 1391 2556 negotia

93 2576 198 2641 finem
223 2575 381 2641 debitum
403 2576 569 2641 velociter
592 2578 805 2642 sortirentur.
835 2577 901 2641 Sed
926 2575 1095 2657 malevoli,
1119 2576 1210 2660 quod
1233 2577 1277 2640 ad
1301 2577 1392 2642 leva-

91 2705 170 2748 men
200 2705 439 2768 oppressorum
471 2684 586 2749 fuerat
618 2684 854 2767 adinventum,
886 2685 930 2748 ad
962 2686 1120 2768 iniquum
1152 2684 1392 2768 compendium

10 2777 12 2798 ’
91 2801 341 2877 retorquentes,
365 2792 493 2860 nodum
517 2795 553 2856 in
577 2793 667 2876 stipe
691 2798 725 2856 et
750 2791 858 2874 pilum
877 2794 913 2855 in
930 2813 994 2858 ovo
1009 2794 1164 2856 invenire
1181 2791 1393 2856 mendaciter

89 2897 306 2984 satagebant.

201 3006 254 3069 12.
279 3000 333 3068 De
360 3001 588 3090 responsione
611 3001 661 3068 nd
684 3003 845 3090 quintum
869 3003 946 3070 odii
972 3022 1131 3070 causam.

198 3111 296 3177 Illud
328 3111 524 3177 asserebant
566 3115 702 3196 penitus
739 3112 874 3196 falsum,
912 3114 1003 3198 quod
1043 3135 1102 3178 rex
1143 3112 1392 3176 introduxisset

10 3219 12 3226 '
88 3221 263 3286 Comanos
279 3219 323 3283 ad
348 3219 598 3302 depressionem
622 3227 657 3284 et
680 3221 798 3284 odium
813 3221 1076 3305 Hungarorum:
1093 3219 1151 3288 sed
1168 3218 1278 3282 solum
1295 3240 1392 3302 prop-

10 3387 14 3408 ,
89 3346 143 3392 ter
170 3327 249 3409 hoc,
281 3335 322 3391 nt
355 3326 468 3391 cultus
501 3328 613 3392 divini
644 3330 793 3392 nominis
822 3329 858 3392 in
881 3329 1062 3413 Hungarie
1086 3329 1157 3392 suis
1180 3326 1392 3411 temporibus

10 3413 12 3456 ³
86 3442 288 3521 augeretur,
311 3441 347 3498 et
371 3436 428 3516 sio,
444 3434 580 3519 quando
597 3437 709 3518 ipsum
724 3435 888 3498 adversus
902 3437 1059 3499 inimicos
1075 3455 1218 3499 coronae
1232 3455 1392 3519 guerram

87 3543 220 3608 habere
253 3543 479 3626 contingeret,
512 3549 632 3605 contra
664 3563 720 3606 eos
753 3563 832 3606 oum
864 3544 912 3606 eis
942 3541 1066 3607 fortius
1090 3549 1126 3608 et
1150 3542 1268 3606 durius
1293 3541 1392 3604 dimi-

10 3703 13 3726 ,
85 3662 195 3716 caret.
231 3651 269 3716 Si
301 3657 418 3714 autem
451 3649 619 3716 Comanos
652 3650 728 3734 plus
761 3673 865 3736 quam
897 3651 1082 3736 Hungaroe
1106 3649 1304 3734 honorabat,
1327 3650 1391 3714 hoo

85 3761 157 3843 ipsi
180 3779 286 3843 aegre
310 3755 401 3822 ferre
423 3778 493 3822 non
516 3765 684 3841 poterant,
708 3779 770 3822 neo
795 3757 976 3823 debebant.
996 3757 1086 3821 Nam
1102 3757 1246 3820 decebat
1261 3758 1392 3842 regiam

85 3869 304 3952 dignitatem
337 3865 551 3930 introductos
583 3866 734 3950 hospites
766 3866 950 3948 honorare3
984 3867 1131 3930 maxime
1155 3887 1233 3929 oum
1256 3867 1304 3928 eis
1327 3865 1392 3929 hoo

85 3973 292 4056 promiserit
315 3973 517 4053 iurament0,
541 3977 576 4035 et
599 3973 712 4054 ipsum
734 3973 771 4036 in
794 3971 862 4036 fide
895 3993 955 4034 sua
989 3972 1142 4054 ceperint
1173 3972 1312 4035 imitari.
1344 3971 1392 4035 Et

84 4102 170 4144 cnm
194 4085 312 4143 essent
334 4079 384 4142 eis
406 4077 567 4163 Hungari
591 4079 708 4160 odiosi,
732 4078 843 4142 solum
870 4099 987 4163 regem
1018 4075 1194 4141 habebant
1226 4079 1262 4140 in
1285 4077 1392 4141 Hun-

10 4213 12 4282 ,
83 4190 189 4273 geria
215 4191 454 4269 protectorem.
478 4185 568 4250 Nam
591 4184 737 4250 Kuthen
760 4207 821 4249 rex
854 4185 1085 4251 Comanorum
1117 4206 1177 4267 per
1208 4206 1334 4268 regem,
1357 4192 1392 4248 11

10 4283 12 4304 ⁵
84 4293 316 4380 quamplures
338 4291 400 4357 alii
423 4315 483 4376 per
505 4294 650 4358 maiores
678 4300 713 4357 et
746 4291 879 4357 nobiles
912 4293 1011 4377 regni
1044 4291 1182 4355 fuerant
1215 4290 1392 4375 baptizati,

10 4461 12 4494 ,
85 4405 136 4468 ita
156 4402 251 4488 quod
270 4403 340 4466 iam
358 4395 439 4466 curn¹
460 4401 637 4486 Hungaris
661 4400 831 4466 connubia
854 4399 1111 4464 contrahebant.
1136 4399 1183 4463 Et
1207 4401 1236 4463 si
1260 4421 1319 4463 rex
1343 4399 1392 4462 eis

204 4641 214 4669 ²
235 4629 423 4684 Reformatio
441 4627 597 4699 kifejezdst
616 4627 745 4698 teltljulr
764 4645 798 4680 az
817 4644 911 4697 arany
930 4626 1072 4681 bullaben
1095 4628 1128 4681 is.
