3142 5216
208 346 272 410 792

207 542 426 608 Processibus
450 545 542 610 illico
566 545 684 609 eadem
704 545 822 630 lingua
839 544 1014 627 deliberet,
1031 545 1279 629 Processusque
1295 545 1381 632 tales
1400 566 1505 627 penes

207 649 413 714 Extractum
436 650 671 736 hungaricum,
695 650 816 716 referri
840 659 944 716 curet.

316 753 343 840 ξ.
373 759 401 822 3.
434 758 557 822 Coram
590 758 732 824 Tabulis
764 759 1048 824 Districtualibus
1081 767 1115 824 et
1148 762 1239 822 intra
1272 757 1356 822 fines
1387 759 1506 842 Regni

208 862 407 948 Hungariae
431 865 660 931 existentibus
683 874 756 931 tam
779 866 1080 950 comitatensibus
1104 889 1207 952 quam
1231 865 1360 931 (livinis
1393 867 1507 937 Foris

208 974 404 1054 universim,
415 976 527 1061 quoad
542 997 653 1040 sacras
667 983 783 1041 autem
793 977 896 1041 Sedes
912 979 947 1040 in
962 983 1119 1058 respectu
1128 975 1317 1040 Causarum
1327 973 1507 1050 Ciuilium,

209 1099 323 1144 coram
346 1081 471 1167 quibus
494 1083 614 1167 lingua
637 1083 826 1167 hungarica
849 1082 1014 1147 hactenus
1039 1085 1076 1146 in
1098 1105 1162 1146 uau
1186 1103 1255 1146 non
1279 1081 1356 1162 fuit,
1381 1103 1400 1144 a
1427 1101 1508 1144 con-

209 1183 359 1250 elusione
383 1191 570 1270 praesentis
594 1189 745 1272 Diaetae,
770 1189 917 1253 liberum
940 1191 1016 1270 erit,
1040 1189 1221 1253 Processus
1238 1188 1356 1272 lingua
1372 1186 1509 1271 hunga-

210 1294 279 1354 rica
318 1295 516 1378 instituere,
556 1299 591 1360 in
631 1297 755 1382 quibus
794 1305 910 1362 tamen
942 1303 1129 1361 memorate
1161 1296 1260 1377 Fora,
1292 1295 1383 1378 apud
1417 1315 1507 1378 quae

209 1397 341 1463 scilicet
364 1399 482 1486 lingua
507 1401 694 1487 hungarica
717 1402 883 1468 hactenus
907 1406 944 1466 in
967 1425 1031 1467 usu
1055 1423 1123 1467 non
1147 1409 1230 1485 erat,
1254 1423 1313 1465 seu
1337 1401 1412 1482 hac,
1448 1423 1508 1466 seu

210 1504 317 1570 latina
342 1507 459 1593 lingua
483 1510 672 1575 deliberare
697 1519 866 1594 poterunt.

317 1610 345 1697 ξ.
368 1616 398 1680 4.
422 1617 471 1682 111
495 1641 515 1682 a
538 1619 639 1684 modo
663 1623 699 1682 in
723 1627 896 1704 posterum
920 1619 963 1684 ad
980 1621 1096 1683 munia
1114 1616 1251 1700 publica
1267 1620 1359 1682 intra
1375 1617 1508 1680 limites

209 1717 323 1805 Regni
347 1727 484 1806 nemini,
508 1729 569 1812 qui
593 1727 729 1811 linguae
753 1727 960 1811 hungaricae
983 1747 1110 1810 gnarus
1142 1747 1211 1790 non
1242 1731 1303 1807 est,
1336 1723 1404 1788 huc
1438 1745 1508 1788 non

210 1828 395 1894 intellectis
420 1839 500 1896 actu
524 1832 758 1918 fungentibus,
782 1835 898 1898 aditus
923 1840 1047 1916 pateat.

318 1933 346 2020 ξ.
370 1939 399 2000 5.
423 1938 471 2004 Ut
505 1961 524 2003 a
559 1943 586 2004 1.
619 1940 779 2006 anuarii
812 1941 908 2005 1834
940 1961 1039 2004 nemo
1073 1943 1164 2003 intra
1197 1937 1281 2002 fines
1313 1937 1431 2022 Regni
1464 1939 1510 2002 ad

211 2040 397 2108 Censuram
421 2043 683 2112 Advocatialem
701 2048 917 2130 admittatur,
934 2049 994 2132 qui
1010 2046 1127 2112 debita
1143 2047 1280 2130 linguae
1296 2045 1510 2129 hungaricae

212 2153 407 2234 cognitione
431 2153 684 2220 destitueretur.

318 2259 419 2323 Grati
443 2269 651 2326 venerantur
673 2261 730 2326 SS.
754 2269 789 2326 et
813 2261 881 2326 00.
905 2268 940 2326 et
964 2261 1059 2325 illam
1076 2261 1163 2325 Suae
1178 2247 1372 2344 Majestatis
1389 2260 1513 2325 Sacra·

212 2365 364 2429 tissimae
389 2365 647 2451 benignitatem,
670 2391 737 2454 qua
761 2369 1024 2433 clementissime
1049 2368 1227 2451 disponere
1260 2367 1402 2452 dignata
1437 2377 1513 2431 est:

211 2478 251 2532 ut
275 2470 443 2556 Legiones
465 2467 685 2560 Hungaricae
710 2475 776 2540 huc
796 2475 981 2539 intellectis
997 2477 1103 2538 etiem
1118 2473 1346 2557 ConfiniariiS,
1362 2481 1513 2538 cunctae

212 2579 296 2641 item
320 2581 583 2665 intraregnanae
607 2582 847 2648 Praefecturae
872 2582 1038 2646 militares
1071 2581 1284 2646 Documenta
1317 2579 1512 2666 hungarica

208 2681 281 2766 jam
304 2693 339 2750 et
363 2709 454 2752 nunc
477 2699 652 2773 acceptare
676 2695 883 2754 teneantur.²

568 2936 761 3005 1836:1H.
790 2937 1146 3026 Tiirudny·czildoely.

322 3099 349 3162 1.
375 3097 402 3184 s.
426 3100 534 3166 naias
558 3102 701 3166 amessa
724 3102 878 3166 uslauk
901 3125 920 3166 a
944 3102 1065 3167 Karon
1088 3102 1123 3166 es
1146 3100 1292 3166 sennen
1315 3081 1343 3164 d
1363 3099 1516 3184 seuage

212 3205 321 3290 Atyai
354 3207 516 3272 szivenek
547 3208 609 3273 hiv
640 3207 899 3294 Magyarjaihoz
937 3207 1098 3273 viseltetii
1131 3205 1251 3291 jdse'ga
1289 3228 1375 3272 azon
1413 3205 1517 3271 dicsb'

214 3311 374 3398 peldajat,
412 3315 575 3399 mellynel
615 3315 720 3400 fogva
752 3315 994 3400 kegyelmesen
1026 3313 1336 3400 kinyilatkoztatni
1368 3312 1517 3378 11161162-

213 3428 338 3486 tatott:
362 3422 455 3509 hogy
479 3447 498 3488 a
521 3424 726 3508 Tervenyek
749 3445 892 3508 magyar
924 3423 1124 3488 Szerkezete
1156 3422 1295 3504 eredeti,
1327 3421 1363 3485 es
1396 3443 1416 3485 a
1449 3421 1515 3486 ke't

215 3527 395 3594 Szerkezet
419 3532 538 3596 kezott
562 3529 762 3596 tamadhatd
786 3531 942 3615 ketseges
966 3531 1108 3596 ertelem
1123 3528 1296 3594 eseteiben
1311 3526 1516 3592 elhatarozd

214 3634 346 3720 legyen.
972 3644 979 3657 '

321 3745 536 3831 Egye'birdnt
569 3768 588 3810 a
626 3747 775 3809 nemzeti
813 3745 917 3830 nyelv
955 3743 1164 3808 elb'haladasi
1202 3740 1518 3827 gyarapoddsdnak

214 3851 440 3916 eszkdzlese're
464 3851 793 3937 meghataroztatik:
816 3851 909 3937 hogy

323 3961 351 4022 2.
376 3956 404 4042 ξ
427 3959 460 4024 Α
480 3958 574 4043 jelen
597 3959 758 4043 Γ11111ἐέ11)7
781 3955 1043 4022 kihirdetesdtbl
1066 3978 1086 4020 a
1110 3953 1317 4038 perlekedb'k
1339 3978 1359 4020 a
1379 3956 1517 4042 kirtlyi

214 4066 302 4131 Iteld
319 4067 427 4132 Tabia
443 4066 528 4132 elb'tt
546 4067 697 4150 pereiket
713 4087 857 4150 magyar
872 4065 1021 4150 nyelven
1037 4063 1231 4146 kezdhetik,
1248 4061 1519 4148 folytathatji'ak

216 4213 255 4220 —-
274 4197 292 4237 a
311 4176 450 4259 Kirdlyi
466 4175 600 4240 Udvari
620 4172 928 4257 Fb-Tiirvenyszek
945 4173 1048 4255 pedig
1064 4169 1218 4235 azokban
1233 4168 1374 4236 Iteletet
1391 4191 1521 4256 ugyan

214 4303 358 4366 magyar
380 4283 530 4368 nyelven
552 4283 689 4347 hozzon.

325 4553 335 4580 ¹
354 4545 395 4596 Ea
414 4543 626 4614 orsztggyilles
646 4545 725 4597 actii
744 4544 809 4598 mtr
822 4562 948 4615 megyar
961 4543 1091 4614 nyelveu
1111 4545 1137 4596 is
1156 4541 1257 4596 kezlik
1270 4560 1288 4596 a
1300 4540 1523 4612 torvenyeket,

216 4632 252 4684 de
272 4631 339 4701 meg
359 4649 376 4684 a
395 4632 472 4684 latin
491 4639 599 4702 szoveg
619 4650 636 4684 a
655 4633 771 4685 hitelcs,
