3160 5212
211 325 277 388 286

211 525 357 606 reperire
382 523 544 586 decrevit.
568 523 679 600 Quare
704 522 790 586 mihi
814 523 950 589 indixit.
975 535 1012 585 ut
1040 525 1231 606 principum
1254 521 1508 586 Germanorum
1572 523 1573 526 ’

210 640 419 695 conventum
442 630 594 707 habeam,
618 652 637 692 a
662 629 787 714 quibus
825 633 1006 713 requiram.
1041 643 1077 692 ut
1113 629 1194 693 huic
1226 629 1345 693 morbo
1369 651 1507 692 succur-

211 748 324 819 ratur:
348 747 381 801 et
402 745 584 828 propterea
619 736 815 800 huiusmodi
854 739 1041 800 conventui
1075 737 1238 809 interesse
1262 735 1358 818 velit.
1382 736 1507 798 saltem

209 846 403 910 oratoribus
427 846 525 928 plena
551 850 719 926 potestate
744 846 896 908 munitis
913 843 1004 908 Item
1027 841 1087 906 fiat
1114 843 1216 908 breve
1240 843 1283 906 ad
1308 863 1424 926 regem
1440 842 1507 905 hoc

212 967 319 1036 pacto
343 953 473 1018 Eodem
498 965 670 1020 contextu.
694 957 731 1018 in
764 957 877 1019 diaeta
902 977 1040 1018 securus
1064 959 1129 1018 erit
1155 977 1214 1018 rex
1240 953 1363 1018 auxilii
1387 953 1508 1016 huius-

210 1063 320 1142 modi;
344 1072 377 1125 et
413 1064 628 1144 imperatoris
666 1076 837 1128 terrarum
876 1066 1054 1128 sanctitati
1079 1064 1119 1126 V.
1143 1065 1320 1126 restitutio
1358 1061 1436 1142 fiet:
1469 1072 1505 1124 et

210 1171 469 1234 sollicitationes
494 1172 704 1236 Venetorum
736 1173 1011 1253 enervabuntur3
1045 1181 1079 1235 et
1113 1172 1202 1235 sedis
1235 1169 1441 1252 apostolicae
1465 1191 1505 1231 ae

210 1279 242 1341 S.
268 1279 307 1340 V.
330 1283 517 1342 auctoritas
540 1288 667 1343 crescet
692 1283 728 1342 in
753 1279 987 1343 confusionem
1011 1279 1158 1342 illorum.

318 1385 411 1450 Haec
436 1389 465 1449 si
488 1392 653 1451 sanctitas
676 1389 717 1451 V.
742 1387 880 1471 probat;
920 1395 1058 1455 secrete.
1082 1389 1255 1466 secretius,
1278 1389 1505 1450 secretissime

211 1499 463 1574 praeparentur.
487 1503 522 1557 et
554 1495 598 1557 ad
630 1517 684 1558 me
717 1498 904 1558 mittantur
936 1517 1013 1558 cum
1046 1495 1141 1559 bulla
1169 1495 1298 1575 brevia,
1323 1503 1362 1556 ut
1388 1505 1504 1576 postea

209 1603 347 1663 mittere
373 1603 507 1682 possim.
532 1611 708 1686 tamquam
741 1623 822 1675 rem.
855 1625 874 1664 a
908 1601 940 1666 S.
974 1603 1014 1665 V.
1047 1605 1289 1686 excogitatam.
1312 1602 1402 1665 Nam
1426 1623 1506 1664 cum

210 1709 424 1790 imperatore,
457 1709 500 1771 ad
534 1730 635 1793 quem
658 1720 755 1771 sexta
789 1707 883 1775 feria.
918 1712 1071 1791 proxime
1104 1708 1231 1790 fut-ura,
1255 1711 1323 1772 iter
1346 1709 1506 1793 dirigam.

209 1813 344 1877 nullum
368 1814 520 1896 verbum.
553 1839 663 1902 neque
702 1819 838 1902 signum
879 1817 1013 1898 faciam,
1047 1821 1151 1880 immo
1185 1819 1333 1900 compati
1366 1815 1505 1900 fingam.

210 1921 286 1986 Rex
309 1923 396 1987 hanc
421 1925 514 1987 viam
538 1928 635 1988 unice
670 1924 801 2007 probat.
841 1933 879 1988 ut
919 1927 1097 2008 utriusque
1136 1925 1258 1988 honori
1290 1921 1446 2002 satisfiat.
1470 1936 1504 1987 et

209 2030 300 2093 sedis
324 2030 530 2112 apostolicae
553 2032 662 2116 gloria
688 2055 706 2095 a
731 2031 874 2095 Venetis
898 2033 1038 2095 minime
1058 2032 1285 2095 conculcetur.
1308 2031 1445 2094 interea
1461 2031 1507 2094 ad

155 2170 156 2178 .
209 2137 450 2201 contundenda
475 2139 685 2202 Venetorum
725 2142 837 2223 iurgia
870 2139 1091 2202 disseminata
1115 2160 1246 2224 sequar.
1269 2147 1304 2203 et
1328 2147 1506 2224 tamqnam

210 2269 229 2308 a
253 2267 307 2308 me
330 2248 403 2326 ipso
427 2247 510 2328 ipsis
527 2246 738 2334 principibus
754 2246 904 2310 suadebo
927 2246 971 2310 ad
997 2268 1113 2328 pacem
1132 2249 1235 2310 istam
1259 2246 1505 2310 conficiendam

210 2352 349 2415 modum
372 2355 561 2437 excogitari
585 2351 726 2431 debere3
760 2353 867 2416 donec
900 2355 1026 2416 sensim
1058 2353 1101 2416 ad
1126 2351 1276 2416 diaetam
1300 2353 1506 2432 venerimus,

212 2480 270 2539 pro
294 2453 361 2544 qua
386 2459 499 2524 diaeta
524 2483 582 2523 rex
623 2482 657 2523 se
691 2463 900 2542 scripturum
933 2460 976 2522 ad
1009 2460 1142 2544 aliquos
1175 2459 1379 2523 Germaniae
1412 2462 1507 2541 prin-

210 2569 301 2648 cipes
325 2589 394 2630 1101
417 2569 574 2649 minores,
598 2589 683 2652 quos
706 2565 774 2630 sibi
807 2567 1017 2630 clandestine
1052 2567 1231 2630 devinctos
1254 2565 1358 2630 habet
1383 2573 1418 2629 et
1443 2567 1507 2629 du-

210 2697 264 2736 ces
288 2674 464 2754 Saxcniaa
488 2695 572 2760 quos
597 2675 714 2758 magni
738 2672 833 2755 facit,
859 2671 1019 2738 laudibus
1044 2673 1190 2748 extollit.
1214 2676 1275 2758 qui
1298 2673 1506 2737 Germaniae

209 2802 300 2843 nunc
324 2785 431 2845 maior
448 2804 524 2866 pars
540 2791 575 2844 et
593 2783 764 2863 potentior
780 2794 869 2864 sunt,
886 2789 921 2844 et
945 2783 998 2844 sui
1022 2788 1142 2844 statue.
1166 2781 1238 2845 Nec
1262 2780 1323 2844 abs
1339 2803 1384 2844 re.
1400 2779 1505 2844 Hunc

210 2910 334 2972 regem.
358 2893 387 2953 11
411 2889 443 2954 S.
468 2890 508 2953 V.
532 2889 675 2952 videret.
699 2911 802 2974 quam
825 2892 1045 2974 gravitatem.
1061 2912 1165 2975 quam
1189 2889 1407 2972 prudentiam
1424 2909 1505 2970 prae

210 3019 244 3059 11
270 2995 377 3077 ferat;
401 3019 504 3081 quam
527 2998 626 3060 suavi
658 3007 693 3060 et
726 2999 827 3080 gravi
858 2997 1051 3081 eloquentia
1079 2997 1222 3079 polleat;
1249 2997 1389 3078 diceret.
1412 2995 1504 3058 hunc

208 3101 350 3166 Italicae
374 3112 409 3168 et
433 3105 577 3167 Latinae
594 3103 732 3188 linguae
749 3126 882 3187 semper
897 3103 1101 3168 incubuisse.
1117 3105 1217 3168 Felix
1238 3106 1283 3168 sit
1301 3103 1332 3168 S.
1349 3103 1506 3166 Ventus

209 3213 433 3274 sanctissimis
473 3211 630 3294 precibus
663 3234 717 3275 me
750 3212 968 3275 commendo:
992 3221 1025 3275 et
1051 3215 1080 3275 si
1104 3215 1141 3276 in
1164 3211 1235 3276 ulla
1263 3233 1299 3275 re
1323 3209 1506 3294 delinquo;

209 3315 311 3382 fidem
336 3321 373 3381 in
396 3340 430 3381 11
454 3340 565 3382 meam
588 3327 733 3382 accuset.
758 3319 837 3382 Non
870 3319 1009 3382 evitabo
1042 3318 1192 3401 labores;
1225 3318 1326 3382 modo
1349 3315 1443 3380 DEO
1469 3323 1505 3379 et

209 3427 388 3488 sanctitati
410 3433 543 3490 vestrae
568 3445 697 3489 morem
719 3447 845 3510 geram.
