3160 5212
191 337 256 400 342

298 529 369 616 Μ.
393 533 579 616 Propterea
612 534 849 614 deliberatum,
873 541 909 598 et
941 540 1112 598 statutum
1135 540 1206 599 est:
1229 533 1327 613 Quod
1360 533 1487 598 solum·
1566 587 1570 594 .

189 639 290 704 modo
314 639 511 722 culpabiles,
535 647 570 703 et
593 643 652 724 rei,
675 662 744 705 non
759 648 876 704 autem
900 644 1107 726 innocentes,
1123 641 1411 706 condemnentur:
1427 640 1488 706 Sic

191 747 373 812 videlicet:
397 753 438 810 ut
461 749 491 813 si
514 747 570 811 de
589 769 657 810 una
680 748 774 832 villa,
798 755 860 813 aut
883 749 1009 831 oppido
1047 756 1203 834 quatuor,
1236 750 1293 814 vel
1324 753 1487 836 quinque,

115 843 118 851 ¹
193 863 254 920 aut
279 856 394 938 plures
411 857 578 936 comperti
600 853 731 928 fuerint
746 878 818 921 esse
841 859 878 921 in
902 856 1011 940 culpa,
1027 864 1062 920 et
1084 857 1253 922 malorum
1276 863 1487 942 patratores;

190 963 300 1026 solum
325 962 385 1045 illi,
405 967 465 1025 aut
489 961 630 1045 capitali
652 966 831 1044 sententia,
850 969 911 1027 aut
934 964 1136 1028 damnorum
1155 963 1323 1028 solutione
1343 967 1488 1046 punian-

189 1077 265 1133 tur:
289 1070 427 1134 Caeteri
449 1091 541 1152 ver0,
565 1069 654 1134 salvi
677 1075 847 1152 maneant,
875 1076 910 1134 et
934 1069 1053 1134 illaesi.

190 1248 244 1314 De
260 1267 377 1334 poena
404 1245 696 1335 Capitoneorum,
718 1243 987 1329 Centurionum,
1012 1251 1302 1335 coeterorumque
1332 1245 1485 1315 Cruciu-

109 1359 110 1362 ’
511 1357 642 1436 torum,
658 1358 690 1420 ct
714 1353 869 1444 (1119111111
891 1353 962 1422 illis
989 1355 1168 1444 impositu.

298 1480 477 1548 Articulus
495 1483 545 1548 14.
562 1484 765 1570 Quanquam
781 1506 897 1548 omnes
913 1487 1043 1568 rustici,
1059 1489 1120 1570 qui
1135 1486 1299 1550 adversus
1318 1477 1488 1548 Dominus

190 1611 306 1654 eorum
330 1590 503 1654 naturales
520 1593 789 1674 insurrexerunt,
806 1599 971 1676 tanquam
995 1593 1194 1675 proditores
1211 1591 1352 1674 capitali
1377 1613 1485 1673 poena

189 1705 302 1761 essent
326 1696 517 1779 plectendi:
539 1698 591 1762 Ne
616 1705 731 1762 tamen
763 1701 855 1762 tanti
883 1701 1061 1784 sanguinis
1084 1699 1205 1764 effusio
1229 1699 1342 1764 adhuc
1365 1720 1485 1784 sequa·

189 1811 255 1885 tur,
274 1813 310 1869 et
332 1808 442 1870 omnis
466 1809 642 1870 rusticitas
662 1805 748 1888 (sine
767 1827 834 1891 qua
853 1806 1027 1872 Nobilitas
1048 1828 1167 1889 parum
1185 1804 1293 1887 valet)
1317 1805 1484 1870 deleatur.

298 1909 316 1994 ξ
342 1914 370 1976 1,
394 1913 573 1978 Statutum
593 1922 663 1997 est;
687 1914 778 1998 quod
802 1917 955 1978 universi
979 1913 1168 1996 Capitanei,
1185 1913 1420 1996 Centuriones,
1444 1935 1486 1977 ao

188 2019 407 2103 Decuriones,
446 2024 739 2106 concitatoresque
788 2019 933 2084 aliorum
972 2024 1186 2106 rusticorum,
1225 2043 1265 2084 ao
1306 2017 1486 2084 manifesti

189 2127 380 2192 homicidae
408 2128 605 2193 Nobilium:
628 2129 810 2192 Praeterea
833 2127 1019 2192 violatores
1034 2131 1220 2213 virginum,
1236 2133 1271 2192 et
1291 2127 1487 2211 mulierum,

190 2239 283 2299 omni
306 2237 420 2320 gratia
444 2243 581 2319 semota,
606 2236 824 2316 occidantur;
849 2241 883 2298 et
907 2233 1056 2298 ubilibet
1080 2238 1305 2318 extirpentur.

298 2340 317 2426 ξ
341 2344 370 2406 2.
394 2343 532 2407 Caeteri
555 2349 671 2407 autem
694 2345 825 2426 rustici,
853 2341 986 2424 refusis,
1010 2350 1045 2406 et
1070 2343 1251 2426 persolutis
1285 2344 1420 2408 damnis
1444 2365 1485 2407 ac

189 2451 359 2535 homagiis
383 2449 602 2533 praenotatis,
627 2453 803 2514 incorum
828 2452 979 2534 personis
1004 2449 1091 2512 salvi
1114 2457 1283 2514 maneant.

298 2556 370 2642 §3
402 2557 570 2622 Attamen
608 2563 647 2621 111
685 2554 884 2640 hujusmodi
919 2557 1123 2640 proditionis
1155 2578 1272 2622 eorum
1311 2561 1485 2640 memoria,

189 2675 292 2753 atque
316 2665 514 2748 temporalis
537 2685 653 2748 poena,
677 2669 782 2728 etiam
806 2665 849 2728 ad
874 2671 1026 2748 posteros
1050 2685 1167 2728 eorum
1195 2663 1421 2749 diffundatur,
1448 2673 1488 2730 et

190 2780 359 2854 transeat,
393 2779 427 2835 et
460 2793 564 2858 quam
596 2794 733 2836 enorme
765 2772 899 2836 facinus
932 2775 986 2855 sit,
1021 2775 1057 2834 in
1099 2770 1264 2835 Dominos
1296 2774 1487 2858 insurgere,

189 2902 289 2944 omne
313 2879 485 2944 saeculum
503 2886 689 2964 'agnoscat3
713 2880 834 2942 amodo
851 2880 1019 2962 deinceps
1043 2881 1197 2942 universi
1221 2881 1342 2944 rustici
1366 2883 1402 2944 in
1418 2880 1486 2945 hoo

189 2988 312 3073 Regno
336 2985 484 3052 ubilibet
509 2989 696 3052 residentes
713 2988 875 3070 (demptis
899 2986 1112 3051 Civitatibus
1127 2985 1254 3070 liberis,
1278 2995 1313 3051 et
1337 2991 1487 3052 muratis

189 3116 276 3178 quae
300 3093 478 3178 Majestati
501 3095 633 3180 Regiae
666 3095 785 3160 fideles
810 3093 967 3174 suerunt3
1002 3101 1036 3158 et
1060 3095 1130 3158 illis
1153 3117 1287 3180 quoque
1321 3099 1484 3180 exceptis,

189 3204 248 3286 qui
273 3223 374 3283 pene-s
396 3196 562 3267 Dominos
586 3223 710 3286 eorum,
735 3209 770 3265 et
794 3203 931 3266 Sacram
961 3202 1130 3266 Coronam
1162 3201 1278 3286 Regni
1300 3199 1412 3284 hujus,
1445 3205 1486 3268 in

187 3331 269 3372 vera
293 3308 461 3374 fidelitate
495 3313 738 3392 perstiterunt,
771 3333 848 3374 cum
881 3310 1025 3395 aliisque
1059 3309 1232 3373 sceleratis
1264 3311 1411 3390 rusticis,
1445 3312 1486 3374 in

188 3415 251 3479 hac
276 3416 443 3481 seditione
467 3439 537 3480 non
560 3416 869 3508 participaverunt)
894 3417 1066 3500 perhanc
1090 3414 1307 3480 infidelitatis
1330 3419 1485 3500 ipsorum

188 3530 314 3606 notam,
338 3527 462 3588 amissa
490 3523 651 3589 libertate
676 3546 800 3606 eorum,
833 3546 900 3609 quo
924 3525 966 3588 de
990 3523 1063 3588 loco
1096 3523 1268 3588 inlocum
1300 3525 1486 3590 recedendi

188 3629 362 3695 habebant
396 3631 616 3714 facultatem3
657 3632 815 3696 Dominis
858 3635 1009 3714 ipsorum
1042 3630 1271 3714 terrestribus,
1313 3653 1414 3713 mera,
1446 3641 1487 3698 et

191 3747 353 3822 perpetua
376 3743 573 3804 rusticitate
597 3743 667 3803 sint
696 3736 852 3821 subjecti.

297 3843 369 3928 §4
402 3847 522 3932 Neque
556 3848 597 3910 de
627 3853 771 3929 caetero,
804 3853 920 3909 contra
955 3845 1180 3928 voluntatem,
1213 3853 1248 3908 et
1281 3866 1486 3912 consensum

188 3954 413 4018 Dominorum
438 3975 585 4022 suorum,
610 3954 651 4017 de
675 3953 748 4016 loco
773 3955 809 4016 in
832 3953 945 4016 locum
964 3953 1154 4034 recedendi,
1178 3959 1213 4015 et
1238 3973 1309 4016 sese
1333 3960 1487 4018 moratu-

189 4083 242 4124 ros
267 4060 646 4142 confe1·endi,habeant
678 4060 889 4124 facultatem.

493 4239 545 4306 De
578 4237 835 4322 aulonitana
867 4237 1010 4305 rusticis
1038 4237 1176 4323 fiendis.

295 4363 474 4430 Articulus
499 4369 549 4431 15.
573 4368 753 4432 Praeterea
784 4366 912 4450 singuli
941 4369 1061 4429 rustici
1085 4369 1222 4430 uxorati
1255 4366 1339 4448 (sive
1364 4367 1485 4429 sessio-

189 4475 271 4539 nati.
296 4495 354 4534 seu
379 4473 1114 4558 1111111116111111611166,611161111161111111111111111Β
1138 4473 1221 4553 sint)
1245 4495 1305 4556 per
1329 4472 1486 4558 singulos

298 4637 307 4664 r
326 4626 448 4682 Zseller.
