3192 5214
213 288 258 354 90

212 485 338 570 aliquis
356 485 538 566 invenerit,
561 505 604 550 ne
621 483 873 550 scandalizetur
888 483 1132 567 christianitas,
1148 505 1227 548 cum
1242 479 1368 569 quibus
1383 485 1510 548 instru-

213 595 340 660 mentis
362 591 580 676 laboraverit,
604 591 664 656 illa
687 593 836 658 amittat.

322 701 374 767 29.
406 697 459 766 De
493 697 639 766 testibus
664 697 789 766 iudicii
807 697 900 786 ferri
932 703 964 765 ei
997 718 1097 786 aque.
1131 700 1422 782 Quotiescumque
1453 697 1512 761 vel

213 831 302 896 aqna
325 807 382 874 vel
405 808 496 872 ferro
520 809 688 873 iudicium
711 805 843 872 factum
867 807 982 890 fuerit,
1015 809 1178 872 intersint
1209 805 1260 871 ibi
1292 814 1363 870 tres
1395 804 1511 869 idonei

213 925 320 982 testes
342 916 564 982 iureiurando
589 913 733 999 probati,
764 918 825 1000 qui
857 922 893 980 et
924 916 1118 980 innocentis
1149 913 1386 980 innocencium
1424 919 1459 976 et
1491 933 1510 976 e

214 1033 334 1092 contra
366 1021 549 1107 culpabilis
581 1023 717 1106 culpam
750 1021 971 1107 perhibeant:
1005 1019 1175 1104 presbiter
1213 1022 1256 1102 de
1295 1017 1386 1084 ferro
1425 1019 1511 1084 duas

216 1153 336 1216 pensas
359 1137 394 1196 et
418 1130 460 1194 de
484 1151 572 1216 aqua
595 1151 700 1196 unam
724 1152 864 1214 pensam
886 1131 1043 1212 accipiat.

324 1239 376 1304 32.
407 1235 460 1304 De
499 1235 620 1304 carnis
659 1235 878 1304 dimissione.
916 1237 1053 1304 Latini:
1093 1238 1154 1322 qui
1185 1234 1406 1320 Ungarorum
1434 1255 1512 1298 con-

215 1347 391 1412 suetudini
416 1346 571 1432 legitime
595 1349 787 1412 consentire
811 1347 994 1430 noluerint,
1017 1345 1149 1410 scilicet
1173 1351 1355 1428 postquam
1377 1341 1512 1427 Ungari

215 1473 333 1518 carnes
343 1453 558 1536 dimiserunt,
572 1455 640 1536 ipsi
655 1454 783 1520 iterum
797 1455 835 1517 in
850 1453 999 1518 secunda
1014 1459 1050 1516 et
1066 1453 1173 1518 tercia
1189 1449 1276 1517 feria
1291 1449 1513 1533 comederint,

215 1564 245 1627 si
268 1583 304 1627 se
326 1567 442 1628 nostre
475 1562 715 1628 consuetudini
746 1561 881 1628 meliori
911 1582 981 1627 non
1012 1562 1204 1626 consentire
1236 1559 1398 1640 dixerint,
1431 1577 1514 1642 quo-

215 1691 349 1755 cunque
368 1669 542 1736 voluerint
566 1691 605 1736 eo
621 1671 761 1735 vadant.
777 1669 964 1736 Pecuniam
980 1690 1070 1752 vera,
1086 1689 1190 1754 quam
1205 1666 1263 1732 hic
1278 1667 1514 1752 acquisierunt

215 1776 565 1861 hicrclinquant,nisi
582 1776 671 1842 forte
687 1779 913 1861 resipuerunt,
929 1783 964 1842 et
980 1798 1099 1842 carnes
1114 1774 1293 1842 nobiscum
1309 1775 1513 1840 dimiserint.

325 1885 376 1948 35.
401 1879 453 1948 De
475 1880 719 1969 satisfactione
742 1883 971 1950 meretricum
997 1880 1051 1950 uei
1074 1880 1283 1969 striparam.
1313 1882 1514 1948 Meretrices

215 2001 251 2058 et
275 1993 392 2078 striga,
415 1992 602 2058 secundum
629 1994 720 2079 quod
753 1994 911 2076 episcopo
943 1994 1033 2059 iuste
1064 1993 1195 2064 visum,
1212 1989 1328 2074 fuerit,
1351 1992 1401 2055 ita
1425 1989 1515 2054 diiu-

216 2101 383 2166 dicentur.

323 2208 376 2272 41.
399 2203 453 2272 De
477 2204 750 2274 decimationem
774 2206 999 2296 aequalibus.
1032 2209 1222 2293 Episcopus
1254 2209 1401 2290 accipiat
1424 2207 1516 2272 deci-

217 2318 407 2380 macionem
429 2317 467 2380 in
485 2315 652 2402 omnibus,
669 2321 727 2384 sed
744 2341 783 2384 eo
799 2326 936 2384 tenore:
956 2318 1143 2404 pristaldus
1158 2319 1308 2400 episcopi
1324 2318 1516 2402 interroget

218 2444 443 2505 possessorem
473 2445 685 2490 annonarum
708 2447 769 2491 seu
792 2425 980 2494 bestiarum
1003 2432 1172 2512 quantum
1194 2423 1338 2490 habeat:
1371 2425 1401 2487 si
1432 2443 1515 2488 vero

218 2529 412 2615 crediderit,
435 2533 570 2616 accipet
592 2530 658 2597 hoc
681 2535 771 2618 quod
796 2535 897 2618 dixit,
920 2535 949 2598 si
972 2539 1089 2598 autem
1112 2551 1182 2596 non
1197 2531 1392 2614 crediderit,
1407 2528 1516 2594 faciat

217 2637 318 2702 illum
341 2640 464 2723 iurare,
487 2645 523 2704 et
545 2642 701 2724 accipiat.
724 2641 768 2706 ln
783 2663 918 2708 annona
933 2663 1015 2706 vero
1032 2641 1258 2705 commixtum
1274 2660 1344 2703 non
1359 2639 1516 2721 accipiat,

219 2746 277 2810 sed
311 2748 504 2829 separatim.
539 2745 577 2812 Si
599 2769 681 2813 vero
706 2755 783 2832 post
805 2751 1038 2814 iuramentum
1061 2748 1240 2812 dominum
1271 2767 1405 2810 annone
1437 2746 1516 2830 quis

218 2853 350 2918 alienus
375 2855 563 2936 periurium
586 2855 723 2939 dixerit,
747 2861 861 2938 preter
884 2845 1089 2939 pristaldum
1108 2855 1266 2937 episcopi,
1282 2860 1362 2918 ante
1380 2853 1517 2936 pristal-

219 2962 301 3025 dum
325 2967 360 3024 et
384 2962 526 3026 comites
548 2967 748 3027 numeretur
770 2983 913 3026 annona.
937 2961 974 3026 Si
998 2959 1179 3044 culpabilis
1212 2962 1375 3025 inventus
1408 2957 1518 3025 fuant

220 3070 378 3134 dominus
401 3089 543 3154 annone,
567 3073 600 3135 ei
623 3078 741 3136 autem
764 3070 895 3136 decima
920 3093 997 3154 pars
1030 3071 1141 3152 detur,
1174 3075 1210 3133 et
1242 3089 1368 3134 novem
1400 3073 1517 3152 partes

219 3177 346 3241 dentur
377 3178 543 3260 episcopo.
576 3178 613 3243 Si
645 3185 761 3242 autem
794 3179 867 3260 ipse
899 3180 959 3264 qui
991 3179 1224 3241 insurrexerat
1257 3175 1406 3240 mendax
1438 3177 1516 3258 erit,

219 3285 339 3349 eodem
362 3285 490 3350 iudicio
515 3285 687 3367 persolvat
711 3285 855 3370 culpam.
875 3285 912 3350 Si
935 3307 1005 3351 non
1019 3283 1182 3349 habuerit
1196 3285 1288 3349 unde
1305 3305 1340 3349 se
1358 3284 1518 3369 redimat,

220 3393 310 3456 solus
333 3393 506 3456 vendatur
528 3394 680 3475 exceptis
703 3391 829 3458 liberis.
853 3393 1048 3458 Decimacio
1075 3397 1192 3458 autem
1224 3397 1299 3456 tcta
1331 3390 1520 3477 colligatur

219 3521 326 3586 usque
350 3502 393 3565 ad
417 3501 639 3565 nativitatem
662 3502 802 3566 domini.
826 3501 937 3566 Filius
961 3503 1021 3587 qui
1045 3502 1082 3565 in
1105 3501 1206 3565 domo
1230 3501 1338 3584 patris
1362 3506 1423 3583 est,
1455 3520 1519 3564 seu

220 3607 321 3692 filius,
353 3628 412 3672 seu
445 3629 563 3673 servus
595 3629 665 3672 non
697 3616 880 3692 separetur,
913 3609 973 3674 sed
1005 3607 1109 3673 simul
1142 3608 1225 3673 dent
1248 3608 1520 3673 decimacionem

221 3737 298 3780 cum
323 3721 428 3799 patre,
452 3737 472 3780 a
494 3713 576 3780 filiis
599 3737 680 3781 vero
704 3723 764 3781 aut
788 3719 896 3781 servis
919 3717 980 3802 qui
1004 3738 1064 3800 per
1086 3738 1122 3780 sc
1140 3714 1270 3781 habent
1286 3717 1413 3797 domos,
1429 3717 1519 3779 acci-

222 3825 318 3906 piant
360 3823 530 3888 decimam
570 3824 613 3888 de
645 3822 803 3888 omnibus
835 3845 902 3909 que
933 3823 1072 3890 habent.
1105 3821 1143 3888 Si
1174 3805 1292 3888 autem
1330 3829 1519 3888 contumax

220 3930 346 4015 aliquis
369 3933 603 4016 interrogatus
627 3931 794 3996 decimam
816 3931 967 3996 noluerit
988 3932 1142 3997 indicare
1167 3930 1333 4014 pristaldo
1357 3932 1520 4016 episcopi,

220 4047 305 4102 tunc
329 4038 515 4121 pristaldus
538 4059 652 4104 coram
674 4039 805 4104 idoneis
828 4037 976 4104 testibus
999 4039 1167 4124 designat,
1184 4044 1353 4123 quantum
1376 4039 1523 4104 videtur

221 4167 292 4209 esse
315 4147 455 4210 inetum.

329 4253 457 4318 Linum
479 4253 537 4318 vel
560 4251 727 4318 canabum
750 4259 920 4338 quantum
943 4260 1055 4336 potest
1079 4253 1231 4340 pugillus
1254 4253 1376 4338 digitis
1393 4254 1522 4335 pressis

221 4363 265 4427 ad
287 4368 416 4426 terram
440 4382 600 4445 premere,
623 4363 777 4444 accipiat.
801 4361 838 4426 Si
861 4363 1061 4426 trituratum
1088 4381 1259 4426 annonam
1281 4361 1465 4443 invenerit,
1490 4362 1525 4426 si

222 4471 339 4534 decem
361 4469 449 4534 idrie
472 4467 612 4551 fuerint,
635 4467 724 4532 nihil
746 4470 902 4552 accipiat,
926 4469 955 4532 si
977 4471 1107 4556 viginti
1130 4469 1186 4536 vel
1215 4469 1338 4552 plures,
1370 4469 1525 4552 accipiat

222 4577 390 4642 decimam
414 4583 555 4661 partem.
