3124 5216
211 413 276 478 710

210 617 324 676 ratum
348 609 426 694 fuit,
459 611 577 694 accipi,
600 631 722 674 verum
755 610 919 675 eomodo
952 609 1103 694 intelligi
1136 608 1214 674 vult
1237 604 1411 691 Majestas
1445 607 1514 672 Sua

209 719 509 804 CaesareoRegia,
547 725 587 784 ut
628 739 749 802 nempe
797 719 921 783 iisdem
960 717 1194 803 Augustanae,
1227 723 1262 782 et
1300 715 1517 780 Helveticae

210 826 425 892 Confessioni
448 827 606 908 addictis,
630 833 665 890 et
689 824 814 890 Graeci
837 825 942 891 Ritus
965 846 1035 889 non
1057 827 1175 907 unitiS,
1199 827 1237 888 in
1260 826 1388 910 quovis
1425 819 1516 906 ejus-

209 934 303 998 modi
326 933 426 1017 Loco,
444 933 581 1018 publico
602 933 798 1018 Religionis
816 931 993 998 Exercitio
1017 953 1086 997 non
1109 935 1256 1016 provise,
1280 931 1343 997 ubi
1367 938 1516 995 centum

210 1039 491 1106 Acatholicorum
506 1041 674 1105 Familiae
691 1041 854 1122 existunt,
864 1038 1140 1125 sufficientiaque
1149 1039 1262 1104 media
1279 1039 1324 1102 ad
1341 1037 1516 1103 struenda

210 1147 377 1230 Oratoria,
401 1147 650 1229 Ministrorum
683 1155 719 1212 et
743 1147 835 1211 Ludi
867 1145 1114 1232 Magistrorum
1146 1145 1286 1230 Domus,
1318 1167 1515 1231 eorumque

209 1277 396 1340 congruam
420 1258 649 1339 provisionem
682 1256 768 1318 citra
792 1253 889 1338 illud,
922 1261 963 1318 ut
985 1253 1217 1320 Contribuens
1240 1253 1399 1338 Populus
1434 1252 1516 1318 sub

209 1362 306 1426 sidiis
338 1362 392 1427 his
415 1365 561 1428 nimium
592 1367 766 1447 gravetur,
798 1367 860 1427 aut
883 1361 991 1428 relate
1014 1363 1059 1426 ad
1091 1361 1330 1427 incumbentes
1355 1364 1428 1446 ipsi
1455 1383 1515 1445 pu-

209 1469 316 1534 blicas
355 1473 601 1554 praestationes
625 1468 838 1552 debilitetur,
871 1470 1065 1556 legitimata
1098 1467 1238 1551 fuerint,
1276 1467 1435 1534 liberum
1468 1471 1515 1532 sit

209 1577 331 1641 iisdem
363 1576 584 1660 Acatholicis,
617 1599 677 1642 seu
708 1575 945 1663 Augustanae,
982 1584 1019 1642 et
1050 1576 1254 1642 Helveticae
1286 1575 1515 1640 Consessioni

208 1683 366 1766 addictis
398 1705 458 1749 seu
480 1683 603 1749 Graeci
627 1687 716 1749 ritus
737 1705 807 1749 non
837 1687 954 1768 unitis,
987 1687 1125 1768 privata
1158 1683 1316 1749 Oratoria
1340 1705 1380 1748 eo
1408 1681 1516 1746 modo

209 1799 376 1874 extruere,
399 1798 440 1855 ut
471 1789 556 1854 haec
594 1790 771 1876 Turribus,
795 1792 989 1876 Campanis,
1013 1799 1048 1857 et
1080 1791 1233 1857 introitu
1257 1815 1275 1856 1
1299 1790 1427 1855 Platea
1453 1811 1515 1874 pu-

208 1899 274 1963 1111
298 1899 342 1963 ad
366 1898 631 1963 similitudinem
655 1897 870 1980 publicorum
902 1899 1125 1983 Templorum
1148 1898 1368 1963 accomodate
1403 1899 1516 1963 desti-

209 2005 839 2090 111111111;Μ111111111111111111
872 2007 1165 2092 Ludi-Magistros
1190 2007 1425 2086 introducere,
1451 2027 1517 2090 pro

208 2114 278 2178 illis
300 2115 490 2178 necessaria
514 2112 669 2178 aedificia
686 2135 819 2198 ponere,
842 2137 882 2179 ac
905 2117 955 2178 ita
978 2136 1047 2178 non
1070 2120 1209 2179 tantum
1227 2115 1265 2178 in
1285 2113 1341 2178 his
1357 2117 1517 2197 privatis

210 2220 378 2285 Oratoriis
401 2241 501 2284 omne
524 2219 718 2305 Religionis
741 2242 858 2287 eorum
890 2223 1116 2307 Exercitium,
1141 2223 1199 2287 sed
1223 2224 1329 2286 etiam
1354 2225 1517 2304 provisio

208 2327 429 2392 Infirmorum
461 2346 600 2391 suorum
632 2335 704 2392 tam
735 2330 774 2392 in
805 2329 927 2393 iisdem
967 2330 1076 2412 LociS,
1108 2351 1212 2414 quam
1243 2337 1279 2393 et
1311 2337 1414 2394 extra
1450 2331 1517 2395 illa

208 2436 315 2501 libere
338 2437 555 2500 admittatur.
578 2435 685 2500 Porro

321 2538 459 2608 Tertio:
482 2542 680 2607 Clementer
703 2547 885 2609 constituit
909 2543 1123 2610 Summefata
1147 2543 1216 2609 Sua
1248 2541 1436 2628 Majestas3
1473 2556 1517 2611 ut

209 2652 332 2716 iisdem
354 2648 569 2714 Acatholicis
592 2651 630 2714 in
652 2650 832 2716 Universis
855 2652 1107 2716 Haereditariis
1130 2651 1271 2737 RegniS,
1299 2659 1334 2716 et
1359 2651 1517 2718 Provin-

209 2761 271 2823 ciis
294 2755 598 2841 CaesaricRegiiS,
621 2755 773 2842 adeoque
795 2761 832 2821 in
855 2757 978 2842 Regno
1010 2760 1115 2822 etiam
1138 2757 1202 2823 hoc
1225 2759 1442 2844 Hungariae,
1479 2769 1516 2825 et

209 2864 402 2929 Provinciis
425 2863 537 2926 eidem
569 2862 721 2944 adnexis,
744 2865 780 2926 in
804 2866 847 2928 iis
879 2885 1014 2950 quoque
1038 2864 1240 2948 Provinciis,
1264 2873 1299 2930 et
1332 2867 1449 2949 Locis,
1476 2871 1516 2932 in

208 2971 333 3058 quibus
356 2971 410 3034 illi
432 2970 476 3034 ad
493 2971 728 3055 consequenda
751 2971 871 3035 Munia
887 2971 1040 3054 Publica,
1056 2971 1255 3058 Dignitates
1269 2971 1516 3048 Academicos,

208 3081 274 3146 Jus
306 3077 572 3160 concivilitatis,
610 3077 794 3160 Incolatus,
835 3085 871 3143 et
908 3077 1113 3162 Magisterii,
1152 3079 1379 3144 Possessionis
1420 3083 1514 3147 item
1558 3147 1560 3166 ,

208 3186 392 3266 Bonorum,
408 3191 443 3248 et
459 3183 662 3248 Fundorum
678 3183 853 3269 Civilium,
871 3207 972 3249 causa
987 3185 1189 3269 Religionis,
1213 3189 1345 3251 virtute
1368 3187 1514 3273 Legum
1559 3175 1560 3182 ¹

207 3293 331 3376 Regni,
355 3297 416 3354 aut
443 3298 585 3355 eatenus
616 3290 842 3375 elargitorum
874 3291 1151 3377 Privilegiorum,
1169 3297 1223 3358 uti
1255 3297 1437 3378 signanter
1471 3300 1511 3361 in

207 3399 340 3482 Regnis
362 3396 566 3480 Dalmatiae,
590 3396 758 3480 Oroatiae,
782 3405 818 3462 et
851 3397 1062 3482 Sclaveniae,
1089 3422 1128 3463 ac
1151 3401 1326 3465 nonnullis
1357 3401 1511 3482 Liberis,

207 3505 395 3590 Regiisque
418 3504 640 3588 Civitatibus
668 3512 704 3569 et
735 3505 971 3590 Privilegiatis
1003 3507 1319 3574 Communitatibus
1350 3508 1510 3576 hucdum

207 3613 385 3695 incapaces
407 3618 515 3694 eraut,
537 3610 621 3675 haec
644 3610 825 3695 Capacitas
849 3613 1008 3698 deinceps
1031 3614 1074 3678 de
1097 3636 1177 3679 casu
1200 3617 1237 3680 in
1269 3638 1385 3682 casum
1408 3622 1509 3682 omni

207 3727 369 3801 tempore,
401 3724 505 3802 atque
537 3717 665 3803 absque
698 3721 791 3783 omni
819 3721 988 3785 nectenda
1020 3729 1161 3786 eatenus
1192 3721 1410 3808 difficultate,
1444 3747 1509 3808 per

208 3828 302 3890 viam
326 3825 590 3909 dispensationis
612 3846 655 3889 ex
678 3825 809 3910 Gratia,
842 3835 877 3892 et
901 3827 1094 3894 Clementia
1126 3830 1418 3916 Caesareo-Regia
1441 3836 1507 3897 tri-

207 3933 352 4014 buatur;
376 3935 413 3996 in
445 3932 586 4018 reliquis
609 3939 726 3998 autem
758 3933 999 4020 ComitatibuS,
1023 3944 1059 4001 et
1081 3936 1296 4002 Civitatibus
1319 3941 1356 4002 in
1387 3939 1506 4004 confe-

207 4039 324 4104 rendis
363 4037 509 4122 publicis
547 4041 675 4104 muniis
713 4043 905 4125 generatim
946 4051 1077 4108 remoto
1115 4043 1270 4108 diversae
1307 4043 1507 4131 Religionis

208 4153 374 4230 respectu,
397 4145 469 4210 sola
500 4147 713 4230 Meritorum,
737 4155 772 4212 et
805 4147 1037 4235 Talentorum,
1072 4149 1196 4235 probae
1228 4152 1321 4235 item,
1344 4161 1381 4218 et
1413 4154 1505 4221 chri-

207 4256 339 4318 stianae
362 4255 456 4317 vitae
479 4255 568 4318 ratio
593 4253 770 4319 habeatur.

319 4355 475 4441 Quarto:
496 4360 553 4425 Ad
586 4360 893 4426 constabiliendam
925 4383 1043 4428 veram
1075 4364 1308 4430 Christianam
1340 4365 1506 4434 Toleran-

207 4469 293 4531 tiam
316 4466 408 4531 ultro
431 4475 466 4530 11
490 4467 577 4530 illud
601 4471 771 4551 pertinere
804 4471 1019 4535 existimavit
1042 4469 1205 4555 Majestas
1236 4472 1305 4538 Sua
1337 4474 1507 4542 Sacratis-

207 4576 311 4639 sima:
334 4581 374 4638 111
390 4573 615 4659 Augustanae
639 4583 674 4640 11
690 4577 892 4643 Helveticae
917 4579 1131 4644 Confessioni
1151 4581 1282 4645 addicti
1305 4581 1372 4647 Jus
1382 4580 1507 4666 juran-

207 4681 290 4746 dum
314 4679 409 4745 nulla
433 4683 607 4747 occasione
631 4684 667 4746 in
690 4682 758 4747 alia
781 4683 929 4768 quadam
963 4683 1081 4767 forma,
1104 4707 1208 4770 quam
1230 4707 1317 4772 quae
1349 4691 1507 4774 ipsorum
