<?xml version="1.0" encoding="UTF-8"?>
<!DOCTYPE html PUBLIC "-//W3C//DTD XHTML 1.0 Transitional//EN"
    "http://www.w3.org/TR/xhtml1/DTD/xhtml1-transitional.dtd">
<html xmlns="http://www.w3.org/1999/xhtml" xml:lang="en" lang="en">
 <head>
  <title>
</title>
<meta http-equiv="Content-Type" content="text/html;charset=utf-8" />
  <meta name='ocr-system' content='tesseract 3.04.00' />
  <meta name='ocr-capabilities' content='ocr_page ocr_carea ocr_par ocr_line ocrx_word'/>
</head>
<body>
  <div class='ocr_page' id='page_1' title='image "./enchiridionfont00marcgoog_0520.png"; bbox 0 0 3144 5218; ppageno 0'>
   <div class='ocr_carea' id='block_1_1' title="bbox 221 347 1400 627">
    <p class='ocr_par' dir='ltr' id='par_1_1' title="bbox 221 347 1400 627">
     <span class='ocr_line' id='line_1_1' title="bbox 221 347 289 414; baseline -0.059 0"><span class='ocrx_word' id='word_1_1' title='bbox 221 347 289 414; x_wconf 87' lang='lat'>498</span> 
     </span>
     <span class='ocr_line' id='line_1_2' title="bbox 338 535 1400 627; baseline -0.004 -17"><span class='ocrx_word' id='word_1_2' title='bbox 338 546 388 619; x_wconf 88' lang='lat' dir='ltr'>D)</span> <span class='ocrx_word' id='word_1_3' title='bbox 411 540 474 609; x_wconf 77' lang='lat' dir='ltr'>Aa</span> <span class='ocrx_word' id='word_1_4' title='bbox 497 539 608 610; x_wconf 89' lang='grc'><strong>1608.</strong></span> <span class='ocrx_word' id='word_1_5' title='bbox 632 537 864 608; x_wconf 74' lang='lat' dir='ltr'>koronazas</span> <span class='ocrx_word' id='word_1_6' title='bbox 889 537 1012 608; x_wconf 73' lang='lat' dir='ltr'>elatu</span> <span class='ocrx_word' id='word_1_7' title='bbox 1033 535 1400 627; x_wconf 76' lang='lat' dir='ltr'>tdrvenyczikkek.</span> 
     </span>
    </p>
   </div>
   <div class='ocr_carea' id='block_1_2' title="bbox 219 731 1515 4495">
    <p class='ocr_par' dir='ltr' id='par_1_2' title="bbox 221 721 1513 1562">
     <span class='ocr_line' id='line_1_3' title="bbox 330 731 1512 830; baseline -0.004 -22"><span class='ocrx_word' id='word_1_8' title='bbox 330 735 483 829; x_wconf 75' lang='lat' dir='ltr'>Matyds</span> <span class='ocrx_word' id='word_1_9' title='bbox 512 735 711 830; x_wconf 77' lang='lat' dir='ltr'>fdherczeg</span> <span class='ocrx_word' id='word_1_10' title='bbox 739 761 762 807; x_wconf 91' lang='lat' dir='ltr'>a</span> <span class='ocrx_word' id='word_1_11' title='bbox 790 757 892 829; x_wconf 90' lang='lat' dir='ltr'>nagy</span> <span class='ocrx_word' id='word_1_12' title='bbox 920 735 1028 806; x_wconf 89' lang='lat' dir='ltr'>rendi</span> <span class='ocrx_word' id='word_1_13' title='bbox 1058 733 1253 828; x_wconf 77' lang='lat' dir='ltr'>szdvetse&#39;g</span> <span class='ocrx_word' id='word_1_14' title='bbox 1277 731 1359 806; x_wconf 71' lang='lat' dir='ltr'>elan</span> <span class='ocrx_word' id='word_1_15' title='bbox 1379 733 1512 806; x_wconf 90' lang='lat' dir='ltr'>lemon-</span> 
     </span>
     <span class='ocr_line' id='line_1_4' title="bbox 222 857 1512 953; baseline -0.004 -18"><span class='ocrx_word' id='word_1_16' title='bbox 222 862 334 935; x_wconf 77' lang='lat' dir='ltr'>dasra</span> <span class='ocrx_word' id='word_1_17' title='bbox 362 859 659 953; x_wconf 80' lang='lat' dir='ltr'>ke&#39;nyszeritette</span> <span class='ocrx_word' id='word_1_18' title='bbox 688 859 833 932; x_wconf 85' lang='lat' dir='ltr'>Rudolf</span> <span class='ocrx_word' id='word_1_19' title='bbox 857 857 1012 951; x_wconf 77' lang='lat' dir='ltr'>kiralyt.</span> <span class='ocrx_word' id='word_1_20' title='bbox 1041 859 1077 930; x_wconf 90' lang='lat' dir='ltr'>A</span> <span class='ocrx_word' id='word_1_21' title='bbox 1101 859 1209 931; x_wconf 91' lang='lat' dir='ltr'>rendi</span> <span class='ocrx_word' id='word_1_22' title='bbox 1228 858 1398 931; x_wconf 91' lang='lat' dir='ltr'>hatalom</span> <span class='ocrx_word' id='word_1_23' title='bbox 1419 867 1512 931; x_wconf 89' lang='lat' dir='ltr'>most</span> 
     </span>
     <span class='ocr_line' id='line_1_5' title="bbox 221 983 1512 1084; baseline -0.003 -24"><span class='ocrx_word' id='word_1_24' title='bbox 221 988 379 1084; x_wconf 77' lang='lat' dir='ltr'>gydziitt</span> <span class='ocrx_word' id='word_1_25' title='bbox 407 987 499 1059; x_wconf 87' lang='lat' dir='ltr'>csak</span> <span class='ocrx_word' id='word_1_26' title='bbox 528 987 694 1081; x_wconf 87' lang='lat' dir='ltr'>teljesen</span> <span class='ocrx_word' id='word_1_27' title='bbox 723 985 876 1079; x_wconf 76' lang='lat' dir='ltr'>Matyas</span> <span class='ocrx_word' id='word_1_28' title='bbox 904 989 1003 1057; x_wconf 86' lang='lat' dir='ltr'>most</span> <span class='ocrx_word' id='word_1_29' title='bbox 1031 985 1165 1057; x_wconf 81' lang='lat' dir='ltr'>tdbbet</span> <span class='ocrx_word' id='word_1_30' title='bbox 1192 984 1275 1056; x_wconf 84' lang='lat' dir='ltr'>volt</span> <span class='ocrx_word' id='word_1_31' title='bbox 1312 983 1512 1078; x_wconf 79' lang='lat' dir='ltr'>kenytelen</span> 
     </span>
     <span class='ocr_line' id='line_1_6' title="bbox 222 1109 1512 1208; baseline -0.003 -23"><span class='ocrx_word' id='word_1_32' title='bbox 222 1115 385 1208; x_wconf 89' lang='lat' dir='ltr'>eugedni</span> <span class='ocrx_word' id='word_1_33' title='bbox 415 1113 512 1185; x_wconf 89' lang='lat' dir='ltr'>mint</span> <span class='ocrx_word' id='word_1_34' title='bbox 544 1114 746 1185; x_wconf 76' lang='lat' dir='ltr'>loos-ban.</span> <span class='ocrx_word' id='word_1_35' title='bbox 775 1110 834 1183; x_wconf 82' lang='lat' dir='ltr'>Aa</span> <span class='ocrx_word' id='word_1_36' title='bbox 861 1109 1086 1204; x_wconf 88' lang='lat' dir='ltr'>inaugurale</span> <span class='ocrx_word' id='word_1_37' title='bbox 1115 1109 1282 1206; x_wconf 85' lang='lat' dir='ltr'>diploma</span> <span class='ocrx_word' id='word_1_38' title='bbox 1319 1109 1512 1183; x_wconf 76' lang='lat' dir='ltr'>elesebben</span> 
     </span>
     <span class='ocr_line' id='line_1_7' title="bbox 222 1234 1513 1332; baseline -0.002 -22"><span class='ocrx_word' id='word_1_39' title='bbox 222 1237 449 1310; x_wconf 77' lang='lat' dir='ltr'>formulazza</span> <span class='ocrx_word' id='word_1_40' title='bbox 478 1261 501 1309; x_wconf 89' lang='lat' dir='ltr'>a</span> <span class='ocrx_word' id='word_1_41' title='bbox 538 1235 640 1310; x_wconf 89' lang='lat' dir='ltr'>be&#39;csi</span> <span class='ocrx_word' id='word_1_42' title='bbox 677 1235 775 1310; x_wconf 74' lang='lat' dir='ltr'>beke</span> <span class='ocrx_word' id='word_1_43' title='bbox 811 1235 978 1332; x_wconf 85' lang='lat' dir='ltr'>pontjait</span> <span class='ocrx_word' id='word_1_44' title='bbox 1014 1235 1053 1309; x_wconf 88' lang='lat' dir='ltr'>e&#39;s</span> <span class='ocrx_word' id='word_1_45' title='bbox 1090 1236 1184 1308; x_wconf 83' lang='lat' dir='ltr'>tiibb</span> <span class='ocrx_word' id='word_1_46' title='bbox 1217 1234 1352 1330; x_wconf 84' lang='lat' dir='ltr'>joggal</span> <span class='ocrx_word' id='word_1_47' title='bbox 1388 1259 1513 1308; x_wconf 79' lang='lat' dir='ltr'>never-</span> 
     </span>
     <span class='ocr_line' id='line_1_8' title="bbox 222 1359 1512 1456; baseline -0.002 -21"><span class='ocrx_word' id='word_1_48' title='bbox 222 1363 360 1456; x_wconf 88' lang='lat' dir='ltr'>hetjiik</span> <span class='ocrx_word' id='word_1_49' title='bbox 406 1387 428 1434; x_wconf 92' lang='lat' dir='ltr'>a</span> <span class='ocrx_word' id='word_1_50' title='bbox 471 1363 578 1434; x_wconf 89' lang='lat' dir='ltr'>rendi</span> <span class='ocrx_word' id='word_1_51' title='bbox 616 1361 654 1434; x_wconf 77' lang='lat' dir='ltr'>es</span> <span class='ocrx_word' id='word_1_52' title='bbox 691 1361 824 1434; x_wconf 79' lang='lat' dir='ltr'>vallasi</span> <span class='ocrx_word' id='word_1_53' title='bbox 862 1361 1071 1454; x_wconf 84' lang='lat' dir='ltr'>szabadsa&#39;g</span> <span class='ocrx_word' id='word_1_54' title='bbox 1108 1359 1323 1456; x_wconf 70' lang='lat' dir='ltr'>alapjimk,</span> <span class='ocrx_word' id='word_1_55' title='bbox 1360 1361 1459 1432; x_wconf 92' lang='lat' dir='ltr'>mint</span> <span class='ocrx_word' id='word_1_56' title='bbox 1493 1385 1512 1432; x_wconf 91' lang='lat' dir='ltr'>a</span> 
     </span>
     <span class='ocr_line' id='line_1_9' title="bbox 223 1487 477 1562; baseline 0 -2"><span class='ocrx_word' id='word_1_57' title='bbox 223 1489 322 1562; x_wconf 72' lang='lat' dir='ltr'>becsi</span> <span class='ocrx_word' id='word_1_58' title='bbox 352 1487 477 1561; x_wconf 71' lang='lat' dir='ltr'>beket.</span> 
     </span>
    </p>

    <p class='ocr_par' dir='ltr' id='par_1_3' title="bbox 221 1610 1515 2711">
     <span class='ocr_line' id='line_1_10' title="bbox 331 1610 1511 1708; baseline -0.005 -22"><span class='ocrx_word' id='word_1_59' title='bbox 331 1613 388 1686; x_wconf 83' lang='lat' dir='ltr'>Aa</span> <span class='ocrx_word' id='word_1_60' title='bbox 427 1613 599 1708; x_wconf 84' lang='lat' dir='ltr'>egykord</span> <span class='ocrx_word' id='word_1_61' title='bbox 638 1612 770 1706; x_wconf 79' lang='lat' dir='ltr'>Revay</span> <span class='ocrx_word' id='word_1_62' title='bbox 807 1610 921 1684; x_wconf 89' lang='lat' dir='ltr'>Pe&#39;ter</span> <span class='ocrx_word' id='word_1_63' title='bbox 957 1611 1023 1707; x_wconf 88' lang='lat' dir='ltr'>igy</span> <span class='ocrx_word' id='word_1_64' title='bbox 1057 1611 1221 1706; x_wconf 85' lang='lat' dir='ltr'>jellemzi</span> <span class='ocrx_word' id='word_1_65' title='bbox 1258 1635 1301 1682; x_wconf 85' lang='lat' dir='ltr'>az</span> <span class='ocrx_word' id='word_1_66' title='bbox 1342 1611 1511 1684; x_wconf 74' lang='lat' dir='ltr'>loos-ili</span> 
     </span>
     <span class='ocr_line' id='line_1_11' title="bbox 222 1735 1513 1831; baseline -0.003 -20"><span class='ocrx_word' id='word_1_67' title='bbox 222 1739 431 1813; x_wconf 76' lang='lat' dir='ltr'>koronazas</span> <span class='ocrx_word' id='word_1_68' title='bbox 460 1739 569 1811; x_wconf 83' lang='lat' dir='ltr'>eldtti</span> <span class='ocrx_word' id='word_1_69' title='bbox 608 1738 830 1812; x_wconf 86' lang='lat' dir='ltr'>ozikkeket:</span> <span class='ocrx_word' id='word_1_70' title='bbox 868 1735 1048 1808; x_wconf 90' lang='lat' dir='ltr'>Proceres</span> <span class='ocrx_word' id='word_1_71' title='bbox 1076 1741 1115 1808; x_wconf 89' lang='lat' dir='ltr'>et</span> <span class='ocrx_word' id='word_1_72' title='bbox 1143 1735 1384 1831; x_wconf 88' lang='lat' dir='ltr'>populus...</span> <span class='ocrx_word' id='word_1_73' title='bbox 1416 1737 1513 1830; x_wconf 92' lang='lat' dir='ltr'>quod</span> 
     </span>
     <span class='ocr_line' id='line_1_12' title="bbox 222 1861 1512 1959; baseline -0.005 -21"><span class='ocrx_word' id='word_1_74' title='bbox 222 1866 458 1938; x_wconf 81' lang='lat' dir='ltr'>occasionem</span> <span class='ocrx_word' id='word_1_75' title='bbox 486 1864 671 1936; x_wconf 78' lang='lat' dir='ltr'>haberent</span> <span class='ocrx_word' id='word_1_76' title='bbox 700 1862 903 1959; x_wconf 90' lang='lat' dir='ltr'>pulchrum</span> <span class='ocrx_word' id='word_1_77' title='bbox 940 1861 1167 1934; x_wconf 87' lang='lat' dir='ltr'>restituendi</span> <span class='ocrx_word' id='word_1_78' title='bbox 1205 1885 1249 1934; x_wconf 88' lang='lat' dir='ltr'>ac</span> <span class='ocrx_word' id='word_1_79' title='bbox 1286 1861 1512 1934; x_wconf 85' lang='lat' dir='ltr'>reformandi</span> 
     </span>
     <span class='ocr_line' id='line_1_13' title="bbox 221 1987 1514 2086; baseline -0.003 -23"><span class='ocrx_word' id='word_1_80' title='bbox 221 1991 411 2086; x_wconf 86' lang='lat' dir='ltr'>pleraque,</span> <span class='ocrx_word' id='word_1_81' title='bbox 459 2013 556 2084; x_wconf 91' lang='lat' dir='ltr'>quae</span> <span class='ocrx_word' id='word_1_82' title='bbox 601 1987 743 2084; x_wconf 85' lang='lat' dir='ltr'>partim</span> <span class='ocrx_word' id='word_1_83' title='bbox 790 1987 936 2059; x_wconf 88' lang='lat' dir='ltr'>incuria</span> <span class='ocrx_word' id='word_1_84' title='bbox 973 2012 1017 2058; x_wconf 90' lang='lat' dir='ltr'>ac</span> <span class='ocrx_word' id='word_1_85' title='bbox 1055 1987 1291 2082; x_wconf 79' lang='lat' dir='ltr'>negligentia</span> <span class='ocrx_word' id='word_1_86' title='bbox 1329 1988 1514 2059; x_wconf 90' lang='lat' dir='ltr'>maiorum</span> 
     </span>
     <span class='ocr_line' id='line_1_14' title="bbox 222 2112 1515 2210; baseline -0.004 -22"><span class='ocrx_word' id='word_1_87' title='bbox 222 2116 375 2206; x_wconf 74' lang='lat' dir='ltr'>abolita,</span> <span class='ocrx_word' id='word_1_88' title='bbox 412 2117 556 2210; x_wconf 88' lang='lat' dir='ltr'>partim</span> <span class='ocrx_word' id='word_1_89' title='bbox 591 2114 731 2208; x_wconf 88' lang='lat' dir='ltr'>injuria</span> <span class='ocrx_word' id='word_1_90' title='bbox 768 2119 982 2208; x_wconf 88' lang='lat' dir='ltr'>temporum</span> <span class='ocrx_word' id='word_1_91' title='bbox 1029 2113 1234 2185; x_wconf 90' lang='lat' dir='ltr'>obliterata</span> <span class='ocrx_word' id='word_1_92' title='bbox 1278 2112 1515 2199; x_wconf 77' lang='lat' dir='ltr'>videbantur,</span> 
     </span>
     <span class='ocr_line' id='line_1_15' title="bbox 221 2237 1512 2336; baseline -0.003 -24"><span class='ocrx_word' id='word_1_93' title='bbox 221 2247 261 2312; x_wconf 87' lang='lat' dir='ltr'>et</span> <span class='ocrx_word' id='word_1_94' title='bbox 289 2241 501 2336; x_wconf 91' lang='lat' dir='ltr'>praecipue,</span> <span class='ocrx_word' id='word_1_95' title='bbox 529 2264 626 2335; x_wconf 91' lang='lat' dir='ltr'>quae</span> <span class='ocrx_word' id='word_1_96' title='bbox 655 2237 857 2334; x_wconf 84' lang='lat' dir='ltr'>superioris</span> <span class='ocrx_word' id='word_1_97' title='bbox 876 2237 966 2309; x_wconf 92' lang='lat' dir='ltr'>belli</span> <span class='ocrx_word' id='word_1_98' title='bbox 987 2237 1138 2311; x_wconf 86' lang='lat' dir='ltr'>Turoici</span> <span class='ocrx_word' id='word_1_99' title='bbox 1157 2261 1201 2311; x_wconf 89' lang='lat' dir='ltr'>ac</span> <span class='ocrx_word' id='word_1_100' title='bbox 1221 2237 1341 2310; x_wconf 89' lang='lat' dir='ltr'>civilis</span> <span class='ocrx_word' id='word_1_101' title='bbox 1361 2237 1512 2310; x_wconf 84' lang='lat' dir='ltr'>licentia</span> 
     </span>
     <span class='ocr_line' id='line_1_16' title="bbox 222 2362 1515 2461; baseline -0.001 -24"><span class='ocrx_word' id='word_1_102' title='bbox 222 2372 355 2438; x_wconf 88' lang='lat' dir='ltr'>contra</span> <span class='ocrx_word' id='word_1_103' title='bbox 383 2367 485 2459; x_wconf 88' lang='lat' dir='ltr'>leges</span> <span class='ocrx_word' id='word_1_104' title='bbox 508 2365 654 2461; x_wconf 75' lang='lat' dir='ltr'>patriar</span> <span class='ocrx_word' id='word_1_105' title='bbox 682 2366 888 2452; x_wconf 74' lang='lat' dir='ltr'>invexerat,</span> <span class='ocrx_word' id='word_1_106' title='bbox 916 2363 1018 2457; x_wconf 89' lang='lat' dir='ltr'>leges</span> <span class='ocrx_word' id='word_1_107' title='bbox 1046 2363 1231 2457; x_wconf 91' lang='lat' dir='ltr'>quasdam</span> <span class='ocrx_word' id='word_1_108' title='bbox 1258 2369 1298 2435; x_wconf 83' lang='lat' dir='ltr'>et</span> <span class='ocrx_word' id='word_1_109' title='bbox 1325 2362 1515 2452; x_wconf 77' lang='lat' dir='ltr'>articulos,</span> 
     </span>
     <span class='ocr_line' id='line_1_17' title="bbox 223 2489 1514 2586; baseline 0 -24"><span class='ocrx_word' id='word_1_110' title='bbox 223 2491 435 2586; x_wconf 90' lang='lat' dir='ltr'>dequibus</span> <span class='ocrx_word' id='word_1_111' title='bbox 464 2491 535 2563; x_wconf 92' lang='lat' dir='ltr'>sibi</span> <span class='ocrx_word' id='word_1_112' title='bbox 568 2491 694 2564; x_wconf 89' lang='lat' dir='ltr'>caveri</span> <span class='ocrx_word' id='word_1_113' title='bbox 732 2489 882 2578; x_wconf 86' lang='lat' dir='ltr'>vellent,</span> <span class='ocrx_word' id='word_1_114' title='bbox 918 2490 1060 2584; x_wconf 90' lang='lat' dir='ltr'>scripto</span> <span class='ocrx_word' id='word_1_115' title='bbox 1099 2489 1397 2584; x_wconf 74' lang='lat' dir='ltr'>comprehensos</span> <span class='ocrx_word' id='word_1_116' title='bbox 1433 2490 1514 2585; x_wconf 89' lang='lat' dir='ltr'>regi</span> 
     </span>
     <span class='ocr_line' id='line_1_18' title="bbox 221 2613 1515 2711; baseline -0.002 -23"><span class='ocrx_word' id='word_1_117' title='bbox 221 2617 452 2704; x_wconf 91' lang='lat' dir='ltr'>obtulerunt,</span> <span class='ocrx_word' id='word_1_118' title='bbox 488 2616 687 2711; x_wconf 87' lang='lat' dir='ltr'>plerosque</span> <span class='ocrx_word' id='word_1_119' title='bbox 724 2639 770 2686; x_wconf 84' lang='lat' dir='ltr'>ex</span> <span class='ocrx_word' id='word_1_120' title='bbox 798 2613 1061 2710; x_wconf 89' lang='lat' dir='ltr'>pacificatione</span> <span class='ocrx_word' id='word_1_121' title='bbox 1091 2614 1295 2687; x_wconf 87' lang='lat' dir='ltr'>Viennensi</span> <span class='ocrx_word' id='word_1_122' title='bbox 1324 2616 1515 2710; x_wconf 84' lang='lat' dir='ltr'>repetitos</span> 
     </span>
    </p>

    <p class='ocr_par' dir='ltr' id='par_1_4' title="bbox 221 2738 1515 2961">
     <span class='ocr_line' id='line_1_19' title="bbox 330 2738 1515 2836; baseline -0.002 -22"><span class='ocrx_word' id='word_1_123' title='bbox 330 2743 366 2814; x_wconf 90' lang='lat' dir='ltr'><strong>A</strong></span> <span class='ocrx_word' id='word_1_124' title='bbox 395 2741 600 2814; x_wconf 86' lang='lat' dir='ltr'>czikkeket</span> <span class='ocrx_word' id='word_1_125' title='bbox 628 2765 650 2811; x_wconf 92' lang='lat' dir='ltr'>a</span> <span class='ocrx_word' id='word_1_126' title='bbox 680 2738 824 2836; x_wconf 78' lang='lat' dir='ltr'>Corpus</span> <span class='ocrx_word' id='word_1_127' title='bbox 854 2739 961 2812; x_wconf 78' lang='lat' dir='ltr'>duris</span> <span class='ocrx_word' id='word_1_128' title='bbox 989 2739 1083 2812; x_wconf 80' lang='lat' dir='ltr'>utan</span> <span class='ocrx_word' id='word_1_129' title='bbox 1113 2740 1304 2834; x_wconf 83' lang='lat' dir='ltr'>kiiziiljiik,</span> <span class='ocrx_word' id='word_1_130' title='bbox 1338 2739 1515 2833; x_wconf 71' lang='lat' dir='ltr'>javitvr&#39;rn</span> 
     </span>
     <span class='ocr_line' id='line_1_20' title="bbox 221 2841 1320 2961; baseline 0.003 -25"><span class='ocrx_word' id='word_1_131' title='bbox 221 2891 243 2936; x_wconf 91' lang='lat' dir='ltr'>a</span> <span class='ocrx_word' id='word_1_132' title='bbox 272 2869 448 2961; x_wconf 81' lang='lat' dir='ltr'>sziiveget</span> <span class='ocrx_word' id='word_1_133' title='bbox 475 2867 699 2939; x_wconf 86' lang='lat' dir='ltr'>Kolozsva&#39;ri</span> <span class='ocrx_word' id='word_1_134' title='bbox 727 2865 766 2938; x_wconf 78' lang='lat' dir='ltr'>es</span> <span class='ocrx_word' id='word_1_135' title='bbox 795 2841 911 2937; x_wconf 73' lang='lat' dir='ltr'>(irari</span> <span class='ocrx_word' id='word_1_136' title='bbox 936 2866 1127 2961; x_wconf 84' lang='lat' dir='ltr'>jegyzetei</span> <span class='ocrx_word' id='word_1_137' title='bbox 1156 2867 1320 2961; x_wconf 77' lang='lat' dir='ltr'>alapjan.</span> 
     </span>
    </p>

    <p class='ocr_par' dir='ltr' id='par_1_5' title="bbox 219 3013 1514 4495">
     <span class='ocr_line' id='line_1_21' title="bbox 328 3013 1514 3100; baseline 0.002 -22"><span class='ocrx_word' id='word_1_138' title='bbox 328 3015 398 3078; x_wconf 88' lang='lat' dir='ltr'>Nos</span> <span class='ocrx_word' id='word_1_139' title='bbox 422 3013 572 3078; x_wconf 87' lang='lat' dir='ltr'>Mathias</span> <span class='ocrx_word' id='word_1_140' title='bbox 596 3013 640 3077; x_wconf 89' lang='lat' dir='ltr'>H.</span> <span class='ocrx_word' id='word_1_141' title='bbox 664 3013 704 3077; x_wconf 94' lang='lat' dir='ltr'>D.</span> <span class='ocrx_word' id='word_1_142' title='bbox 738 3035 787 3098; x_wconf 91' lang='lat' dir='ltr'>gr.</span> <span class='ocrx_word' id='word_1_143' title='bbox 812 3013 928 3098; x_wconf 86' lang='lat' dir='ltr'>Hung.</span> <span class='ocrx_word' id='word_1_144' title='bbox 952 3013 1063 3078; x_wconf 89' lang='lat' dir='ltr'>Dalm.</span> <span class='ocrx_word' id='word_1_145' title='bbox 1087 3013 1200 3080; x_wconf 82' lang='lat' dir='ltr'>Oroat.</span> <span class='ocrx_word' id='word_1_146' title='bbox 1224 3014 1334 3080; x_wconf 83' lang='lat' dir='ltr'>Sclav.</span> <span class='ocrx_word' id='word_1_147' title='bbox 1358 3021 1422 3080; x_wconf 87' lang='lat' dir='ltr'>etc.</span> <span class='ocrx_word' id='word_1_148' title='bbox 1447 3039 1514 3100; x_wconf 79' lang='lat' dir='ltr'>rex,</span> 
     </span>
     <span class='ocr_line' id='line_1_22' title="bbox 220 3120 1514 3207; baseline 0.002 -22"><span class='ocrx_word' id='word_1_149' title='bbox 220 3123 419 3206; x_wconf 87' lang='lat' dir='ltr'>designatus</span> <span class='ocrx_word' id='word_1_150' title='bbox 441 3123 478 3185; x_wconf 89' lang='lat' dir='ltr'>iu</span> <span class='ocrx_word' id='word_1_151' title='bbox 502 3143 616 3206; x_wconf 89' lang='lat' dir='ltr'>regem</span> <span class='ocrx_word' id='word_1_152' title='bbox 640 3122 832 3204; x_wconf 87' lang='lat' dir='ltr'>Bohemiae,</span> <span class='ocrx_word' id='word_1_153' title='bbox 856 3120 1023 3185; x_wconf 82' lang='lat' dir='ltr'>archidux</span> <span class='ocrx_word' id='word_1_154' title='bbox 1047 3120 1217 3207; x_wconf 84' lang='lat' dir='ltr'>Austriae,</span> <span class='ocrx_word' id='word_1_155' title='bbox 1241 3123 1312 3187; x_wconf 85' lang='lat' dir='ltr'>dux</span> <span class='ocrx_word' id='word_1_156' title='bbox 1336 3123 1443 3207; x_wconf 89' lang='lat' dir='ltr'>Burg.</span> <span class='ocrx_word' id='word_1_157' title='bbox 1461 3175 1467 3186; x_wconf 94' lang='lat'><em>.</em></span> <span class='ocrx_word' id='word_1_158' title='bbox 1485 3175 1514 3188; x_wconf 94' lang='lat'>..</span> 
     </span>
     <span class='ocr_line' id='line_1_23' title="bbox 221 3228 1514 3314; baseline 0.002 -22"><span class='ocrx_word' id='word_1_159' title='bbox 221 3232 402 3294; x_wconf 86' lang='lat' dir='ltr'>memoriae</span> <span class='ocrx_word' id='word_1_160' title='bbox 426 3229 709 3310; x_wconf 82' lang='lat' dir='ltr'>commendamus,</span> <span class='ocrx_word' id='word_1_161' title='bbox 726 3280 732 3293; x_wconf 95' lang='lat'>.</span> <span class='ocrx_word' id='word_1_162' title='bbox 750 3279 780 3293; x_wconf 92' lang='lat'>..</span> <span class='ocrx_word' id='word_1_163' title='bbox 804 3228 903 3313; x_wconf 86' lang='lat' dir='ltr'>quod,</span> <span class='ocrx_word' id='word_1_164' title='bbox 928 3250 1006 3292; x_wconf 92' lang='lat' dir='ltr'>cum</span> <span class='ocrx_word' id='word_1_165' title='bbox 1034 3233 1263 3294; x_wconf 87' lang='lat' dir='ltr'>sacratissimo</span> <span class='ocrx_word' id='word_1_166' title='bbox 1295 3231 1444 3314; x_wconf 84' lang='lat' dir='ltr'>principi</span> <span class='ocrx_word' id='word_1_167' title='bbox 1476 3254 1514 3294; x_wconf 80' lang='lat' dir='ltr'>ar</span> 
     </span>
     <span class='ocr_line' id='line_1_24' title="bbox 220 3335 1514 3422; baseline -0.001 -21"><span class='ocrx_word' id='word_1_168' title='bbox 220 3338 366 3418; x_wconf 88' lang='lat' dir='ltr'>domino,</span> <span class='ocrx_word' id='word_1_169' title='bbox 390 3335 431 3399; x_wconf 94' lang='lat' dir='ltr'>D.</span> <span class='ocrx_word' id='word_1_170' title='bbox 453 3337 637 3420; x_wconf 83' lang='lat' dir='ltr'>Rudolpho</span> <span class='ocrx_word' id='word_1_171' title='bbox 660 3337 705 3401; x_wconf 92' lang='grc' dir='ltr'>Π.</span> <span class='ocrx_word' id='word_1_172' title='bbox 729 3336 769 3400; x_wconf 91' lang='lat' dir='ltr'>D.</span> <span class='ocrx_word' id='word_1_173' title='bbox 793 3358 842 3420; x_wconf 89' lang='lat' dir='ltr'>gr.</span> <span class='ocrx_word' id='word_1_174' title='bbox 866 3337 974 3400; x_wconf 88' lang='lat' dir='ltr'>electo</span> <span class='ocrx_word' id='word_1_175' title='bbox 990 3337 1090 3400; x_wconf 85' lang='lat' dir='ltr'>Rom.</span> <span class='ocrx_word' id='word_1_176' title='bbox 1114 3340 1320 3422; x_wconf 84' lang='lat' dir='ltr'>imperatori,</span> <span class='ocrx_word' id='word_1_177' title='bbox 1345 3360 1384 3402; x_wconf 91' lang='lat' dir='ltr'>ac</span> <span class='ocrx_word' id='word_1_178' title='bbox 1400 3337 1514 3402; x_wconf 80' lang='lat' dir='ltr'>Germ.</span> 
     </span>
     <span class='ocr_line' id='line_1_25' title="bbox 220 3443 1514 3529; baseline 0.002 -21"><span class='ocrx_word' id='word_1_179' title='bbox 220 3445 336 3528; x_wconf 89' lang='lat' dir='ltr'>Hung.</span> <span class='ocrx_word' id='word_1_180' title='bbox 369 3444 452 3508; x_wconf 92' lang='lat' dir='ltr'>Boh.</span> <span class='ocrx_word' id='word_1_181' title='bbox 486 3453 549 3510; x_wconf 89' lang='lat' dir='ltr'>etc.</span> <span class='ocrx_word' id='word_1_182' title='bbox 582 3447 662 3529; x_wconf 87' lang='lat' dir='ltr'>regi,</span> <span class='ocrx_word' id='word_1_183' title='bbox 696 3446 834 3509; x_wconf 90' lang='lat' dir='ltr'>domino</span> <span class='ocrx_word' id='word_1_184' title='bbox 867 3453 902 3507; x_wconf 84' lang='lat' dir='ltr'>et</span> <span class='ocrx_word' id='word_1_185' title='bbox 927 3443 1028 3508; x_wconf 87' lang='lat' dir='ltr'>fratri</span> <span class='ocrx_word' id='word_1_186' title='bbox 1051 3453 1168 3509; x_wconf 89' lang='lat' dir='ltr'>nostro</span> <span class='ocrx_word' id='word_1_187' title='bbox 1196 3444 1514 3527; x_wconf 67' lang='lat' dir='ltr'>observandissime</span> 
     </span>
     <span class='ocr_line' id='line_1_26' title="bbox 220 3550 1513 3639; baseline 0.003 -25"><span class='ocrx_word' id='word_1_188' title='bbox 220 3552 300 3615; x_wconf 90' lang='lat' dir='ltr'>inde</span> <span class='ocrx_word' id='word_1_189' title='bbox 324 3551 367 3615; x_wconf 90' lang='lat' dir='ltr'>ab</span> <span class='ocrx_word' id='word_1_190' title='bbox 391 3553 491 3615; x_wconf 85' lang='lat' dir='ltr'>initio</span> <span class='ocrx_word' id='word_1_191' title='bbox 515 3550 625 3616; x_wconf 84' lang='lat' dir='ltr'>felicis</span> <span class='ocrx_word' id='word_1_192' title='bbox 642 3555 818 3636; x_wconf 89' lang='lat' dir='ltr'>regiminis</span> <span class='ocrx_word' id='word_1_193' title='bbox 835 3559 870 3615; x_wconf 88' lang='lat' dir='ltr'>et</span> <span class='ocrx_word' id='word_1_194' title='bbox 886 3555 1115 3616; x_wconf 73' lang='lat' dir='ltr'>coronationis</span> <span class='ocrx_word' id='word_1_195' title='bbox 1139 3575 1226 3636; x_wconf 84' lang='lat' dir='ltr'>suae,</span> <span class='ocrx_word' id='word_1_196' title='bbox 1251 3551 1339 3616; x_wconf 87' lang='lat' dir='ltr'>nihil</span> <span class='ocrx_word' id='word_1_197' title='bbox 1362 3575 1513 3639; x_wconf 89' lang='lat' dir='ltr'>unquam</span> 
     </span>
     <span class='ocr_line' id='line_1_27' title="bbox 220 3658 1513 3744; baseline 0.002 -22"><span class='ocrx_word' id='word_1_198' title='bbox 220 3661 329 3742; x_wconf 87' lang='lat' dir='ltr'>magis</span> <span class='ocrx_word' id='word_1_199' title='bbox 362 3663 398 3723; x_wconf 93' lang='lat' dir='ltr'>in</span> <span class='ocrx_word' id='word_1_200' title='bbox 428 3663 520 3724; x_wconf 87' lang='lat' dir='ltr'>votis</span> <span class='ocrx_word' id='word_1_201' title='bbox 551 3659 665 3742; x_wconf 87' lang='lat' dir='ltr'>fuerit,</span> <span class='ocrx_word' id='word_1_202' title='bbox 702 3682 805 3743; x_wconf 90' lang='lat' dir='ltr'>quam</span> <span class='ocrx_word' id='word_1_203' title='bbox 836 3667 875 3723; x_wconf 86' lang='lat' dir='ltr'>ut</span> <span class='ocrx_word' id='word_1_204' title='bbox 907 3681 1051 3743; x_wconf 90' lang='lat' dir='ltr'>reguum</span> <span class='ocrx_word' id='word_1_205' title='bbox 1081 3658 1145 3724; x_wconf 88' lang='lat' dir='ltr'>hoc</span> <span class='ocrx_word' id='word_1_206' title='bbox 1175 3681 1275 3724; x_wconf 90' lang='lat' dir='ltr'>suum</span> <span class='ocrx_word' id='word_1_207' title='bbox 1304 3659 1513 3744; x_wconf 70' lang='lat' dir='ltr'>Hungariae,</span> 
     </span>
     <span class='ocr_line' id='line_1_28' title="bbox 220 3764 1513 3850; baseline 0 -20"><span class='ocrx_word' id='word_1_208' title='bbox 220 3787 298 3830; x_wconf 91' lang='lat' dir='ltr'>cum</span> <span class='ocrx_word' id='word_1_209' title='bbox 322 3769 464 3830; x_wconf 86' lang='lat' dir='ltr'>caeteris</span> <span class='ocrx_word' id='word_1_210' title='bbox 489 3769 603 3850; x_wconf 87' lang='lat' dir='ltr'>regnis</span> <span class='ocrx_word' id='word_1_211' title='bbox 631 3773 666 3830; x_wconf 91' lang='lat' dir='ltr'>et</span> <span class='ocrx_word' id='word_1_212' title='bbox 699 3765 854 3849; x_wconf 82' lang='lat' dir='ltr'>partibus</span> <span class='ocrx_word' id='word_1_213' title='bbox 886 3766 997 3830; x_wconf 90' lang='lat' dir='ltr'>eidem</span> <span class='ocrx_word' id='word_1_214' title='bbox 1030 3769 1180 3848; x_wconf 75' lang='lat' dir='ltr'>annexis²</span> <span class='ocrx_word' id='word_1_215' title='bbox 1210 3773 1262 3831; x_wconf 91' lang='lat' dir='ltr'>tot</span> <span class='ocrx_word' id='word_1_216' title='bbox 1286 3764 1513 3831; x_wconf 87' lang='lat' dir='ltr'>acerbissimis</span> 
     </span>
     <span class='ocr_line' id='line_1_29' title="bbox 220 3873 1513 3959; baseline 0.001 -22"><span class='ocrx_word' id='word_1_217' title='bbox 220 3873 375 3938; x_wconf 86' lang='lat' dir='ltr'>cladibus</span> <span class='ocrx_word' id='word_1_218' title='bbox 420 3873 637 3959; x_wconf 85' lang='lat' dir='ltr'>motibusque</span> <span class='ocrx_word' id='word_1_219' title='bbox 684 3880 756 3937; x_wconf 88' lang='lat' dir='ltr'>tarn</span> <span class='ocrx_word' id='word_1_220' title='bbox 802 3876 954 3956; x_wconf 76' lang='lat' dir='ltr'>internis,</span> <span class='ocrx_word' id='word_1_221' title='bbox 1000 3895 1103 3958; x_wconf 89' lang='lat' dir='ltr'>quam</span> <span class='ocrx_word' id='word_1_222' title='bbox 1145 3875 1303 3956; x_wconf 79' lang='lat' dir='ltr'>externis,</span> <span class='ocrx_word' id='word_1_223' title='bbox 1341 3877 1513 3959; x_wconf 87' lang='lat' dir='ltr'>variisque</span> 
     </span>
     <span class='ocr_line' id='line_1_30' title="bbox 220 3979 1512 4064; baseline -0.001 -20"><span class='ocrx_word' id='word_1_224' title='bbox 220 3981 518 4046; x_wconf 82' lang='lat' dir='ltr'>vicissitudinibus</span> <span class='ocrx_word' id='word_1_225' title='bbox 542 3981 782 4064; x_wconf 88' lang='lat' dir='ltr'>multipliciter</span> <span class='ocrx_word' id='word_1_226' title='bbox 804 3979 975 4044; x_wconf 84' lang='lat' dir='ltr'>afflictum</span> <span class='ocrx_word' id='word_1_227' title='bbox 1008 3987 1043 4045; x_wconf 86' lang='lat' dir='ltr'>et</span> <span class='ocrx_word' id='word_1_228' title='bbox 1067 4002 1275 4063; x_wconf 68' lang='lat' dir='ltr'>concussum,</span> <span class='ocrx_word' id='word_1_229' title='bbox 1308 3979 1381 4044; x_wconf 88' lang='lat' dir='ltr'>Deo</span> <span class='ocrx_word' id='word_1_230' title='bbox 1406 3979 1445 4045; x_wconf 91' lang='lat' dir='ltr'>O.</span> <span class='ocrx_word' id='word_1_231' title='bbox 1469 3982 1512 4045; x_wconf 89' lang='lat' dir='ltr'>M.</span> 
     </span>
     <span class='ocr_line' id='line_1_31' title="bbox 219 4089 1512 4172; baseline 0 -19"><span class='ocrx_word' id='word_1_232' title='bbox 219 4092 369 4172; x_wconf 78' lang='lat' dir='ltr'>iuvante,</span> <span class='ocrx_word' id='word_1_233' title='bbox 394 4097 556 4171; x_wconf 79' lang='lat' dir='ltr'>tueretur,</span> <span class='ocrx_word' id='word_1_234' title='bbox 580 4111 619 4152; x_wconf 91' lang='lat' dir='ltr'>ac</span> <span class='ocrx_word' id='word_1_235' title='bbox 635 4089 672 4151; x_wconf 88' lang='lat' dir='ltr'>iu</span> <span class='ocrx_word' id='word_1_236' title='bbox 688 4090 872 4170; x_wconf 88' lang='lat' dir='ltr'>pristinum</span> <span class='ocrx_word' id='word_1_237' title='bbox 888 4109 987 4152; x_wconf 88' lang='lat' dir='ltr'>suum</span> <span class='ocrx_word' id='word_1_238' title='bbox 1004 4095 1133 4152; x_wconf 86' lang='lat' dir='ltr'>statum</span> <span class='ocrx_word' id='word_1_239' title='bbox 1149 4091 1364 4169; x_wconf 88' lang='lat' dir='ltr'>restitueret;</span> <span class='ocrx_word' id='word_1_240' title='bbox 1389 4089 1512 4153; x_wconf 90' lang='lat' dir='ltr'>eidem-</span> 
     </span>
     <span class='ocr_line' id='line_1_32' title="bbox 219 4195 1509 4282; baseline -0.001 -23"><span class='ocrx_word' id='word_1_241' title='bbox 219 4219 284 4282; x_wconf 89' lang='lat' dir='ltr'>que</span> <span class='ocrx_word' id='word_1_242' title='bbox 308 4219 347 4260; x_wconf 88' lang='lat' dir='ltr'>ac</span> <span class='ocrx_word' id='word_1_243' title='bbox 371 4195 530 4259; x_wconf 89' lang='lat' dir='ltr'>fidelibus</span> <span class='ocrx_word' id='word_1_244' title='bbox 550 4195 691 4279; x_wconf 75' lang='lat' dir='ltr'>populis,</span> <span class='ocrx_word' id='word_1_245' title='bbox 715 4195 863 4258; x_wconf 88' lang='lat' dir='ltr'>subditis</span> <span class='ocrx_word' id='word_1_246' title='bbox 888 4198 965 4278; x_wconf 79' lang='lat' dir='ltr'>sule,</span> <span class='ocrx_word' id='word_1_247' title='bbox 991 4217 1051 4278; x_wconf 86' lang='lat' dir='ltr'>pro</span> <span class='ocrx_word' id='word_1_248' title='bbox 1076 4198 1131 4278; x_wconf 90' lang='lat' dir='ltr'>pia</span> <span class='ocrx_word' id='word_1_249' title='bbox 1154 4218 1193 4259; x_wconf 91' lang='lat' dir='ltr'>ac</span> <span class='ocrx_word' id='word_1_250' title='bbox 1214 4202 1354 4278; x_wconf 90' lang='lat' dir='ltr'>paterna</span> <span class='ocrx_word' id='word_1_251' title='bbox 1378 4218 1459 4260; x_wconf 85' lang='lat' dir='ltr'>cura·</span> <span class='ocrx_word' id='word_1_252' title='bbox 1479 4207 1509 4260; x_wconf 84' lang='lat' dir='ltr'>et</span> 
     </span>
     <span class='ocr_line' id='line_1_33' title="bbox 219 4301 1511 4386; baseline 0 -20"><span class='ocrx_word' id='word_1_253' title='bbox 219 4303 450 4367; x_wconf 84' lang='lat' dir='ltr'>sollicitudine</span> <span class='ocrx_word' id='word_1_254' title='bbox 475 4325 543 4384; x_wconf 86' lang='lat' dir='ltr'>sua,</span> <span class='ocrx_word' id='word_1_255' title='bbox 566 4306 770 4386; x_wconf 85' lang='lat' dir='ltr'>tempestive</span> <span class='ocrx_word' id='word_1_256' title='bbox 795 4303 837 4366; x_wconf 91' lang='lat' dir='ltr'>de</span> <span class='ocrx_word' id='word_1_257' title='bbox 861 4302 1049 4367; x_wconf 88' lang='lat' dir='ltr'>sufficienti</span> <span class='ocrx_word' id='word_1_258' title='bbox 1078 4303 1290 4367; x_wconf 87' lang='lat' dir='ltr'>moderatore</span> <span class='ocrx_word' id='word_1_259' title='bbox 1323 4310 1357 4366; x_wconf 84' lang='lat' dir='ltr'>et</span> <span class='ocrx_word' id='word_1_260' title='bbox 1390 4301 1511 4386; x_wconf 84' lang='lat' dir='ltr'>guber·-</span> 
     </span>
     <span class='ocr_line' id='line_1_34' title="bbox 220 4407 1510 4495; baseline -0.002 -21"><span class='ocrx_word' id='word_1_261' title='bbox 220 4419 337 4474; x_wconf 84' lang='lat' dir='ltr'>natore</span> <span class='ocrx_word' id='word_1_262' title='bbox 362 4409 508 4493; x_wconf 91' lang='lat' dir='ltr'>benigue</span> <span class='ocrx_word' id='word_1_263' title='bbox 534 4412 757 4494; x_wconf 85' lang='lat' dir='ltr'>prospiceret;</span> <span class='ocrx_word' id='word_1_264' title='bbox 782 4407 1000 4495; x_wconf 85' lang='lat' dir='ltr'>ejusdemque</span> <span class='ocrx_word' id='word_1_265' title='bbox 1025 4410 1133 4474; x_wconf 83' lang='lat' dir='ltr'>fasces</span> <span class='ocrx_word' id='word_1_266' title='bbox 1157 4419 1192 4473; x_wconf 91' lang='lat' dir='ltr'>et</span> <span class='ocrx_word' id='word_1_267' title='bbox 1215 4409 1447 4494; x_wconf 90' lang='lat' dir='ltr'>gubernacula</span> <span class='ocrx_word' id='word_1_268' title='bbox 1471 4433 1510 4473; x_wconf 84' lang='lat' dir='ltr'>ex</span> 
     </span>
    </p>
   </div>
   <div class='ocr_carea' id='block_1_3' title="bbox 219 4515 1512 4707">
    <p class='ocr_par' dir='ltr' id='par_1_6' title="bbox 219 4515 1512 4707">
     <span class='ocr_line' id='line_1_35' title="bbox 220 4515 1511 4601; baseline -0.002 -21"><span class='ocrx_word' id='word_1_269' title='bbox 220 4516 386 4600; x_wconf 83' lang='lat' dir='ltr'>singulari</span> <span class='ocrx_word' id='word_1_270' title='bbox 419 4537 479 4580; x_wconf 92' lang='lat' dir='ltr'>suo</span> <span class='ocrx_word' id='word_1_271' title='bbox 512 4525 546 4581; x_wconf 85' lang='lat' dir='ltr'>et</span> <span class='ocrx_word' id='word_1_272' title='bbox 580 4515 732 4580; x_wconf 85' lang='lat' dir='ltr'>fraterno</span> <span class='ocrx_word' id='word_1_273' title='bbox 765 4537 846 4600; x_wconf 85' lang='lat' dir='ltr'>erga</span> <span class='ocrx_word' id='word_1_274' title='bbox 870 4539 930 4580; x_wconf 89' lang='lat' dir='ltr'>uos</span> <span class='ocrx_word' id='word_1_275' title='bbox 955 4539 1067 4581; x_wconf 87' lang='lat' dir='ltr'>amore</span> <span class='ocrx_word' id='word_1_276' title='bbox 1101 4517 1144 4581; x_wconf 88' lang='lat' dir='ltr'>ad</span> <span class='ocrx_word' id='word_1_277' title='bbox 1174 4517 1355 4581; x_wconf 87' lang='lat' dir='ltr'>demissam</span> <span class='ocrx_word' id='word_1_278' title='bbox 1379 4538 1511 4601; x_wconf 84' lang='lat' dir='ltr'>quoque</span> 
     </span>
     <span class='ocr_line' id='line_1_36' title="bbox 219 4622 1512 4707; baseline 0 -19"><span class='ocrx_word' id='word_1_279' title='bbox 219 4632 372 4688; x_wconf 88' lang='lat' dir='ltr'>statuum</span> <span class='ocrx_word' id='word_1_280' title='bbox 395 4631 430 4687; x_wconf 88' lang='lat' dir='ltr'>et</span> <span class='ocrx_word' id='word_1_281' title='bbox 454 4623 613 4688; x_wconf 88' lang='lat' dir='ltr'>ordinum</span> <span class='ocrx_word' id='word_1_282' title='bbox 637 4625 722 4688; x_wconf 88' lang='lat' dir='ltr'>dicti</span> <span class='ocrx_word' id='word_1_283' title='bbox 748 4627 845 4707; x_wconf 87' lang='lat' dir='ltr'>regni</span> <span class='ocrx_word' id='word_1_284' title='bbox 870 4625 1069 4707; x_wconf 88' lang='lat' dir='ltr'>Huugariae</span> <span class='ocrx_word' id='word_1_285' title='bbox 1086 4627 1288 4688; x_wconf 87' lang='lat' dir='ltr'>instantiam</span> <span class='ocrx_word' id='word_1_286' title='bbox 1311 4644 1380 4688; x_wconf 90' lang='lat' dir='ltr'>non</span> <span class='ocrx_word' id='word_1_287' title='bbox 1402 4622 1512 4688; x_wconf 89' lang='lat' dir='ltr'>solum</span> 
     </span>
    </p>
   </div>
   <div class='ocr_carea' id='block_1_4' title="bbox 0 0 1576 5218">
    <p class='ocr_par' dir='ltr' id='par_1_7' title="bbox 0 0 1576 5218">
     <span class='ocr_line' id='line_1_37' title="bbox 0 0 1576 5218; baseline 0 0"><span class='ocrx_word' id='word_1_288' title='bbox 0 0 1576 5218; x_wconf 95' lang='lat' dir='ltr'> </span> 
     </span>
    </p>
   </div>
  </div>
 </body>
</html>
