3182 5210
211 345 276 410 262

211 544 302 607 latus
326 563 451 626 eornm,
475 565 559 628 quos
583 542 721 626 habent,
755 546 790 608 in
825 547 995 626 praesenti
1019 543 1295 630 Congregatione
1326 544 1511 628 deponent,

211 651 435 735 manibusque
459 659 493 714 et
518 649 745 734 Dispositioni
768 673 807 714 ac
831 651 1080 716 Distributioni
1110 652 1257 716 aliorum
1281 651 1509 718 Dominorum

211 769 245 822 et
269 759 515 842 Praelatorum,
539 759 714 823 Baronum
737 765 771 822 et
795 759 1065 844 Regnicolarum
1092 759 1199 824 libere
1219 768 1254 824 et
1277 763 1350 824 sine
1373 769 1510 825 contra-

211 868 362 932 dictione
386 869 605 931 committent
629 873 663 929 et
687 867 920 951 assignabunt.

319 973 395 1038 Art.
419 973 478 1037 IV.
503 973 602 1050 Quod
626 975 786 1038 universe
810 973 886 1056 alia,
910 996 996 1059 quae
1021 977 1057 1037 in
1090 973 1154 1037 hac
1187 976 1413 1038 conventione
1447 997 1511 1058 pro

213 1104 302 1165 paca
341 1081 495 1144 utilitate
529 1089 563 1143 et
597 1081 772 1144 commodo
806 1081 920 1165 Regni
952 1087 1160 1162 statuentur,
1184 1081 1440 1146 concludentur.
1474 1092 1510 1145 et

212 1189 445 1272 disponentur,
469 1187 616 1252 firmiter
639 1187 881 1268 observabunt,
905 1192 941 1252 in
965 1189 1154 1274 iisdemque
1179 1191 1434 1272 persistentes
1460 1192 1511 1254 eis

212 1299 373 1362 obedient
397 1307 431 1361 et
456 1297 634 1380 parebunt.

319 1407 428 1471 Artic.
453 1407 493 1469 V.
518 1406 616 1482 Quod
640 1425 756 1468 omnes
780 1411 958 1488 tractatus,
982 1404 1298 1469 confoederationes
1317 1413 1352 1469 et
1368 1406 1512 1470 vincula

212 1516 303 1577 inter
326 1535 545 1598 quoscunque
569 1513 754 1594 Praelatos,
777 1512 928 1576 Berones
952 1519 987 1576 et
1010 1511 1217 1596 Regnicolas
1241 1515 1278 1576 in
1301 1513 1511 1577 alterutrum

212 1630 247 1684 et
280 1627 399 1684 mutuo
432 1618 499 1683 fide
533 1619 706 1682 mediante
738 1619 795 1682 vel
833 1619 935 1682 aliter
976 1619 1281 1704 quomodocunque
1322 1618 1433 1682 fectae
1475 1629 1510 1682 et

212 1729 398 1810 ordinatae,
421 1748 507 1812 quae
532 1726 663 1789 scilicet
687 1725 877 1789 utilitatem
901 1725 1016 1810 Regni
1048 1735 1083 1789 et
1115 1725 1341 1808 Reipublicae
1364 1729 1513 1809 impedi-

212 1843 298 1916 rent,
321 1857 444 1917 cassae,
467 1833 665 1898 annullatae
698 1841 732 1897 et
757 1836 874 1897 inanes
906 1833 1100 1898 habeantur
1131 1846 1235 1918 atque
1269 1835 1335 1917 ipsi
1367 1833 1514 1898 Domini

212 1942 365 2007 Praelati
388 1949 423 2004 et
447 1941 599 2004 Barones
622 1943 660 2004 in
683 1940 841 2004 omnibus
871 1961 930 2022 pro
964 1939 1118 2004 utilitate
1151 1940 1275 2025 Regni,
1307 1941 1513 2026 Begnicolis

213 2053 375 2114 assistent
400 2058 435 2113 et
459 2056 578 2113 contra
601 2070 727 2128 omnes,
751 2048 891 2112 Statuta
917 2055 950 2111 et
976 2048 1218 2112 Ordinationes
1246 2049 1361 2134 Regni
1385 2049 1514 2114 infrin-

212 2166 333 2242 gentes
357 2159 538 2241 insurgent
562 2162 636 2219 toto
657 2153 760 2238 juxta
785 2177 888 2238 posse.

322 2264 455 2342 Quibus
478 2264 617 2348 quidem
646 2263 802 2326 articulis
826 2263 926 2326 modo
953 2265 1136 2346 praemisso
1160 2266 1313 2328 inventis
1336 2273 1370 2328 et
1395 2265 1513 2329 confe-

215 2376 289 2456 ctis,
313 2373 356 2436 ad
381 2380 611 2457 contentaque
644 2372 829 2434 eorundem
862 2370 1074 2434 observanda
1108 2371 1253 2455 singulis
1286 2373 1515 2456 singulariter

214 2491 286 2545 tam
310 2481 442 2544 scilicet
465 2478 661 2561 maioribus,
685 2499 787 2563 quam
810 2478 1000 2542 minoribus
1033 2481 1069 2542 in
1094 2475 1204 2542 forma
1236 2479 1279 2543 ad
1312 2479 1395 2543 haec
1420 2481 1514 2544 ordi-

213 2597 305 2671 nata,
325 2586 460 2670 juratis,
484 2587 639 2650 unanimi
663 2593 697 2649 et
723 2587 796 2668 pari
821 2588 974 2650 omnium
997 2594 1079 2650 voto
1103 2593 1138 2649 et
1162 2606 1327 2650 consensu
1343 2609 1404 2650 nos
1428 2587 1514 2652 licet

214 2698 404 2762 immeritos
436 2694 479 2757 ad
519 2714 605 2756 onus
636 2692 832 2756 huiusmodi
859 2692 1108 2757 Gubenratoris
1141 2693 1317 2778 elegerint,
1350 2695 1515 2780 idemque

214 2806 367 2869 humeris
390 2803 517 2866 nostris
541 2803 753 2882 imposerunt
776 2801 1012 2882 exercendum,
1045 2823 1190 2888 cumque
1214 2804 1371 2886 quamvis
1395 2805 1515 2882 inviti,

210 2911 408 2996 juramento
433 2915 558 2986 tamen,
582 2907 692 2988 mod0,
716 2927 782 2991 quo
815 2929 917 2990 supra
951 2909 1123 2990 praestit0,
1157 2908 1324 2989 adstricti,
1357 2907 1515 2996 effugere

214 3042 283 3084 non
321 3017 488 3096 valentes,
526 3017 625 3078 iuxta
663 3017 754 3078 vires
787 3021 921 3078 nostras
954 3025 1113 3097 paratum
1145 3017 1318 3079 serviendi
1356 3019 1513 3083 animum

214 3126 465 3206 obtulissemus,
490 3125 579 3186 sicut
603 3124 687 3204 ipsis
711 3121 868 3186 Dominis
891 3123 1060 3186 Praelatis
1084 3130 1119 3186 et
1143 3123 1336 3187 Beronibus
1361 3123 1516 3207 placuit3

214 3236 441 3300 voluissemus
464 3239 499 3295 et
523 3231 710 3294 limitatam
734 3230 970 3294 habuissemus
993 3234 1086 3294 viam
1110 3241 1143 3294 et
1169 3233 1317 3298 modum.
1333 3231 1460 3318 quibus
1477 3243 1517 3298 et

214 3341 368 3407 officium
391 3339 641 3404 Gubernatoris
674 3338 870 3402 huiusmodi
894 3347 929 3402 et
953 3339 1109 3403 debitum
1133 3341 1294 3422 eiusdem,
1326 3341 1517 3426 Regniqne

214 3451 316 3514 huius
341 3449 523 3511 tuitionem
547 3467 781 3510 exerceremus
805 3454 840 3509 et
864 3449 969 3509 ctiam
998 3467 1065 3510 non
1098 3448 1337 3511 excederemus
1360 3448 1516 3530 modum,

215 3579 281 3642 quo
322 3556 378 3620 vel
412 3558 448 3618 in
480 3556 622 3618 minimo
661 3562 779 3616 contra
820 3557 1064 3636 praestitutum
1102 3553 1338 3620 Iuramentum
1378 3552 1517 3620 laxasse

214 3686 355 3728 manum
378 3682 601 3725 cerneremur.

323 3772 539 3852 Quapropter
577 3769 682 3832 iidem
720 3767 860 3832 Domini
907 3765 1068 3848 Praelati,
1107 3767 1257 3832 Berones
1295 3775 1329 3831 et
1368 3767 1519 3834 Nobiles

216 3880 368 3943 universi
393 3885 468 3961 post
493 3883 663 3940 maturam
696 3876 879 3958 superinde
913 3875 1040 3938 factam
1069 3875 1361 3939 Deliberationem
1384 3878 1517 3939 articu-

215 3989 265 4051 los
304 3985 542 4068 infrascriptos
574 3984 818 4048 limitationem
852 3987 996 4067 petitam
1029 3985 1065 4046 in
1099 4005 1133 4046 se
1166 3986 1381 4047 continentes
1412 3984 1519 4049 nobis

219 4099 487 4178 praesentarunt,
511 4092 598 4156 hanc
623 4095 745 4155 seriem
769 4091 944 4155 verbalem
967 4092 1005 4153 in
1029 4112 1063 4152 se
1088 4092 1339 4154 continentem:

323 4201 432 4264 Artic.
457 4200 515 4264 VI.
539 4199 759 4264 Gubenrator
783 4199 961 4283 eligendus
994 4197 1135 4262 habebit
1169 4205 1303 4261 tantam
1326 4200 1519 4262 auctorita-

217 4318 294 4390 tem,
319 4331 422 4392 quam
445 4308 587 4372 haberet
612 4307 723 4390 Regia
747 4308 919 4373 Maiestas,
943 4307 1069 4388 (lenite,
1093 4305 1184 4390 quod
1209 4307 1409 4369 donationes
1437 4329 1518 4390 per-

217 4415 370 4498 petuales
396 4417 644 4497 possessionum
668 4413 779 4478 facere
804 4435 872 4478 non
898 4422 1009 4497 posset
1027 4415 1119 4478 ultra
1139 4413 1382 4477 limitationem
1406 4411 1518 4476 infra-

217 4524 389 4604 scriptam,
414 4545 476 4585 nec
501 4525 606 4584 etiam
630 4524 825 4605 quempiam
859 4523 931 4584 sine¹
964 4523 1062 4589 scitu.
1091 4519 1299 4604 consilioque
1332 4529 1367 4584 et
1400 4523 1519 4604 requi-

217 4629 341 4692 sitione
372 4629 640 4712 Begnicolanrm
679 4637 760 4691 nota
793 4627 1010 4691 infidelitatis
1051 4625 1267 4708 proscribere,
1306 4648 1367 4690 nec
1406 4628 1517 4690 etiarn
