3182 5210
211 367 278 430 218

212 565 349 628 1111111116
382 563 517 628 casibus
550 573 585 628 et
617 561 724 644 varijs
758 565 992 646 person(arum
1026 562 1186 646 periculis
1220 560 1365 640 summa)
1399 559 1513 624 fideli-

211 681 283 736 tate
317 672 400 736 fulti
432 673 602 755 intrepide
641 669 876 736 submittendo
916 677 1050 735 nostrae
1090 671 1263 734 maiestati
1302 668 1513 731 studuerunt

212 780 420 862 complacere
453 788 489 844 61
522 803 557 843 se
590 779 731 843 reddere
754 782 875 863 utique
898 781 1066 862 gratiosos
1090 787 1124 840 et
1147 782 1312 860 acceptos.
1346 775 1513 840 Volentes

212 896 294 952 voto
328 891 480 971 ipsorum
512 892 666 973 graciose
699 908 875 951 occurrere
908 893 943 950 et
975 907 1092 950 eorum
1125 884 1378 968 beneplacitum
1402 886 1513 948 adim-

213 995 312 1076 plere
331 1002 371 1059 ut
395 999 485 1078 ipsos
508 997 551 1060 ad
576 995 701 1059 similia
725 993 905 1059 fidelitatis
930 1016 1031 1076 opera
1055 993 1243 1058 exercenda
1267 993 1392 1056 devota
1417 1015 1512 1055 men-

230 1105 292 1184 lte
317 1107 508 1184 incitemus
533 1101 703 1186 predictas
726 1103 844 1166 literas
877 1105 984 1185 ipsius
1018 1103 1148 1166 domini
1180 1101 1318 1166 Andree
1352 1103 1443 1183 regis
1476 1111 1513 1162 et

213 1212 457 1294 predecessoris
488 1213 597 1274 nostri
629 1211 802 1275 karissimi
834 1231 936 1274 aurea
968 1208 1076 1292 bul(la
1109 1231 1169 1272 sua
1193 1207 1392 1290 robo)ratas,
1416 1211 1512 1272 omni

213 1321 349 1402 penitus
380 1321 570 1402 suspitione
609 1326 762 1382 carentes
795 1341 834 1381 ac
866 1337 973 1400 veros,
1012 1317 1056 1381 ad
1088 1316 1234 1382 verbnm
1273 1315 1512 1398 praesentibus

214 1429 360 1490 insertas
376 1431 592 1508 acceptantes
608 1423 818 1489 ratificantes
836 1433 872 1488 et
887 1422 1116 1507 approbantes
1131 1423 1233 1488 simul
1250 1445 1329 1487 cum
1352 1421 1513 1486 omnibus

211 1533 432 1599 libertatibus
465 1535 502 1596 in
534 1533 662 1596 eisdem
694 1535 870 1615 expressis,
907 1539 1049 1614 excepto
1083 1531 1295 1596 solummodo
1327 1551 1395 1593 uno
1428 1532 1513 1592 arti-

213 1641 289 1706 culo
313 1641 413 1706 modo
438 1646 638 1724 praenotato
662 1640 704 1702 de
727 1639 846 1704 ecdem
870 1638 1052 1723 privilegio
1085 1637 1231 1711 excluse,
1264 1659 1303 1700 eo
1336 1636 1512 1700 videlicet.

212 1749 302 1834 quod
327 1747 459 1812 nobiles
481 1748 636 1810 homines
657 1747 660 1827 Ι
683 1749 755 1810 sine
777 1746 923 1810 haerede
948 1747 1174 1811 decendentes
1200 1745 1276 1824 (sic)
1311 1747 1442 1828 possint
1475 1753 1512 1808 et

212 1863 340 1938 queant
356 1853 507 1919 ecclesiis
530 1854 587 1917 vel
610 1853 687 1918 aliis
710 1853 836 1939 quibus
859 1853 983 1919 volunt
1006 1857 1043 1917 in
1065 1857 1140 1921 vita
1163 1853 1220 1916 vel
1245 1856 1282 1916 in
1299 1859 1408 1916 morte
1427 1849 1511 1914 dare

213 1961 270 2026 vel
293 1961 408 2045 legare
441 1963 664 2042 possessiones
688 1981 813 2043 eorum,
836 1960 986 2024 vendere
1009 1959 1066 2024 vel
1090 1960 1247 2042 alienare,
1271 1981 1351 2044 ymo
1375 1959 1418 2023 ad
1443 1961 1513 2021 ista

217 2068 366 2132 faciendi
389 2067 525 2130 nullum
549 2070 683 2150 penitus
707 2067 857 2131 habeant
881 2066 1090 2132 facultatem.
1120 2067 1186 2132 Sed
1204 2069 1241 2130 in
1257 2065 1381 2128 fratres
1398 2067 1514 2147 proxi-

213 2197 286 2239 mos
320 2183 356 2238 et
388 2177 626 2258 generationes
658 2177 809 2257 ipsorum
843 2177 1068 2257 possessiones
1101 2174 1287 2238 eorundem
1311 2174 1352 2237 de
1377 2177 1451 2236 iure
1476 2181 1513 2235 et

215 2283 380 2366 legitime,
405 2303 486 2364 pure
511 2289 545 2344 et
569 2281 772 2363 simpliciter
805 2280 933 2366 absque
949 2281 1220 2345 contradictione
1236 2279 1379 2364 aliquali
1395 2279 1514 2344 devol-

212 2394 348 2453 vantur.
373 2387 422 2452 Ut
437 2394 537 2450 tenor
552 2391 705 2452 continet
723 2387 896 2472 privilegii
917 2389 921 2468 1
943 2389 1077 2452 Bullati
1092 2387 1233 2452 Domini
1248 2386 1387 2451 Andree
1402 2386 1514 2471 Regis

213 2495 403 2578 supradicti
427 2493 666 2558 confirmantes
691 2503 725 2558 et
748 2495 883 2558 easdem
907 2495 1085 2560 libertates
1102 2495 1143 2558 de
1159 2493 1375 2576 beneplacita
1390 2494 1514 2558 voluu-

214 2611 286 2666 tate
303 2605 516 2666 serenissime
533 2605 733 2684 principissa
750 2601 886 2665 domine
902 2602 1097 2687 Elyzabeth
1113 2603 1232 2666 eadem
1246 2604 1360 2685 gratia
1376 2601 1514 2686 Regina

213 2711 393 2794 Hungarie
425 2711 603 2794 genitricis
636 2716 751 2774 nostre
784 2710 963 2774 karissime
995 2733 1034 2774 ac
1076 2711 1118 2774 de
1156 2709 1286 2774 auxilio
1325 2710 1514 2773 eorundem

213 2817 380 2882 baronum
411 2822 607 2880 nostrorum
638 2839 681 2881 ex
714 2820 806 2901 regie
840 2815 1066 2902 benignitatis
1098 2816 1280 2880 clementia
1303 2817 1514 2898 innovando,

214 2928 303 3008 ipsos
327 2927 364 2987 in
388 2924 516 2987 eisdem
541 2923 776 3006 perhempnali
799 2928 1030 2990 commisimus
1063 2923 1230 2988 fruituros
1263 2931 1298 2988 et
1321 2927 1513 3008 gavisuros.

213 3032 358 3115 Insuper
400 3053 460 3114 pro
493 3031 726 3116 tranquilliori
766 3039 861 3096 statu
903 3041 937 3096 et
972 3032 1111 3115 pacifico
1145 3033 1286 3098 comodo
1324 3032 1515 3095 eorundem

213 3141 292 3224 Reg
311 3141 315 3220 1
337 3139 527 3203 nicolarum
549 3145 753 3223 nostrorum,
773 3141 815 3204 de
834 3140 1014 3205 voluntate
1031 3141 1184 3204 eiusdem
1199 3142 1378 3224 genitricis
1394 3149 1515 3201 nostre

213 3254 250 3310 et
282 3246 423 3310 consilio
447 3247 633 3311 eorundem
656 3247 823 3312 baronum
855 3255 1059 3329 nostrorum,
1088 3250 1171 3330 ipsis
1194 3269 1236 3310 ex
1262 3245 1363 3310 solita
1387 3244 1514 3308 libera-

213 3355 313 3418 litate
337 3355 534 3418 huiusmodi
557 3353 735 3418 libertates
758 3354 995 3437 infrascriptos
1020 3377 1121 3436 super
1146 3354 1331 3435 ad(d)endo
1347 3354 1515 3416 duximus

214 3461 454 3526 ‹toncedendas

322 3569 348 3633 Ι.
388 3569 486 3645 Quod
528 3571 558 3631 si
599 3568 722 3650 prelati
763 3566 820 3632 vel
840 3571 843 3648 1
866 3569 974 3653 aliqui
1015 3571 1085 3631 viri
1126 3567 1349 3632 ecclesiastici
1392 3577 1515 3632 contra

214 3677 347 3742 nobiles
370 3679 469 3760 regni
493 3678 602 3739 nostri
626 3679 662 3738 iu
686 3675 801 3760 aliqua
825 3697 927 3739 causa
960 3678 996 3738 in
1021 3678 1193 3758 presencia
1217 3674 1362 3738 alicuius
1387 3676 1515 3739 iudicis

218 3788 317 3869 regni
340 3787 450 3848 nostri
474 3787 699 3866 processerint
724 3791 758 3847 et
782 3783 880 3847 litem
903 3782 1097 3865 habuerint,
1121 3791 1204 3846 tunc
1229 3804 1289 3865 pro
1318 3805 1419 3846 causa
1452 3805 1515 3865 pro

215 3914 283 3976 qua
306 3895 431 3976 agitur,
455 3891 517 3955 lite
542 3891 720 3973 pendente,
744 3891 969 3955 interdictum
992 3895 1029 3954 in
1053 3912 1108 3954 eos
1129 3891 1132 3971 1
1156 3911 1279 3973 ponere
1303 3890 1359 3954 vel
1392 3899 1515 3954 contra

215 4001 305 4081 ipsos
343 4001 553 4063 sentenciam
592 4000 956 4062 excommunicacionis
1005 4019 1073 4061 non
1113 4000 1243 4080 possint
1284 3998 1514 4082 promulgare,

216 4113 306 4172 sicut
328 4106 495 4170 hactenus
518 4108 572 4169 usi
596 4113 677 4168 sunt
700 4112 735 4168 et
759 4109 921 4187 consueti,
945 4104 1073 4189 absque
1097 4109 1186 4169 scitu
1206 4113 1241 4168 et
1257 4108 1386 4169 noticia
1401 4105 1515 4190 Regia

216 4219 414 4296 maiestatis
438 4223 473 4278 et
507 4218 535 4277 si
568 4213 673 4277 iidem
695 4217 763 4277 viri
786 4214 1007 4278 ecclesiastici
1031 4237 1091 4278 seu
1115 4215 1238 4297 prelati
1262 4217 1402 4278 tramite
1426 4217 1515 4279 iuris

215 4323 405 4401 observato,
438 4326 475 4385 in
507 4322 653 4385 alicuius
684 4321 789 4405 Regii
822 4323 945 4385 iudicis
980 4325 1154 4405 presencia
1187 4323 1229 4386 de
1262 4325 1336 4386 iure
1360 4327 1517 4386 convicti

216 4431 355 4513 l'uerint,
379 4439 461 4494 tunc
495 4434 531 4493 in
564 4430 705 4494 eandem
738 4433 950 4513 gravaminis
982 4452 1113 4513 penam,
1143 4451 1210 4514 quo
1243 4451 1360 4494 eorum
1391 4431 1516 4494 adver-

215 4540 313 4602 sariis
347 4537 573 4604 intendebant
605 4537 770 4601 honerare
803 4559 862 4600 seu
895 4559 1093 4621 aggravare,
1116 4537 1272 4600 incidant
1303 4535 1307 4614 1
1336 4559 1374 4601 eo
1411 4536 1515 4602 facte.

324 4643 369 4708 H.
386 4645 458 4708 Nec
477 4667 534 4727 pro
551 4645 672 4712 sunere
689 4644 867 4708 hominurn
884 4667 943 4725 per
959 4643 1108 4728 aliquem
1118 4643 1174 4706 vel
1186 4643 1318 4728 aliquos
1329 4647 1517 4728 interemp-
