3182 5210
205 355 271 417 216

203 555 419 646 Nevezetes‚
448 558 550 652 hogy
578 582 599 627 a
628 559 903 650 torvdnyhozas
940 559 1110 653 tdnyezdi
1150 560 1240 630 kdzt
1269 583 1310 630 az
1339 559 1499 654 egyhdzi
1583 543 1586 608 3

203 683 297 753 rend
337 683 432 778 epen
470 707 555 755 nem
594 681 812 756 emlittetik.
849 685 886 756 A
926 681 1070 778 Corpus
1100 683 1208 756 Juris
1236 683 1408 756 kiadasai
1437 685 1501 755 be-
1585 689 1586 776 j

204 805 377 900 iktatjdk
414 833 543 903 ugyan
582 834 603 878 a
640 807 931 901 praelatusokat
968 809 1010 896 is,
1047 811 1095 880 de
1132 833 1171 880 ez
1210 811 1301 882 ceak
1339 810 1499 882 kesdbbi
1585 793 1586 800 ἵ

205 931 454 1004 hozza'toldas.
1585 909 1586 912 ‘

313 1057 429 1154 Maga
450 1085 469 1130 a
491 1059 704 1152 torvenyek
724 1061 964 1156 szdvegezese
984 1087 1026 1131 aa
1046 1033 1235 1156 drpadok
1250 1059 1292 1154 jd
1311 1061 1503 1134 tradititii-

205 1185 283 1255 nak
311 1183 397 1256 felel
425 1209 513 1280 meg
541 1185 809 1280 rovidsegevel,
838 1186 1222 1282 hatarozottsdgaval.
1261 1183 1361 1258 Osak
1389 1212 1411 1257 a
1440 1187 1502 1259 be-

205 1311 351 1382 vezetes
388 1311 664 1407 terjengdsebb,
702 1311 791 1384 ekes
830 1311 1037 1384 szavakkal
1074 1313 1221 1386 festvdn
1250 1338 1272 1382 a
1300 1312 1428 1405 kirtly
1444 1371 1445 1380 ,
1461 1313 1501 1384 de
1586 1351 1587 1354 ¹

204 1434 366 1506 nemesei
404 1434 509 1506 kdzti
543 1435 724 1530 visconyt.
753 1439 893 1532 melyet
922 1438 1133 1511 kiildndsen
1161 1465 1203 1510 az
1232 1437 1501 1510 utobbiaknak

205 1583 226 1628 a
273 1559 427 1654 napolyi
474 1561 727 1634 hdborrikban
773 1565 904 1636 hozott
949 1565 1137 1636 aldozatai
1175 1563 1300 1637 tettek
1339 1563 1502 1655 annyira

206 1685 367 1756 bensdvo'
397 1686 435 1757 es
464 1687 663 1759 dszinteve.

312 1809 415 1884 Most
452 1813 536 1884 meir
572 1815 750 1908 nagyobb
788 1815 931 1910 goudot
971 1813 1191 1885 sorditanak
1229 1839 1250 1882 a
1288 1812 1502 1906 torvenyek

205 1935 498 2030 publicatidjara
526 1937 565 2009 ds
594 1939 861 2032 terjesztesere.
901 1921 951 2011 (lt
980 1939 1145 2034 poldany
1182 1939 1334 2010 maradt
1371 1938 1503 2015 reank,

205 2061 353 2134 koztiik
385 2063 518 2135 haiom
556 2065 721 2159 megyee.
760 2063 903 2162 Sospes,
941 2065 1069 2152 Bihar‚
1107 2064 1262 2158 Beregd
1299 2063 1449 2154 melyek
1479 2089 1503 2133 a

206 2187 377 2261 Nemzeti
416 2187 671 2262 Mdzeumban
709 2192 933 2264 driztetnek.
962 2189 1198 2264 Kiadasunk.
1228 2189 1318 2260 ezek
1346 2187 1504 2260 felbasz-

204 2311 408 2400 nalasa'val,
437 2337 479 2383 az
504 2315 679 2408 orszagos
698 2315 936 2389 levdltarban
957 2319 1072 2388 4239.
1092 2315 1192 2386 snam
1213 2313 1309 2384 alatt
1329 2313 1503 2408 meglevd

205 2438 420 2532 peldanyon
450 2439 587 2533 olnpnl,
616 2439 794 2530 melynek
823 2441 941 2512 sorait
968 2440 1001 2510 is
1029 2437 1292 2530 feltiintenjiik.

314 2707 507 2770 Lodovious
541 2707 597 2771 dei
629 2711 742 2792 gratia
775 2708 963 2792 Hungarie.
996 2706 1178 2774 Dalmatia.
1206 2704 1355 2784 Oroacie,
1379 2705 1503 2769 Reme.

206 2813 333 2894 Servio,
357 2813 512 2898 Gallicis,
536 2816 738 2882 Lodomerie
771 2815 937 2880 Cumanie
970 2813 1202 2899 Bulgarieque
1235 2835 1303 2895 rex,
1341 2815 1502 2896 princeps

207 2919 455 2985 Sallornitanus
480 2929 515 2984 et
539 2921 677 2986 honoris
701 2921 830 2986 Montis
854 2921 972 2986 Sancti
997 2919 1124 3004 Angeli
1148 2919 1315 2984 dominus.
1332 2918 1503 2984 Omnibus

206 3027 337 3092 Ohristi
377 3026 536 3091 fidelibus
577 3028 812 3112 praesentibus
859 3031 987 3110 pariter
1024 3035 1060 3090 et
1099 3025 1227 3090 futuris
1267 3029 1503 3109 praesencium

206 3137 366 3199 notitiam
399 3133 570 3199 habituris
604 3135 759 3198 Salutem
792 3137 828 3198 in
861 3155 899 3197 eo
932 3135 992 3216 qui
1024 3131 1180 3217 Regibus
1214 3133 1275 3196 dat
1307 3131 1368 3198 feli
1391 3132 1394 3212 1
1414 3135 1505 3197 citer

205 3265 347 3328 regnare
368 3251 402 3306 at
419 3245 601 3308 victoriose
618 3243 840 3332 triumphare.
857 3241 990 3306 Tronus
1007 3249 1040 3304 et
1059 3243 1215 3324 potencia
1231 3240 1372 3326 Regalis
1389 3241 1505 3324 digni-

206 3353 288 3414 tatis
304 3359 387 3416 tunc
404 3353 595 3416 dinoscitur
614 3351 775 3432 roborari,
799 3372 876 3414 cum
900 3348 1116 3413 subditorum
1141 3351 1251 3434 quieti
1270 3357 1305 3412 et
1321 3347 1505 3432 tranquili-

206 3461 272 3522 tati
314 3461 457 3543 provida
500 3461 804 3542 circumspectione-
848 3459 1056 3541 providetur.
1104 3457 1259 3542 Ipsisque
1302 3457 1408 3542 digno
1451 3479 1505 3519 re-

206 3570 456 3632 muneracionis
485 3567 605 3632 bravio
639 3571 676 3632 111
709 3564 930 3630 libertatibus
947 3564 1150 3656 ⁶largiendis
1174 3585 1253 3646 ymo
1293 3567 1400 3626 eciam
1443 3585 1505 3645 per

206 3674 291 3738 alios
323 3675 438 3759 Reges
472 3677 527 3759 pia
561 3675 836 3740 consideracione
870 3674 1041 3736 institutis
1074 3670 1298 3734 confovendis
1331 3693 1393 3734 uec
1432 3691 1503 3734 non

206 3781 447 3846 confirmandis
470 3783 474 3862 l
494 3781 684 3847 liberaliter
716 3781 950 3864 respondetur.
982 3780 1071 3844 Nam
1100 3779 1317 3843 observantia
1343 3777 1423 3842 fidei
1447 3781 1504 3842 sui

209 3889 346 3952 trahens
370 3893 538 3976 originem
562 3889 719 3954 debitum
743 3891 888 3953 racionis
912 3895 1034 3952 nature
1059 3887 1200 3971 legibue,
1226 3887 1360 3950 stabilis
1393 3909 1504 3968 perse-

206 4005 305 4059 veret
333 4020 410 4061 cum
435 3997 671 4061 benivolencia
696 3998 859 4079 principis
884 3999 920 4060 in
953 4016 1030 4059 suos
1054 4002 1198 4078 ostensa,
1231 3993 1420 4079 regnicolas
1453 3995 1503 4058 sic

207 4127 339 4188 semper
361 4105 525 4168 evalescit
558 4109 594 4169 in
627 4105 791 4184 subditos,
825 4111 863 4167 ut
897 4106 963 4166 nisi
996 4105 1069 4166 vite
1102 4102 1289 4166 suffocetur
1321 4099 1504 4185 igniculus

208 4216 243 4275 in
266 4213 414 4295 Corpore
439 4216 541 4296 vigor
562 4211 643 4275 fidoi
668 4233 736 4276 non
760 4211 926 4274 lentescit.
950 4209 1001 4272 Ea
1026 4217 1164 4292 propter
1186 4209 1228 4272 ad
1263 4213 1503 4274 universorum

207 4322 369 4383 noticiam
386 4320 507 4382 harum
525 4323 609 4382 serie
625 4318 784 4382 volumus
801 4339 903 4400 perve
926 4326 929 4394 4
950 4319 1032 4380 nire.
1049 4316 1148 4393 Quod
1165 4315 1338 4381 Beronum
1354 4333 1504 4378 necnon

209 4449 384 4510 procerum
408 4439 442 4492 et
468 4427 636 4492 nobilium
659 4428 774 4513 Regni
798 4431 907 4491 nostri
926 4433 1021 4490 cetus
1047 4433 1082 4489 et
1106 4425 1343 4490 universitatis
1359 4423 1503 4507 ydemp-

207 4539 290 4598 titas
324 4544 479 4598 nostrum
513 4539 645 4619 regium
679 4543 897 4617 conspectum
931 4533 1097 4614 adeundo,
1122 4529 1348 4596 fidelitatibus
1371 4533 1442 4594 suis
1466 4537 1502 4592 et

208 4641 359 4706 fidelium
381 4645 600 4707 servitiorum
627 4641 806 4724 praeclaris
831 4645 963 4706 meritis
989 4645 1024 4704 in
1047 4643 1180 4704 cunctis
1204 4641 1329 4702 nostris
1353 4640 1504 4721 stingui
