3124 5216
1299 348 1365 413 695

66 539 138 604 duo
172 561 214 604 ex
247 539 469 626 Magnetibus
502 549 537 607 et
570 542 708 607 demum
740 549 889 628 quatuor
916 564 958 606 ax
981 549 1076 608 statu
1097 543 1298 610 Nobilium¹
1323 566 1365 610 ax

63 645 228 710 omnibus
260 647 376 732 Regni
408 647 581 734 Partibus,
615 653 688 734 pari
713 672 791 714 cum
815 648 980 734 praefatis
1004 650 1143 734 Septem
1165 651 1259 716 Viris
1282 659 1364 715 voto

64 763 102 818 ct
127 755 260 820 Salaria
284 757 542 822 constituantur
564 763 599 822 et
621 757 665 822 ad
689 757 1025 823 administrationem
1047 756 1213 823 Justitiae
1230 757 1365 842 aequali

63 884 186 926 omnes
208 861 413 928 Juramanto
437 862 708 950 adstringantur.

176 971 205 1048 ξ.
216 971 245 1034 2.
258 965 469 1052 Hujusmodi
481 976 599 1036 autem
613 969 639 1036 J
639 971 765 1054 udices,
776 974 868 1036 intra
884 972 993 1036 tridui
1008 974 1167 1056 spatium,
1177 970 1241 1036 sub
1257 994 1364 1056 poena

62 1077 204 1141 Floren.
230 1077 302 1140 100.
326 1074 351 1141 J
352 1076 545 1142 'udiciorum
565 1077 788 1143 celebrationi
807 1079 924 1144 adesse
941 1087 1141 1162 teneantur,
1164 1081 1232 1143 nisi
1246 1081 1364 1165 gravis

63 1183 264 1266 infirmitaS,
295 1182 352 1248 vel
376 1183 488 1270 legale
520 1185 705 1270 quodpiam
736 1185 1027 1270 Impedimentum
1059 1187 1195 1251 eosdem
1217 1193 1364 1252 excuset.

175 1293 203 1371 ἓ.
228 1291 257 1354 3.
280 1291 426 1357 Praevio
452 1291 590 1358 demum
623 1293 725 1358 modo
758 1300 1002 1378 comparentes,
1034 1296 1136 1358 statis
1169 1293 1271 1377 horis,
1304 1314 1363 1378 pro

65 1401 297 1465 causantium
329 1401 571 1466 commoditate
605 1401 791 1484 considere,
823 1408 858 1466 et
890 1403 934 1466 ad
967 1404 1080 1466 minus
1103 1401 1264 1466 undecim
1286 1423 1365 1464 cunr

64 1509 231 1574 Praeside
255 1507 298 1572 ad
323 1505 504 1572 ferendum
527 1506 706 1573 Judicium
725 1511 888 1573 continuo
908 1515 1102 1592 praesentes
1119 1529 1191 1572 esse
1208 1506 1364 1572 debcant

167 1683 220 1750 De
247 1681 386 1750 Tubulo
410 1681 521 1772 Regia
544 1681 770 1767 Judicicriu;
794 1683 1020 1774 ejusdemque
1043 1684 1255 1753 Stabilitare.

176 1829 352 1896 Articulus
373 1833 426 1897 25.
457 1829 505 1894 Et
527 1832 686 1914 quamvis
713 1829 845 1896 Tabula
877 1832 989 1916 Regia
1021 1831 1221 1913 Judiciaria,
1255 1830 1363 1896 Sensu

63 1938 219 2004 Articuli
236 1939 288 2002 10.
304 1937 474 2003 Uladislai
497 1938 605 2022 Regis
628 1938 767 2002 Decreti
790 1938 832 2002 I.²
856 1947 890 2003 et
913 1937 1066 2003 Articuli
1087 1939 1138 2002 38.
1153 1937 1249 2002 Anni
1267 1937 1362 2001 1559.

61 2070 104 2110 ac
128 2045 275 2110 aliarum
299 2046 425 2128 passim
450 2047 659 2110 sancitorum
683 2045 825 2130 Legum,
849 2044 1080 2130 superioribus
1104 2067 1238 2130 quoque
1263 2044 1363 2110 Secu-

64 2154 118 2236 lis,
143 2173 204 2237 pro
229 2153 393 2216 continuo
417 2150 587 2216 celebrata
611 2149 742 2217 fuisset.

176 2257 204 2344 ᾗ.
229 2261 257 2326 1.
281 2261 409 2345 Magno
432 2261 656 2326 nihilominus
672 2263 906 2345 Oausantium,
921 2273 956 2328 et
972 2263 996 2328 J
997 2263 1154 2328 ustitiam
1170 2262 1361 2326 sitientium

63 2371 201 2451 damac,
233 2369 277 2432 ad
312 2375 405 2432 certa
437 2374 591 2450 tcmpcra
624 2367 783 2450 reducta;
816 2389 855 2431 ac
887 2368 944 2431 vel
982 2371 1130 2433 maxime
1168 2375 1362 2450 temporum

62 2478 202 2564 injuria,
226 2480 366 2545 Judicis
389 2480 583 2561 interrupta
607 2481 763 2542 extitisse
787 2481 1064 2562 comperirentur.

174 2583 203 2670 ξ.
227 2587 256 2650 2.
280 2587 348 2651 Pro
370 2585 517 2650 Justitia
540 2587 665 2668 itaqua,
689 2607 749 2669 per
772 2608 875 2670 quam
897 2587 1019 2670 Regna
1048 2582 1249 2664 subsistunt,
1283 2577 1364 2645 con?

61 2699 164 2760 tinuo
187 2693 478 2773 administranda;
502 2692 571 2757 Sua
594 2693 831 2757 sacratissima
850 2690 1013 2776 Majestas
1030 2690 1198 2757 Tabulam
1213 2689 1361 2772 Regiam

62 2805 294 2871 Judiciariam
318 2801 409 2882 (cum
433 2799 584 2884 plenaria
601 2801 787 2865 secundum
804 2801 1059 2885 Praescriptum
1074 2801 1212 2864 Patriae
1228 2798 1361 2881 Legum

58 2911 243 2996 judicandi
266 2908 446 2987 facultate)
470 2907 667 2989 confirmat;
690 2929 750 2972 suo
774 2911 811 2972 in
834 2910 962 2992 vigore,
985 2915 1020 2972 et
1048 2906 1251 2988 integritate
1284 2924 1361 2966 con-

62 3018 279 3084 servandam.

176 3123 204 3209 ξ.
229 3126 258 3189 3.
281 3123 333 3189 Ac
356 3145 425 3188 non
448 3125 515 3187 nisi
538 3123 658 3205 Feriis,
682 3129 718 3186 et
741 3122 929 3187 Juristitiis
945 3122 1102 3204 demptis,
1118 3126 1158 3184 ut
1176 3140 1235 3202 pro
1252 3119 1360 3182 conti-

62 3257 133 3299 nuo
158 3232 350 3312 consideat;
375 3228 681 3312 Causantibusque,
705 3249 774 3292 non
797 3227 956 3294 obstante
979 3227 1173 3312 aliquorum
1205 3224 1361 3308 legitima

61 3340 221 3406 absentia
245 3339 308 3419 (ita
331 3345 447 3401 tamen
469 3345 510 3400 ut
533 3336 577 3400 ad
601 3337 715 3399 minus
738 3336 872 3400 Novom
894 3336 919 3401 J
920 3336 1036 3400 udices
1063 3333 1250 3398 Tabularcs
1283 3353 1361 3396 cum

62 3447 227 3514 Praeside
250 3443 378 3523 adsint)
402 3443 468 3508 Jus
491 3447 526 3505 et
549 3441 732 3506 Justitiam
754 3441 990 3523 administret3
1014 3441 1232 3524 Juratosque,
1252 3438 1361 3507 Sensu

62 3552 216 3619 Articuli
254 3551 285 3614 8.
323 3548 492 3615 Uladislai
530 3547 669 3611 Decreti
706 3547 737 3611 4„
777 3569 837 3631 pro
875 3549 1073 3612 necessariis
1106 3545 1360 3612 Functionibus

62 3659 285 3739 adhibendos,
318 3655 450 3721 Tabula
482 3655 566 3719 haec
597 3654 709 3738 Regia
732 3653 910 3719 salariatos
934 3652 1077 3732 habeat3
1101 3659 1273 3718 statutum
1297 3659 1360 3718 cst.

63 3835 116 3904 Dc
142 3835 269 3904 Cauris
294 3831 343 3901 ud
370 3831 547 3900 Tubulum
572 3829 722 3920 Regiam
745 3829 986 3898 Judiciorium
1010 3832 1169 3919 spectare
1198 3826 1358 3895 debenti-

174 3941 262 4025 bus,·
285 3939 524 4027 iuridicisquc
547 3937 737 4022 Remediia
761 3942 793 4004 et
821 3937 987 4005 Termino
1011 3935 1251 4006 Euocationis.

174 4089 349 4154 Articulus
364 4089 418 4154 26.
433 4087 532 4150 Licet
548 4085 687 4170 quidem
707 4083 837 4149 Causae
852 4083 1075 4166 Articulares,
1092 4089 1127 4146 et
1143 4082 1226 4146 Pori
1236 4080 1361 4144 Extra

63 4197 239 4278 ordinarii,
272 4195 418 4259 Comitis
451 4193 621 4274 Palatini;
659 4189 867 4255 Defectuum
906 4193 991 4254 itam
1030 4190 1186 4271 Seminis,
1224 4186 1361 4251 Judicis

63 4305 189 4370 Curiae
212 4303 342 4386 Regiae
366 4301 505 4366 Judicio
529 4297 703 4382 subjectae
727 4295 882 4362 fuissent.

148 4455 150 4460 ’
175 4460 246 4513 ¹Az
267 4459 336 4512 1741
351 4475 357 4510 ι
371 4456 485 4511 XXIV.
506 4462 582 4510 t.-cz.
609 4472 624 4508 e
649 4453 763 4509 sztmot
788 4451 856 4524 mag
880 4451 1031 4526 ndgygyel
1057 4451 1272 4524 megtoldotta:
1302 4465 1359 4520 egy

64 4549 163 4619 fdpap,
181 4563 240 4619 egy
259 4545 327 4600 itur
346 4544 377 4600 ds
396 4544 448 4599 ket
466 4544 621 4599 nemessel.

174 4645 183 4674 ¹
204 4636 331 4690 1492-iki
351 4634 486 4706 tdrve'ny.
