3192 5214
191 332 255 400 156

189 527 392 596 favorabilis
414 549 483 594 non
508 527 640 610 fuisset,
664 527 730 611 ipsi
753 529 790 592 in
814 527 994 614 Hungeria
1023 549 1092 592 non
1124 528 1316 613 stetissent.¹
1343 525 1487 592 Auditis

68 703 71 713 ,
188 641 306 702 autem
328 636 409 701 hinc
433 636 513 702 inde
537 635 720 720 propositis
744 637 890 718 scriptor
922 634 1026 699 finem
1048 633 1152 698 huius
1174 635 1307 720 negotii
1329 653 1399 698 non
1423 635 1487 698 im-

134 812 138 818 ,
190 747 296 829 ponit,
312 744 428 828 lector,
445 745 475 808 si
490 742 614 828 valeat,
632 764 769 808 causam
792 745 956 808 terminet
980 743 1114 808 iustitia
1133 742 1315 806 mediante.
1335 741 1487 806 -Etsi

189 854 250 938 qui
272 853 385 936 ipsum
408 851 528 938 lingua
547 851 702 916 mordere
727 850 903 916 voluerint
917 851 1078 933 toxicata,
1094 851 1257 933 dicentes,
1273 849 1364 936 quod
1380 850 1487 914 inter-

190 957 375 1042 positiones
398 957 597 1023 huiusmodi
619 956 670 1022 nil
694 957 737 1022 ad
761 979 834 1021 rem
857 957 1078 1040 pertinerent,
1101 960 1137 1020 et
1160 953 1246 1020 bene
1264 961 1397 1039 poterat
1413 977 1487 1020 esse

190 1067 263 1131 sine
287 1065 374 1130 illis:
397 1088 467 1131 non
490 1073 542 1130 est
565 1086 695 1148 verum,
719 1065 800 1150 quia
828 1064 912 1130 haec
945 1063 1115 1129 discordia
1148 1065 1345 1146 potissimus
1378 1061 1487 1128 fomes

191 1172 269 1258 fuit,
293 1195 398 1260 quare
422 1173 603 1258 Hungaria
626 1175 676 1238 sic
698 1171 865 1236 velociter
888 1179 940 1238 est
964 1173 1148 1236 destructa,

302 1299 353 1364 14.
386 1295 439 1363 De
464 1295 609 1384 1111191111
631 1294 891 1384 Huupurorum
916 1294 1093 1383 opinione.

298 1405 373 1472 Alii
404 1427 486 1470 vero
518 1405 766 1491 quamplurimi
804 1403 1013 1488 fatebantur,
1052 1411 1092 1468 ut
1129 1401 1297 1468 haberent
1330 1403 1372 1468 de
1406 1425 1488 1488 rege

191 1516 370 1580 materiam
394 1513 611 1599 obloquendi,
634 1513 727 1598 quod
750 1511 895 1578 Comani
918 1515 1118 1578 societatem
1142 1513 1394 1576 contraxissent
1408 1533 1488 1577 cum

190 1622 404 1706 1111116116,10
419 1627 459 1685 ut
475 1621 578 1686 simul
594 1627 713 1686 contra
729 1621 923 1706 HungarOS,
940 1643 959 1684 a
979 1619 1104 1706 quibus
1127 1615 1238 1683 multa
1261 1617 1351 1682 mala
1375 1641 1489 1703 prece-

193 1736 314 1812 perant
338 1735 374 1792 et
397 1730 532 1812 saepius
556 1727 725 1792 destructi
749 1725 906 1808 fuissent,
930 1727 1143 1791 dimicarent.
1167 1723 1215 1790 Et
1244 1731 1383 1809 propter
1414 1725 1489 1809 hoc,

192 1835 268 1920 plus
284 1857 388 1920 quam
411 1858 471 1920 per
493 1857 630 1918 annum,
654 1855 711 1898 eos
735 1835 931 1918 praedictus
955 1834 1101 1898 Kuthen
1123 1853 1202 1897 cum
1218 1833 1288 1896 suis
1305 1855 1489 1916 praevene-

194 1951 257 2026 rat,
267 1952 307 2008 ut
317 1943 530 2007 conditiones
540 1949 652 2008 terrae
662 1942 888 2024 addiscerent,
898 1949 933 2006 et
943 1939 1099 2026 linguam
1110 1938 1239 2005 faceret
1248 1939 1315 2005 ribi
1330 1948 1489 2025 notam,¹1

193 2059 228 2116 et
261 2071 339 2115 cum
371 2051 554 2116 introitum
586 2050 724 2115 illorum
762 2049 961 2134 perciperet,
986 2068 1136 2134 pugnam
1168 2049 1336 2130 inciperet
1368 2055 1489 2114 contra

191 2181 316 2244 regem,
345 2165 380 2222 61
403 2159 452 2222 sic
476 2156 612 2222 facilius
635 2155 690 2220 1111
712 2163 847 2240 portam
869 2161 1007 2239 possent
1039 2153 1203 2237 obtinere,
1236 2161 1272 2218 et
1304 2151 1348 2219 ad
1381 2157 1490 2238 ipsius

191 2265 338 2330 Kuthen
369 2264 537 2330 auxilium
570 2262 743 2346 festinare,
776 2271 811 2327 et
843 2263 893 2326 ita
925 2264 1027 2327 citius
1059 2261 1212 2348 aliquam
1234 2269 1368 2346 partem
1390 2263 1491 2328 Hun-

190 2374 306 2458 gariae
323 2371 511 2455 devastare,
526 2371 708 2458 gaudendo
728 2377 764 2435 et
786 2371 974 2436 mordendo
991 2392 1115 2456 regem,
1132 2391 1192 2454 pro
1208 2390 1247 2434 eo
1264 2377 1303 2435 ut
1319 2369 1491 2436 Gomanos

192 2479 440 2562 introduxerat,
472 2487 511 2544 ut
545 2481 700 2563 superius
733 2485 786 2543 est
818 2499 1024 2561 expressum.
1063 2477 1112 2542 Et
1150 2479 1187 2540 in
1224 2477 1289 2542 hac
1328 2479 1490 2562 opinione

192 2576 437 2671 quamplurimi
460 2584 721 2651 concordabant.

249 2805 269 2833 ¹⁰
288 2795 426 2851 Irtshiba
445 2789 581 2852 Tartaris'
599 2797 726 2868 helyett,
743 2797 786 2849 mi
895 2793 976 2866 hogy
994 2811 1012 2848 a
1033 2753 1133 2848 krinoir
1160 2809 1230 2848 nem
1258 2791 1408 2850 beszdltek
1427 2811 1492 2848 ma-

192 2885 392 2940 6116161116ιό
413 2886 584 2941 mondatbdl
606 2886 737 2940 kitunik.
894 2883 1012 2956 gycriil.

251 2984 271 3012 ¹¹
289 2973 387 3030 Dontd
406 2975 579 3048 bizonyitek
598 2993 666 3030 arra
685 2974 786 3046 nezve,
