3182 5210
208 356 274 420 220

207 553 271 618 bus
306 563 492 636 proventus
521 557 649 638 viginti
693 575 884 620 marcarum
926 553 1133 620 facientibus
1172 556 1256 619 duos
1297 577 1427 622 marcas
1466 565 1505 621 et

207 663 353 744 scriptor
376 661 536 725 similiter
561 683 666 724 unum
695 661 865 726 tentonem
898 665 1047 744 recipere
1082 666 1211 744 possint
1236 662 1419 756 et'habere
1442 665 1446 742 l
1466 673 1504 728 et

207 772 257 832 sic
280 779 527 852 consequenter
543 771 639 832 iuxta
656 773 922 834 excrescentiam
940 773 1187 852 possessionum
1204 770 1246 832 de
1263 792 1352 835 novo
1369 775 1505 836 inveni-

206 876 380 968 endarum.

316 985 412 1049 VIII.
437 985 583 1050 Tributa
606 990 711 1050 etiam
735 991 864 1052 iniusta
887 1008 989 1068 super
1012 989 1114 1050 terris
1137 990 1236 1050 siccis
1260 996 1295 1050 et
1318 985 1434 1051 fluviis
1459 987 1505 1050 ab

118 1075 120 1080 ⁵
207 1091 298 1156 iufra
315 1092 602 1157 descendentibus
618 1103 653 1158 et
668 1117 769 1179 supra
787 1094 949 1159 euntibus
969 1116 1036 1158 non
1053 1097 1245 1178 exigantur.
1270 1094 1347 1158 Nisi
1367 1099 1404 1159 in
1422 1118 1505 1178 pon-

208 1199 301 1264 tibus
328 1211 362 1264 et
388 1203 537 1286 navigiis
557 1201 601 1266 ab
620 1203 712 1266 ultra
735 1201 994 1268 transeuntibus
1019 1201 1266 1284 persolvantur,
1291 1224 1369 1266 cum
1387 1207 1423 1267 in
1439 1207 1505 1268 eis-

207 1309 286 1371 dem
302 1308 432 1372 nobiles
449 1317 484 1372 et
502 1309 670 1393 ignobiles
687 1312 802 1395 Regni
819 1313 927 1375 nostri
944 1309 1053 1374 multo
1071 1317 1105 1373 et
1122 1313 1268 1374 nimium
1289 1313 1504 1394 percepimus

207 1421 398 1500 aggravari.

314 1523 378 1588 IX.
403 1525 565 1590 Getarum
589 1529 618 1590 si
641 1529 719 1610 quis
739 1526 863 1590 nobilis
879 1526 998 1588 ordine
1015 1525 1195 1588 iudiciario
1212 1523 1304 1588 facto
1321 1525 1505 1608 potentiali

208 1631 390 1696 succubitu
423 1634 469 1698 du
493 1633 496 1712 Ι
516 1633 575 1698 elli
600 1638 634 1698 in
660 1656 745 1716 pena
769 1633 970 1716 calumpnia,
994 1634 1177 1696 astecionis
1201 1629 1280 1694 falsi
1304 1634 1443 1696 termini
1468 1641 1505 1696 et

207 1739 405 1825 exibitionis
423 1739 587 1804 falsarum
603 1739 783 1805 literarum
798 1763 837 1804 ac
853 1742 1043 1804 sententiae
1060 1737 1505 1826 capitalisproquocunque

208 1847 300 1910 i'acto
334 1851 370 1911 in
404 1852 576 1930 presencia
601 1849 752 1913 Palatini
776 1856 811 1912 et
833 1847 963 1912 Iudicis
987 1845 1090 1910 Ourie
1119 1851 1233 1908 nostre
1267 1853 1327 1908 aut
1360 1845 1506 1910 alterius

207 1959 439 2040 cuiuscunque
464 1955 593 2020 Iudicis
620 1959 791 2038 presencia
815 1958 993 2020 convictus
1011 1951 1125 2022 fuerit,
1145 1953 1254 2018 Iudex
1285 1953 1377 2017 illius
1402 1975 1505 2016 cause

207 2063 311 2126 talem
336 2067 534 2128 convictum
558 2068 748 2146 recaptivet
771 2072 807 2126 et
830 2062 943 2127 tribus
967 2061 1088 2126 diebus
1111 2082 1212 2124 causa
1246 2060 1506 2126 reformacionie

209 2175 299 2254 pacis
316 2175 408 2236 inter
428 2179 540 2254 partes
560 2171 691 2236 fiendae
716 2181 751 2236 et
774 2171 983 2236 ordinandae
1007 2170 1170 2252 detineat,
1194 2175 1230 2232 et
1253 2172 1282 2232 si
1298 2170 1505 2234 concordare

206 2281 398 2364 nequirent,
432 2291 514 2344 tunc
547 2283 582 2344 in
616 2302 736 2344 manus
769 2283 822 2344 sui
859 2279 1048 2343 adversarii
1067 2277 1072 2356 Ι
1094 2278 1137 2342 ad
1175 2275 1397 2360 infligendam
1435 2275 1506 2340 sibi

209 2409 337 2470 penam,
362 2389 460 2450 iuxta
493 2391 591 2472 regni
615 2389 906 2465 consuetudinem,
931 2393 965 2448 et
990 2385 1031 2448 de
1057 2387 1129 2448 iure
1154 2383 1316 2457 debitam,
1340 2385 1505 2468 assignet.
1527 2389 1537 2410 “

207 2494 254 2557 Et
278 2497 307 2556 si
331 2493 393 2557 tali
418 2499 576 2558 convicto
601 2517 677 2578 pars
701 2495 845 2558 adversa
869 2501 1016 2558 mortem
1031 2490 1089 2555 vel
1105 2491 1208 2554 aliam
1226 2513 1346 2574 penam
1364 2511 1506 2554 consue-

206 2601 338 2665 tudinis
371 2605 469 2686 regni
503 2603 544 2666 de.
579 2606 651 2666 iure
685 2601 888 2682 debendum,
923 2597 1090 2684 infligerit
1122 2599 1177 2662 vel
1212 2597 1333 2661 fecerit
1366 2605 1449 2661 tunc
1483 2620 1504 2660 a

207 2708 325 2772 Iudice
359 2717 394 2771 et
435 2717 529 2792 piarte
571 2711 714 2774 adversa
754 2711 825 2772 sine
860 2711 1053 2791 receptione
1087 2707 1231 2770 alicuius
1266 2707 1406 2788 pecunie
1445 2706 1504 2770 vel

205 2819 416 2898 gravaminis
443 2821 660 2900 possessionis
684 2839 743 2882 sue
767 2819 833 2880 erit
858 2817 1047 2899 expeditus.

315 2923 360 2988 X.
385 2925 535 3010 Filiique
560 2924 683 2989 fratres
709 2927 864 3008 proximi,
888 2946 1018 2988 sorores
1043 2934 1078 2986 et
1102 2945 1224 2988 uxores
1249 2944 1308 3004 pro
1332 2941 1475 2985 excessu
1498 2919 1501 2985 l

208 3029 287 3093 talis
312 3035 485 3112 pereuntis
508 3031 656 3096 hominis
680 3055 749 3096 non
772 3033 921 3098 debeant
944 3033 1111 3118 agnava-ri,
1135 3031 1194 3096 sed
1220 3033 1258 3094 in
1285 3032 1505 3113 possessioni-

139 3180 146 3194 ι
207 3135 270 3200 bus
303 3137 461 3202 domibus
494 3147 528 3202 et
562 3138 658 3203 bonis
692 3144 844 3222 ipsorum
875 3143 985 3226 quieti
1027 3147 1061 3201 et
1105 3138 1237 3222 pacifici
1271 3145 1504 3221 permaneant.

208 3247 245 3310 si
277 3254 392 3310 autem
426 3269 503 3310 cum
538 3255 634 3330 parte
667 3250 810 3313 adversa
843 3249 944 3313 homo
979 3250 1161 3330 praemisso
1191 3247 1290 3310 modo
1314 3248 1505 3312 convietus·

208 3361 319 3435 posset
343 3354 556 3436 concordare,
588 3355 698 3419 Iudex
731 3377 799 3420 non
835 3355 927 3418 ultra
967 3357 1033 3418 nisi
1072 3355 1320 3438 quinquaginta
1363 3374 1505 3426 marcae,

207 3461 319 3524 dando
343 3459 408 3524 sibi
433 3464 620 3526 terminum
649 3461 813 3544 debitum,
846 3461 889 3524 ad
919 3461 1055 3524 easdem
1079 3461 1328 3544 persolvendos,
1353 3462 1504 3542 recipere.

208 3571 322 3650 possit,
346 3577 380 3630 et
406 3571 434 3630 si
459 3569 540 3632 dato
564 3567 630 3633 sibi
655 3573 801 3634 termino
825 3569 956 3633 solvere
981 3589 1050 3632 non
1074 3575 1217 3649 curaret,
1234 3567 1276 3631 de
1295 3569 1503 3650 possessione

207 3697 276 3752 sua,
300 3677 474 3756 exspirato
499 3680 571 3758 ipsc
605 3682 750 3740 termino
785 3683 928 3759 recepta
961 3676 1098 3740 homine
1128 3680 1222 3762 regio
1245 3682 1280 3739 et
1307 3677 1504 3740 testimonio

206 3782 351 3844 alicuius
383 3782 538 3864 Capituli
570 3784 624 3847 vel
659 3783 832 3846 credibilis
853 3786 856 3862 l
879 3784 1078 3850 Convictus.
1113 3788 1304 3866 porcionem
1338 3783 1393 3847 vel
1429 3807 1506 3866 por-

206 3891 318 3952 ciones
344 3891 442 3970 ipsae.
467 3891 714 3974 quinquaginta
742 3889 874 3953 Maroae
913 3891 1086 3954 valentem
1119 3890 1175 3954 vel
1208 3889 1362 3952 valentes
1396 3893 1505 3971 possit

207 4019 379 4079 occupare,
418 3997 556 4060 tandem
591 3999 827 4080 possidendam
859 3998 915 4062 vel
949 4000 1177 4080 possidendas,
1210 3999 1316 4060 donec
1351 4017 1410 4078 per
1438 3995 1503 4074 his,

206 4127 350 4188 quorum
381 4105 611 4185 redempcioni
643 4105 769 4186 eadem,
802 4105 859 4168 vel
891 4106 1009 4170 eedem
1043 4108 1152 4190 magis
1176 4106 1356 4168 convenire
1381 4103 1505 4186 digno-

207 4222 358 4276 scuntur.
386 4234 443 4294 pro
468 4213 550 4294 ipsis
574 4215 824 4297 quinquaginta
850 4213 975 4276 Marcis
999 4214 1221 4276 redimantur.

315 4319 377 4383 XI.
402 4321 456 4383 Ad
484 4319 667 4382 eorundem
692 4323 798 4382 eciam
822 4319 990 4383 nobilium
1016 4309 1220 4402 peticionem
1248 4319 1440 4396 anuuimuS,
1463 4326 1504 4380 ut

206 4431 359 4490 universi
383 4431 454 4488 veri
479 4426 610 4490 nobiles
635 4429 725 4490 intra
750 4429 913 4490 terminos
937 4431 1035 4508 regni
1052 4431 1160 4490 nostri
1177 4427 1367 4507 constituti,
1383 4429 1481 4504 taml

207 4535 243 4595 in
267 4537 397 4597 tenutis
421 4533 599 4598 ducalibus
624 4533 687 4598 sub
707 4534 894 4598 inclusione
912 4536 1137 4598 terminorum
1154 4539 1260 4616 ipsius
1278 4537 1375 4618 regni
1393 4535 1504 4597 nostri

206 4644 401 4722 existentes,
427 4641 516 4712 (subl
541 4663 605 4704 uua
633 4651 667 4702 et
691 4642 809 4704 eadem
835 4639 993 4704 libertate
1017 4641 1245 4726 gmtulentur.
