3160 5212
1293 369 1360 432 357

62 567 135 629 solo
159 574 239 630 actu
264 566 389 650 colligi,
413 567 523 650 igitur
547 564 741 650 frequentia
773 572 914 628 actuum
937 571 990 629 est
1015 570 1055 628 ut
1087 587 1197 647 causa,
1221 587 1360 630 consue-

65 674 149 736 tudo
182 695 263 738 verc
297 679 335 736 ut
374 681 560 737 causatum.
598 674 838 757 Requiruntur
861 679 978 736 autem
1016 679 1069 736 tot
1101 682 1198 738 actus
1236 680 1271 737 et
1310 677 1359 738 ita

64 783 200 861 notorii,
239 789 278 845 ut
319 781 555 846 verisimiliter
592 783 793 845 transiverit
841 783 878 844 in
917 779 1081 844 notitiam'
1118 780 1243 862 populi,
1290 799 1359 843 non

65 897 180 951 tamen
204 895 309 970 actus,
333 889 391 952 sed
416 891 544 952 tacitus
567 910 750 953 consensus
774 888 891 971 populi
915 887 1050 951 inducit
1067 887 1358 951 consuetudinem.

62 996 164 1061 Unde
197 996 392 1082 ubicunque
423 1018 466 1059 ex
490 993 695 1078 conjecturis
718 994 867 1058 habetur
890 997 1017 1058 tacitus
1033 1015 1215 1058 consensus
1232 994 1357 1078 populi,

63 1109 146 1166 tunc
180 1125 249 1167 non
272 1111 413 1168 curatur
445 1104 487 1166 de
511 1125 635 1187 magna
669 1101 863 1188 frequentia
887 1109 1035 1166 actuum.
1066 1102 1141 1166 Imo
1173 1101 1358 1187 aliquando

61 1233 103 1272 ex
128 1231 197 1274 uno
221 1217 302 1274 actu
324 1213 354 1274 si
390 1209 552 1274 habuerit
576 1231 712 1273 causam
745 1213 973 1273 successivam
997 1216 1032 1273 et
1065 1211 1357 1273 continuationem

62 1339 122 1400 per
156 1325 300 1402 tempus,
324 1320 415 1383 intra
446 1318 538 1402 quod
562 1317 772 1380 consuetudo
796 1317 981 1398 inducitur,
1013 1321 1053 1380 ut
1086 1317 1115 1380 si
1147 1318 1223 1400 quis
1256 1336 1356 1398 supra

59 1428 156 1489 viam
197 1426 369 1510 publicam
403 1431 542 1511 pontem
574 1424 743 1506 babuerit,
768 1426 832 1488 'vel
865 1425 948 1510 quid
983 1425 1059 1506 tale,
1094 1429 1207 1508 potest
1239 1423 1356 1486 induci

56 1534 281 1597 consuetudo

563 1687 706 1758 Prima
738 1687 854 1758 Pars.

174 1849 313 1918 Titulus
339 1849 492 1918 Primus.
535 1893 574 1900 -
609 1853 652 1918 In
674 1853 791 1917 Prima
815 1853 985 1938 siquidem
1018 1853 1091 1916 eius
1115 1857 1210 1934 parte
1235 1850 1277 1913 de
1302 1850 1355 1914 his

53 1981 146 2044 quae
180 1967 218 2024 at
250 1981 469 2043 personarum
501 1962 670 2024 rationem
710 1966 875 2043 spectant,
908 1958 1101 2022 nobilitatis
1133 1957 1264 2020 scilicet
1297 1979 1355 2020 no-

53 2075 150 2131 strae
176 2068 370 2150 primordi0,
394 2066 564 2148 libertate,
588 2065 754 2130 bonorum
787 2067 981 2150 iuriumque
1015 2065 1354 2148 possessionariorum

55 2175 295 2258 acquisitione,
317 2174 575 2260 gubernatione,
599 2174 778 2255 divisione,
806 2173 1015 2256 venditione,
1038 2172 1253 2254 alienatione,
1278 2192 1354 2234 con-

53 2280 229 2362 cambiali,
254 2284 514 2365 permutatione,
539 2284 814 2366 praescriptione.
835 2283 1082 2364 pignoratione,
1105 2281 1225 2344 metali
1247 2302 1354 2344 ream-

56 2386 245 2470 bulatione,
295 2390 422 2452 iurium
468 2389 754 2465 Quartalitiorum
800 2410 838 2450 ac
884 2387 1130 2451 Dotalitiorum
1177 2387 1354 2470 solutione,

56 2495 294 2580 bonorumque
318 2496 498 2560 mobilium
522 2505 556 2561 et
590 2496 819 2561 immobilium
842 2498 1089 2559 aestimatione.
1122 2495 1164 2559 In
1197 2497 1353 2560 Secunda

52 2623 139 2664 vero
164 2604 272 2685 ipsius
290 2609 395 2685 parte,
420 2603 461 2666 de
486 2625 600 2668 rerum
624 2626 663 2666 ac
687 2625 865 2667 cansarum
887 2611 1068 2686 praetextu
1092 2607 1352 2687 praemissorum

56 2709 226 2772 bonorum
237 2717 271 2772 et
281 2711 408 2773 iurium
420 2713 758 2793 possessionariorum
764 2710 976 2794 aliorumque
986 2714 1205 2796 negociorum
1215 2733 1353 2776 moven-

53 2817 179 2880 dorum
204 2825 240 2880 et
263 2819 537 2882 suscitandorum
563 2817 774 2902 processibus
798 2825 833 2882 et
864 2818 1131 2901 executionibus,
1156 2841 1194 2882 ac
1218 2827 1352 2882 senten-

54 2928 193 3004 tiarum,
218 2926 341 2989 exinde
375 2925 592 2989 ferendarum
616 2925 775 2989 seriebus.
800 2925 842 2988 In
866 2925 983 2989 Tertio
1007 2926 1147 2989 tandem
1170 2933 1206 2990 et
1229 2926 1351 2989 ultimo

51 3033 213 3116 opusculi
229 3033 380 3098 membro
397 3035 439 3097 de
456 3055 634 3098 causarum
650 3041 685 3098 et
700 3036 874 3098 actionum
891 3035 1148 3098 iudiciariarum
1167 3035 1203 3096 in
1222 3037 1351 3098 curiam

52 3144 196 3225 regiam,
230 3163 290 3223 per
315 3144 408 3205 viam
447 3140 694 3224 appellationis,
727 3164 769 3205 ex
802 3141 960 3205 omnibus
992 3143 1090 3224 regni
1122 3139 1351 3209 comitatibus,

4 3271 5 3296 i
50 3255 159 3334 atque
184 3248 227 3312 (le
251 3249 399 3331 Oroatia,
423 3249 584 3312 Slavonia
622 3255 658 3312 et
682 3248 930 3329 Transilvania,
963 3247 1167 3332 sedibusque
1192 3251 1351 3331 spiritua-

4 3369 5 3372 ’
54 3354 146 3419 libus
180 3355 458 3419 deducendarum
490 3377 529 3418 ac
572 3356 915 3420 transmittendarum
948 3354 1126 3420 ordinibus
1158 3363 1193 3418 et
1232 3356 1350 3419 modis.

51 3459 143 3525 Item
168 3463 211 3526 de
243 3460 428 3525 liberarum
452 3463 634 3525 civitatum
667 3462 801 3547 legibus
826 3485 865 3526 ac
898 3465 1007 3526 causis
1039 3463 1283 3544 criminalibus
1316 3469 1350 3526 et

49 3589 172 3631 earum
195 3568 434 3651 decisionibus,
458 3591 536 3632 cum
560 3573 792 3654 correquisitis
816 3593 948 3653 semper
971 3579 1006 3634 et
1029 3573 1226 3634 necessariis
1259 3573 1347 3634 circa

52 3677 241 3758 praemissa
265 3677 418 3740 materiis
441 3685 476 3740 et
501 3677 610 3756 rebus,
627 3699 686 3741 sua
711 3681 795 3742 serie
820 3678 1036 3742 tractabitur.

164 3780 269 3845 Titul.
309 3781 353 3846 Π.
378 3783 562 3847 Sciendum
596 3788 631 3848 in
672 3787 789 3868 primis
822 3793 882 3866 est,
921 3787 1010 3871 quod
1046 3809 1273 3870 personarum,
1307 3788 1348 3851 de

49 3909 201 3973 quarum
225 3887 357 3953 iuribus
380 3899 416 3954 et
440 3892 744 3956 consuetudinibus
768 3915 858 3956 nunc
881 3897 1005 3978 agitur,
1030 3895 1116 3959 aliae
1140 3902 1220 3960 sunt
1251 3898 1349 3979 spiri-

50 3997 174 4076 tuales
192 3998 264 4059 sive
281 3997 551 4082 Ecclesiasticae,
566 4001 653 4064 aliae
669 4023 751 4064 vero
767 4002 943 4083 seculares
959 4009 994 4065 et
1013 4005 1171 4087 quamvis
1188 4024 1347 4086 personae

48 4103 253 4188 spirituales
277 4105 434 4189 (quarum
458 4109 570 4172 medio
603 4109 749 4172 salutem
780 4108 965 4172 humanam
990 4109 1157 4173 Dominus
1180 4118 1215 4174 et
1232 4111 1348 4175 Salva-

48 4226 104 4276 tor
140 4218 259 4275 noster
296 4213 531 4278 administrari
570 4216 695 4294 voluit)
736 4218 887 4298 personis
925 4216 1136 4280 secularibus
1175 4218 1348 4302 digniores

48 4316 255 4400 habeantur,
279 4326 394 4384 tamen
417 4343 533 4386 omnes
557 4324 687 4386 domini
720 4323 870 4387 Praelati
902 4333 937 4386 et
962 4324 1192 4388 Ecclesinrum
1225 4327 1348 4390 Recto-

48 4447 102 4490 res
138 4447 178 4489 ac
212 4425 361 4492 Berones
394 4437 429 4493 et
453 4433 579 4493 caeteri
602 4431 791 4514 Magnates,
823 4436 925 4514 atque
960 4431 1089 4493 nobiles
1113 4441 1148 4494 et
1187 4433 1347 4496 Proceres

47 4537 151 4619 regni
179 4533 282 4600 huius
314 4537 522 4621 Hungariae,
546 4540 677 4601 ratione
706 4537 899 4600 nobilitatis
923 4545 957 4600 et
991 4537 1156 4600 bonorum
1180 4545 1347 4622 tempora-

49 4641 147 4724 lium,
176 4663 244 4706 una
268 4644 451 4728 eademque
477 4645 657 4723 libertatis
681 4647 907 4726 exemptionis
940 4652 975 4706 et
999 4646 1228 4708 immunitatis
1253 4669 1347 4729 prae-
