3160 5212
211 348 278 412 296

210 543 470 631 quibuscunque
495 549 655 629 personia,
679 553 714 611 et
738 568 758 610 a
781 567 984 632 quocunque
1008 553 1169 628 tempore,
1186 548 1333 610 incuria
1348 545 1505 610 Romana

209 651 375 716 hactenus
398 651 603 736 litigassent,
626 653 682 718 vel
701 656 807 718 etiam
823 657 861 717 in
877 655 1147 737 praesentiarum
1172 653 1361 738 litigarent,
1386 673 1506 715 causas

210 762 301 842 ipsas
339 781 359 822 a
397 760 497 824 modo
530 781 660 825 cessare
693 759 743 824 ibi
775 759 914 842 faciant,
947 767 983 824 et
1015 781 1122 845 usque
1155 760 1198 823 ad
1232 762 1379 841 primum
1413 760 1506 823 diem

211 867 337 930 mensis
369 867 463 950 Maii,
488 867 615 932 festum
640 867 803 932 videlicet
828 867 1008 932 beatorum
1030 867 1184 951 Philippi
1207 875 1243 931 et
1265 867 1382 932 Iacobi
1414 867 1508 948 Apo-

211 973 377 1037 stolorum
401 977 553 1057 proxime
577 981 772 1057 venturum,
795 975 839 1038 ad
862 974 927 1039 hoc
950 975 1121 1059 Regnum,
1144 976 1182 1038 in
1214 974 1292 1038 sede
1325 974 1506 1038 iudiciaria

210 1081 341 1165 Regiae
374 1081 576 1165 Maiestatis,
608 1082 842 1146 discutiendas
879 1101 1038 1146 revocare
1078 1089 1269 1146 teneantur.
1308 1080 1364 1146 Ad
1403 1102 1507 1166 quem

211 1189 350 1272 quidem
383 1191 578 1273 terminum,
611 1194 640 1253 si
672 1193 732 1275 qui
765 1211 934 1272 rovocare,
966 1197 1001 1254 et
1034 1211 1148 1254 coram
1179 1189 1291 1274 Regia
1323 1189 1506 1254 Maiestate

211 1318 405 1379 comparere
429 1296 653 1381 neglexerint,
682 1321 720 1361 ea
744 1298 788 1362 ad
813 1302 920 1381 partis
944 1300 1161 1381 conparentis
1193 1299 1404 1378 instantiam,
1437 1318 1508 1361 non

212 1404 369 1469 obstante
403 1405 541 1468 illorum
574 1408 786 1470 contumatia
819 1407 875 1472 val
907 1407 1073 1488 absentia,
1105 1406 1196 1492 quod
1229 1407 1360 1469 iustum
1399 1403 1507 1468 fuerit

212 1511 402 1593 decernere,
426 1520 460 1575 et
485 1533 620 1576 causam
645 1515 754 1594 ipsam
777 1511 929 1577 finaliter
951 1515 1136 1578 terminare
1160 1521 1194 1576 et
1218 1519 1290 1576 tam
1315 1512 1357 1576 de
1374 1533 1507 1576 summa

212 1627 247 1682 et
279 1618 403 1684 damno
431 1619 580 1704 capitali,
614 1641 717 1704 quam
750 1623 855 1686 etiam
888 1621 929 1685 de
963 1624 1129 1704 expensis,
1162 1623 1369 1685 sententiam
1407 1617 1508 1696 ferre,

212 1733 315 1812 atque
339 1750 413 1791 eam
438 1727 574 1792 debitae
598 1730 801 1812 executioni,
825 1730 944 1813 vigore
968 1731 1157 1812 praesentis
1189 1728 1337 1810 Decreti,
1369 1727 1509 1790 deman-

212 1834 293 1898 dare
317 1834 466 1899 debebit.

319 1941 395 2006 Art.
420 1943 566 2007 XLVII.
590 1943 799 2008 Conclusum
832 1951 893 2026 est,
926 1945 1016 2030 quod
1050 1967 1149 2009 nemo
1181 1945 1310 2028 Regios
1343 1941 1509 2019 infideles

212 2048 255 2112 ad
284 2048 414 2132 Castra,
439 2052 658 2132 munitiones,
690 2049 870 2134 Civitates,
903 2051 959 2115 vel
991 2052 1059 2116 alia
1082 2052 1155 2115 loca
1179 2074 1239 2116 sua
1262 2057 1448 2132 acceptare,
1472 2057 1507 2112 et

213 2155 262 2219 ibi
288 2177 496 2240 conservare,
529 2166 633 2243 atque
666 2157 850 2222 defendere
883 2159 1016 2223 audeat.
1050 2159 1087 2222 Si
1119 2161 1290 2244 quispiam
1317 2165 1432 2222 tamen
1457 2160 1510 2221 in-

213 2262 376 2347 fidelium,
409 2288 450 2328 ex
484 2265 700 2346 confidentia,
732 2266 775 2329 ad
809 2265 959 2352 aliquem
992 2267 1208 2331 dominorum
1241 2265 1298 2330 vel
1320 2267 1510 2329 amicorum

213 2391 352 2435 suorum
376 2371 586 2456 confugeret,
610 2395 689 2437 eum
717 2373 775 2437 ille
808 2377 987 2457 suscipere,
1020 2382 1054 2438 et
1087 2373 1179 2438 infra
1212 2374 1393 2439 duodecim
1425 2371 1510 2438 dica.

214 2479 272 2541 sed
306 2501 375 2542 non
407 2479 561 2560 ulterius,
594 2481 685 2564 apud
718 2503 762 2560 se,
795 2487 829 2544 et
862 2484 899 2545 in
922 2481 1022 2545 domo
1051 2503 1121 2565 sua,
1145 2485 1283 2564 impune
1307 2501 1510 2545 conservare

215 2588 329 2667 possit.
359 2587 406 2650 Et
430 2590 459 2650 si
483 2587 550 2668 ille,
573 2587 631 2651 vel
654 2609 715 2671 pro
738 2591 851 2672 gratia
876 2588 1072 2672 obtinenda,
1095 2589 1153 2652 vel
1185 2588 1228 2652 ad
1261 2585 1511 2652 ostendendam

213 2691 453 2770 obedientiam,
486 2701 546 2757 aut
580 2696 685 2758 etiam
717 2697 950 2759 innocentiam
988 2717 1085 2759 suam
1117 2695 1366 2774 declarandam,
1389 2694 1511 2756 venire

213 2800 257 2863 ad
281 2800 428 2885 Regiam
451 2801 669 2865 Maiestatem
693 2801 852 2884 voluerit,
877 2805 906 2866 is
930 2824 1007 2866 eum
1032 2825 1147 2867 secum
1170 2825 1246 2884 una,
1270 2805 1299 2866 si
1328 2799 1431 2881 volet,
1464 2800 1508 2863 ad

214 2928 311 2970 suam
334 2908 561 2986 Maiestatem,
586 2907 781 2992 ubicunque
804 2908 921 2990 fuerit,
945 2909 1077 2991 ducere,
1101 2909 1157 2972 vel
1180 2910 1287 2972 etiam
1302 2929 1380 2972 cum
1397 2906 1512 2971 literis

214 3021 248 3076 et
272 3012 468 3078 hominibus
492 3016 562 3077 suis
586 3018 733 3094 mittere,
758 3016 821 3080 sub
846 3016 940 3080 salvo
964 3016 1136 3079 conductu
1159 3015 1290 3101 Regiae
1306 3015 1511 3092 Maiestatis

214 3121 275 3204 qui
293 3119 452 3183 omnibus
476 3120 613 3202 talibuS,
636 3124 755 3206 vigore
781 3125 969 3206 praesentis
992 3122 1140 3204 Decreti,
1173 3143 1307 3186 exnunc
1339 3123 1441 3185 datus
1474 3134 1510 3184 11

215 3246 392 3290 concessus
416 3227 634 3312 intelligitur,
658 3228 764 3293 libere
789 3229 912 3312 valeat,
936 3228 1043 3293 libere
1066 3231 1172 3293 etiam
1196 3250 1255 3311 pro
1288 3229 1348 3292 illo
1381 3228 1514 3312 suppli-

215 3354 299 3415 care,
323 3332 486 3416 laborare,
510 3343 545 3398 et
570 3337 783 3401 intercedere
808 3358 868 3420 pro
891 3338 1003 3421 gratia
1029 3339 1167 3419 possint.
1192 3337 1321 3402 Verum
1344 3339 1514 3400 tamensi

214 3443 326 3526 gratia
360 3443 442 3524 ipsa,
475 3465 494 3505 a·
527 3443 708 3507 Maiestate
742 3466 802 3508 sua
835 3447 1013 3527 impetrari
1046 3451 1079 3507 et
1104 3444 1253 3507 obtineri
1280 3465 1349 3507 non
1372 3447 1514 3527 poterit,

215 3570 331 3612 rursus
364 3549 407 3612 ad
431 3549 561 3632 Castra,
585 3553 802 3633 munitiones,
826 3553 994 3632 civitatee,
1019 3552 1144 3633 oppida
1177 3550 1234 3614 vel
1266 3551 1332 3614 alia.
1364 3551 1438 3614 loca
1472 3559 1510 3614 11

215 3656 302 3719 bona
328 3677 396 3738 sua,
421 3656 520 3720 illum
544 3660 713 3739 suscipere
734 3665 768 3721 et
792 3657 974 3721 admittere
1000 3657 1219 3721 nullomodo
1244 3657 1377 3721 audeat.
1409 3657 1513 3734 Quod

215 3765 319 3848 siqui
343 3761 432 3826 10111
456 3763 558 3826 111111
581 3763 692 3828 110111
715 3773 937 3849 attentarent,
954 3764 1151 3828 huiusmodi
1167 3765 1336 3846 Castrum,
1352 3767 1515 3848 munitiO,

215 3873 347 3950 civitae,
371 3870 544 3953 oppidum,
568 3874 732 3952 possessio
757 3875 829 3936 sive
853 3872 956 3954 locun,
980 3873 1023 3937 ad
1047 3895 1149 3957 quern
1182 3873 1312 3936 scilicet
1344 3872 1425 3936 talis
1460 3875 1517 3936 in-

215 3976 326 4040 fidelis
364 3984 609 4059 acceptaretur,
642 4001 681 4044 eo
716 3979 807 4044 facto
840 3981 884 4043 ad
917 3983 1051 4064 regium
1084 3980 1204 4044 fiscum
1236 3980 1451 4064 devolvatur,
1478 3992 1516 4046 et

214 4105 348 4148 exnunc
377 4083 560 4148 devolutus
593 4085 826 4170 intelligatur:
860 4087 911 4150 De
944 4107 1011 4171 quc
1043 4086 1154 4170 Regia
1187 4087 1357 4168 Maiestas,
1390 4089 1518 4171 vigore

216 4193 403 4274 praesentis
429 4195 614 4255 sanctionis
639 4193 782 4258 liberam
799 4215 858 4276 pro
879 4216 938 4257 suo
955 4193 1147 4275 Arbitrum,
1165 4194 1367 4276 disponendi
1383 4193 1424 4257 ha
1431 4194 1519 4260 beat

215 4298 425 4362 facultatem.

321 4407 397 4470 Art.
422 4407 497 4470 LX.
521 4407 611 4470 Item
635 4407 831 4472 ordinatum
865 4419 925 4490 est,
959 4408 1049 4492 quod
1082 4408 1192 4492 Regia
1227 4407 1397 4476 Maiestas,
1432 4432 1520 4475 cum

215 4513 356 4577 consilio
389 4521 423 4576 et
457 4513 636 4578 voluntate
670 4515 907 4580 Praelatorum
940 4525 974 4580 et
1007 4516 1182 4578 Beronum
1215 4535 1361 4596 suorum,
1386 4515 1521 4581 debeat

215 4623 252 4684 in
276 4621 428 4706 quolibet
456 4623 643 4704 Comitatu,
666 4623 816 4706 aliquem
840 4624 1010 4687 Baronem
1033 4623 1090 4686 vel
1114 4623 1220 4686 aliurn
1253 4622 1444 4687 notabilem
1479 4634 1522 4688 11
