<?xml version="1.0" encoding="UTF-8"?>
<!DOCTYPE html PUBLIC "-//W3C//DTD XHTML 1.0 Transitional//EN"
    "http://www.w3.org/TR/xhtml1/DTD/xhtml1-transitional.dtd">
<html xmlns="http://www.w3.org/1999/xhtml" xml:lang="en" lang="en">
 <head>
  <title>
</title>
<meta http-equiv="Content-Type" content="text/html;charset=utf-8" />
  <meta name='ocr-system' content='tesseract 3.04.00' />
  <meta name='ocr-capabilities' content='ocr_page ocr_carea ocr_par ocr_line ocrx_word'/>
</head>
<body>
  <div class='ocr_page' id='page_1' title='image "./enchiridionfont00marcgoog_0576.png"; bbox 0 0 3144 5218; ppageno 0'>
   <div class='ocr_carea' id='block_1_1' title="bbox 204 367 270 431">
    <p class='ocr_par' dir='ltr' id='par_1_1' title="bbox 204 367 270 431">
     <span class='ocr_line' id='line_1_1' title="bbox 204 367 270 431; baseline 0.045 -3"><span class='ocrx_word' id='word_1_1' title='bbox 204 367 270 431; x_wconf 75' lang='lat'>554</span> 
     </span>
    </p>
   </div>
   <div class='ocr_carea' id='block_1_2' title="bbox 203 637 1501 944">
    <p class='ocr_par' dir='ltr' id='par_1_2' title="bbox 203 637 1501 944">
     <span class='ocr_line' id='line_1_2' title="bbox 205 637 1500 729; baseline -0.003 -20"><span class='ocrx_word' id='word_1_2' title='bbox 205 639 386 708; x_wconf 77' lang='lat' dir='ltr'>Atticulae</span> <span class='ocrx_word' id='word_1_3' title='bbox 412 637 539 706; x_wconf 86' lang='lat' dir='ltr'><em>XXIII.</em></span> <span class='ocrx_word' id='word_1_4' title='bbox 576 638 679 724; x_wconf 85' lang='lat' dir='ltr'>and</span> <span class='ocrx_word' id='word_1_5' title='bbox 702 659 817 722; x_wconf 83' lang='lat' dir='ltr'>nemo,</span> <span class='ocrx_word' id='word_1_6' title='bbox 846 643 993 729; x_wconf 79' lang='lat' dir='ltr'>praeter</span> <span class='ocrx_word' id='word_1_7' title='bbox 1024 637 1428 720; x_wconf 74' lang='lat' dir='ltr'>Rornano-Calliolicos,</span> <span class='ocrx_word' id='word_1_8' title='bbox 1463 639 1500 706; x_wconf 86' lang='lat' dir='ltr'>in</span> 
     </span>
     <span class='ocr_line' id='line_1_3' title="bbox 203 744 1501 838; baseline -0.004 -21"><span class='ocrx_word' id='word_1_9' title='bbox 203 749 334 838; x_wconf 77' lang='lat' dir='ltr'>Ilepnis</span> <span class='ocrx_word' id='word_1_10' title='bbox 350 746 568 830; x_wconf 79' lang='lat' dir='ltr'><em>Dalmatiae,</em></span> <span class='ocrx_word' id='word_1_11' title='bbox 586 746 753 815; x_wconf 81' lang='lat' dir='ltr'>Croatiae</span> <span class='ocrx_word' id='word_1_12' title='bbox 769 751 802 813; x_wconf 83' lang='lat' dir='ltr'>et</span> <span class='ocrx_word' id='word_1_13' title='bbox 818 744 1041 830; x_wconf 84' lang='lat' dir='ltr'>Sclaooniae‚</span> <span class='ocrx_word' id='word_1_14' title='bbox 1056 745 1240 814; x_wconf 83' lang='lat' dir='ltr'><em>Bonorum</em></span> <span class='ocrx_word' id='word_1_15' title='bbox 1258 745 1501 814; x_wconf 85' lang='lat' dir='ltr'>Possessionis</span> 
     </span>
     <span class='ocr_line' id='line_1_4' title="bbox 671 855 1034 944; baseline 0 -22"><span class='ocrx_word' id='word_1_16' title='bbox 671 875 791 944; x_wconf 78' lang='lat' dir='ltr'>capax</span> <span class='ocrx_word' id='word_1_17' title='bbox 814 875 889 922; x_wconf 83' lang='lat' dir='ltr'>esse</span> <span class='ocrx_word' id='word_1_18' title='bbox 908 855 1034 943; x_wconf 81' lang='lat' dir='ltr'><em>possit.</em></span> 
     </span>
    </p>
   </div>
   <div class='ocr_carea' id='block_1_3' title="bbox 202 1043 1502 2094">
    <p class='ocr_par' dir='ltr' id='par_1_3' title="bbox 202 1043 1502 2094">
     <span class='ocr_line' id='line_1_5' title="bbox 310 1043 1502 1129; baseline -0.003 -18"><span class='ocrx_word' id='word_1_19' title='bbox 310 1046 367 1112; x_wconf 87' lang='lat' dir='ltr'>Ad</span> <span class='ocrx_word' id='word_1_20' title='bbox 391 1046 659 1111; x_wconf 86' lang='lat' dir='ltr'>conservandam</span> <span class='ocrx_word' id='word_1_21' title='bbox 682 1066 783 1129; x_wconf 89' lang='lat' dir='ltr'>porro</span> <span class='ocrx_word' id='word_1_22' title='bbox 806 1047 998 1110; x_wconf 87' lang='lat' dir='ltr'>animorum</span> <span class='ocrx_word' id='word_1_23' title='bbox 1026 1046 1244 1110; x_wconf 82' lang='lat' dir='ltr'><em>concordiam</em></span> <span class='ocrx_word' id='word_1_24' title='bbox 1266 1051 1302 1110; x_wconf 90' lang='lat' dir='ltr'>et</span> <span class='ocrx_word' id='word_1_25' title='bbox 1326 1043 1502 1128; x_wconf 88' lang='lat' dir='ltr'>publicam</span> 
     </span>
     <span class='ocr_line' id='line_1_6' title="bbox 202 1151 1502 1239; baseline -0.002 -20"><span class='ocrx_word' id='word_1_26' title='bbox 202 1155 302 1239; x_wconf 87' lang='lat' dir='ltr'>regni</span> <span class='ocrx_word' id='word_1_27' title='bbox 325 1151 623 1238; x_wconf 72' lang='lat' dir='ltr'>tranquillitatem,</span> <span class='ocrx_word' id='word_1_28' title='bbox 653 1174 740 1236; x_wconf 90' lang='lat' dir='ltr'>quae</span> <span class='ocrx_word' id='word_1_29' title='bbox 763 1151 802 1215; x_wconf 88' lang='lat' dir='ltr'>in</span> <span class='ocrx_word' id='word_1_30' title='bbox 824 1153 958 1218; x_wconf 88' lang='lat' dir='ltr'>unitate</span> <span class='ocrx_word' id='word_1_31' title='bbox 982 1153 1158 1239; x_wconf 88' lang='lat' dir='ltr'>religionis</span> <span class='ocrx_word' id='word_1_32' title='bbox 1183 1154 1399 1236; x_wconf 90' lang='lat' dir='ltr'>potissimum</span> <span class='ocrx_word' id='word_1_33' title='bbox 1421 1173 1502 1216; x_wconf 92' lang='lat' dir='ltr'>con-</span> 
     </span>
     <span class='ocr_line' id='line_1_7' title="bbox 203 1258 1501 1345; baseline -0.004 -19"><span class='ocrx_word' id='word_1_34' title='bbox 203 1263 332 1344; x_wconf 81' lang='lat' dir='ltr'>sistere,</span> <span class='ocrx_word' id='word_1_35' title='bbox 355 1282 397 1323; x_wconf 85' lang='lat' dir='ltr'>ex</span> <span class='ocrx_word' id='word_1_36' title='bbox 420 1281 526 1344; x_wconf 91' lang='lat' dir='ltr'>eaque</span> <span class='ocrx_word' id='word_1_37' title='bbox 549 1259 587 1323; x_wconf 91' lang='lat' dir='ltr'>in</span> <span class='ocrx_word' id='word_1_38' title='bbox 609 1258 710 1323; x_wconf 93' lang='lat' dir='ltr'>modo</span> <span class='ocrx_word' id='word_1_39' title='bbox 734 1258 817 1322; x_wconf 88' lang='lat' dir='ltr'>fatis</span> <span class='ocrx_word' id='word_1_40' title='bbox 840 1261 956 1345; x_wconf 89' lang='lat' dir='ltr'>regnis</span> <span class='ocrx_word' id='word_1_41' title='bbox 971 1258 1127 1324; x_wconf 88' lang='lat' dir='ltr'>stabilita</span> <span class='ocrx_word' id='word_1_42' title='bbox 1143 1259 1249 1324; x_wconf 85' lang='lat' dir='ltr'>fuisse</span> <span class='ocrx_word' id='word_1_43' title='bbox 1266 1259 1501 1345; x_wconf 90' lang='lat' dir='ltr'>dignoscitur;</span> 
     </span>
     <span class='ocr_line' id='line_1_8' title="bbox 203 1363 1502 1452; baseline -0.002 -21"><span class='ocrx_word' id='word_1_44' title='bbox 203 1389 245 1431; x_wconf 82' lang='lat' dir='ltr'>ex</span> <span class='ocrx_word' id='word_1_45' title='bbox 269 1367 418 1452; x_wconf 87' lang='lat' dir='ltr'>benigna</span> <span class='ocrx_word' id='word_1_46' title='bbox 434 1388 514 1430; x_wconf 89' lang='lat' dir='ltr'>suae</span> <span class='ocrx_word' id='word_1_47' title='bbox 530 1363 720 1449; x_wconf 87' lang='lat' dir='ltr'>majestatis</span> <span class='ocrx_word' id='word_1_48' title='bbox 742 1363 943 1432; x_wconf 82' lang='lat' dir='ltr'>Annuentia</span> <span class='ocrx_word' id='word_1_49' title='bbox 967 1367 1165 1431; x_wconf 89' lang='lat' dir='ltr'>conclusum</span> <span class='ocrx_word' id='word_1_50' title='bbox 1183 1373 1244 1450; x_wconf 83' lang='lat' dir='ltr'>est,</span> <span class='ocrx_word' id='word_1_51' title='bbox 1267 1375 1307 1431; x_wconf 90' lang='lat' dir='ltr'>ut</span> <span class='ocrx_word' id='word_1_52' title='bbox 1323 1369 1360 1431; x_wconf 93' lang='lat' dir='ltr'>in</span> <span class='ocrx_word' id='word_1_53' title='bbox 1375 1365 1502 1430; x_wconf 90' lang='lat' dir='ltr'>iisdem</span> 
     </span>
     <span class='ocr_line' id='line_1_9' title="bbox 203 1473 1502 1560; baseline 0 -22"><span class='ocrx_word' id='word_1_54' title='bbox 203 1473 314 1538; x_wconf 89' lang='lat' dir='ltr'>Dalm.</span> <span class='ocrx_word' id='word_1_55' title='bbox 338 1473 451 1539; x_wconf 85' lang='lat' dir='ltr'>Oroat.</span> <span class='ocrx_word' id='word_1_56' title='bbox 474 1481 510 1538; x_wconf 89' lang='lat' dir='ltr'>et</span> <span class='ocrx_word' id='word_1_57' title='bbox 533 1474 733 1539; x_wconf 84' lang='lat' dir='ltr'>Solevoniae</span> <span class='ocrx_word' id='word_1_58' title='bbox 757 1476 881 1560; x_wconf 87' lang='lat' dir='ltr'>regnis,</span> <span class='ocrx_word' id='word_1_59' title='bbox 904 1474 1092 1540; x_wconf 89' lang='lat' dir='ltr'>secundum</span> <span class='ocrx_word' id='word_1_60' title='bbox 1120 1475 1344 1559; x_wconf 82' lang='lat' dir='ltr'><strong>municipales</strong></span> <span class='ocrx_word' id='word_1_61' title='bbox 1367 1495 1502 1539; x_wconf 87' lang='lat' dir='ltr'>eorum-</span> 
     </span>
     <span class='ocr_line' id='line_1_10' title="bbox 203 1580 1502 1667; baseline -0.001 -22"><span class='ocrx_word' id='word_1_62' title='bbox 203 1581 281 1645; x_wconf 92' lang='lat' dir='ltr'>dem</span> <span class='ocrx_word' id='word_1_63' title='bbox 291 1581 392 1667; x_wconf 84' lang='lat' dir='ltr'>leges,</span> <span class='ocrx_word' id='word_1_64' title='bbox 407 1582 472 1646; x_wconf 92' lang='lat' dir='ltr'>hoc</span> <span class='ocrx_word' id='word_1_65' title='bbox 482 1581 548 1646; x_wconf 93' lang='lat' dir='ltr'>loci</span> <span class='ocrx_word' id='word_1_66' title='bbox 558 1580 857 1646; x_wconf 78' lang='lat' dir='ltr'>confirmatastam</span> <span class='ocrx_word' id='word_1_67' title='bbox 872 1584 909 1646; x_wconf 93' lang='lat' dir='ltr'>in</span> <span class='ocrx_word' id='word_1_68' title='bbox 925 1581 1089 1666; x_wconf 78' lang='lat' dir='ltr'>partibus,</span> <span class='ocrx_word' id='word_1_69' title='bbox 1107 1605 1208 1666; x_wconf 90' lang='lat' dir='ltr'>penes</span> <span class='ocrx_word' id='word_1_70' title='bbox 1224 1582 1502 1648; x_wconf 88' lang='lat' dir='ltr'>iurisdictionem</span> 
     </span>
     <span class='ocr_line' id='line_1_11' title="bbox 202 1687 1502 1774; baseline -0.001 -22"><span class='ocrx_word' id='word_1_71' title='bbox 202 1689 399 1752; x_wconf 89' lang='lat' dir='ltr'>eorumdem</span> <span class='ocrx_word' id='word_1_72' title='bbox 414 1688 457 1752; x_wconf 90' lang='lat' dir='ltr'>ad</span> <span class='ocrx_word' id='word_1_73' title='bbox 474 1710 633 1772; x_wconf 89' lang='lat' dir='ltr'>praesens</span> <span class='ocrx_word' id='word_1_74' title='bbox 657 1687 911 1770; x_wconf 83' lang='lat' dir='ltr'>exsistentibus,</span> <span class='ocrx_word' id='word_1_75' title='bbox 934 1710 1038 1774; x_wconf 86' lang='lat' dir='ltr'>quam</span> <span class='ocrx_word' id='word_1_76' title='bbox 1060 1691 1097 1752; x_wconf 91' lang='lat' dir='ltr'>in</span> <span class='ocrx_word' id='word_1_77' title='bbox 1121 1687 1288 1772; x_wconf 74' lang='lat' dir='ltr'>futuram,</span> <span class='ocrx_word' id='word_1_78' title='bbox 1311 1692 1409 1753; x_wconf 85' lang='lat' dir='ltr'>iuxta</span> <span class='ocrx_word' id='word_1_79' title='bbox 1433 1687 1502 1752; x_wconf 88' lang='lat' dir='ltr'>cle-</span> 
     </span>
     <span class='ocr_line' id='line_1_12' title="bbox 202 1793 1502 1882; baseline 0 -22"><span class='ocrx_word' id='word_1_80' title='bbox 202 1804 353 1861; x_wconf 89' lang='lat' dir='ltr'>mentem</span> <span class='ocrx_word' id='word_1_81' title='bbox 376 1818 456 1860; x_wconf 87' lang='lat' dir='ltr'>suae</span> <span class='ocrx_word' id='word_1_82' title='bbox 479 1793 670 1880; x_wconf 88' lang='lat' dir='ltr'>majestatis</span> <span class='ocrx_word' id='word_1_83' title='bbox 694 1795 726 1860; x_wconf 89' lang='lat' dir='ltr'>S.</span> <span class='ocrx_word' id='word_1_84' title='bbox 750 1795 783 1860; x_wconf 84' lang='lat' dir='ltr'>S.</span> <span class='ocrx_word' id='word_1_85' title='bbox 806 1795 1057 1879; x_wconf 71' lang='lat' dir='ltr'>resolutionem,</span> <span class='ocrx_word' id='word_1_86' title='bbox 1089 1797 1133 1862; x_wconf 90' lang='lat' dir='ltr'>ad</span> <span class='ocrx_word' id='word_1_87' title='bbox 1166 1797 1310 1861; x_wconf 87' lang='lat' dir='ltr'>eandem</span> <span class='ocrx_word' id='word_1_88' title='bbox 1342 1795 1502 1882; x_wconf 90' lang='lat' dir='ltr'>legitime</span> 
     </span>
     <span class='ocr_line' id='line_1_13' title="bbox 202 1901 1502 1988; baseline -0.002 -20"><span class='ocrx_word' id='word_1_89' title='bbox 202 1903 462 1987; x_wconf 86' lang='lat' dir='ltr'>reapplicandis,</span> <span class='ocrx_word' id='word_1_90' title='bbox 486 1903 550 1968; x_wconf 90' lang='lat' dir='ltr'>soli</span> <span class='ocrx_word' id='word_1_91' title='bbox 574 1901 735 1967; x_wconf 77' lang='lat' dir='ltr'>catholici</span> <span class='ocrx_word' id='word_1_92' title='bbox 759 1904 979 1986; x_wconf 79' lang='lat' dir='ltr'>possessionis</span> <span class='ocrx_word' id='word_1_93' title='bbox 996 1901 1171 1988; x_wconf 80' lang='lat' dir='ltr'>bonorum,</span> <span class='ocrx_word' id='word_1_94' title='bbox 1188 1907 1241 1969; x_wconf 92' lang='lat' dir='ltr'>uti</span> <span class='ocrx_word' id='word_1_95' title='bbox 1258 1903 1424 1968; x_wconf 86' lang='lat' dir='ltr'>hactenus</span> <span class='ocrx_word' id='word_1_96' title='bbox 1448 1904 1502 1966; x_wconf 90' lang='lat' dir='ltr'>ita</span> 
     </span>
     <span class='ocr_line' id='line_1_14' title="bbox 202 2011 691 2094; baseline 0.002 -21"><span class='ocrx_word' id='word_1_97' title='bbox 202 2011 427 2094; x_wconf 89' lang='lat' dir='ltr'>imposterum</span> <span class='ocrx_word' id='word_1_98' title='bbox 450 2013 521 2075; x_wconf 88' lang='lat' dir='ltr'>sint</span> <span class='ocrx_word' id='word_1_99' title='bbox 544 2032 691 2094; x_wconf 80' lang='lat' dir='ltr'>capaces.</span> 
     </span>
    </p>
   </div>
   <div class='ocr_carea' id='block_1_4' title="bbox 201 2201 1503 2793">
    <p class='ocr_par' dir='ltr' id='par_1_4' title="bbox 201 2201 1503 2793">
     <span class='ocr_line' id='line_1_15' title="bbox 202 2201 1503 2274; baseline -0.001 -18"><span class='ocrx_word' id='word_1_100' title='bbox 202 2203 379 2274; x_wconf 87' lang='lat' dir='ltr'>Hungariae</span> <span class='ocrx_word' id='word_1_101' title='bbox 401 2203 508 2258; x_wconf 89' lang='lat' dir='ltr'>adsciti</span> <span class='ocrx_word' id='word_1_102' title='bbox 527 2203 650 2272; x_wconf 85' lang='lat' dir='ltr'>fuerint,</span> <span class='ocrx_word' id='word_1_103' title='bbox 670 2207 774 2273; x_wconf 81' lang='lat' dir='ltr'>utpote</span> <span class='ocrx_word' id='word_1_104' title='bbox 793 2201 975 2256; x_wconf 83' lang='lat' dir='ltr'>Clericorum</span> <span class='ocrx_word' id='word_1_105' title='bbox 994 2202 1202 2274; x_wconf 86' lang='lat' dir='ltr'>Regularium,</span> <span class='ocrx_word' id='word_1_106' title='bbox 1222 2220 1254 2257; x_wconf 89' lang='lat' dir='ltr'>re</span> <span class='ocrx_word' id='word_1_107' title='bbox 1273 2209 1304 2257; x_wconf 90' lang='lat' dir='ltr'>et</span> <span class='ocrx_word' id='word_1_108' title='bbox 1317 2204 1448 2270; x_wconf 87' lang='lat' dir='ltr'>nomine,</span> <span class='ocrx_word' id='word_1_109' title='bbox 1462 2201 1503 2255; x_wconf 90' lang='lat' dir='ltr'>ab</span> 
     </span>
     <span class='ocr_line' id='line_1_16' title="bbox 203 2291 1503 2364; baseline 0.001 -20"><span class='ocrx_word' id='word_1_110' title='bbox 203 2294 267 2362; x_wconf 88' lang='lat' dir='ltr'>ipsa</span> <span class='ocrx_word' id='word_1_111' title='bbox 279 2292 348 2346; x_wconf 89' lang='lat' dir='ltr'>sede</span> <span class='ocrx_word' id='word_1_112' title='bbox 366 2292 538 2364; x_wconf 87' lang='lat' dir='ltr'>Apostolioa</span> <span class='ocrx_word' id='word_1_113' title='bbox 556 2291 725 2363; x_wconf 86' lang='lat' dir='ltr'>approbato,</span> <span class='ocrx_word' id='word_1_114' title='bbox 738 2308 807 2346; x_wconf 84' lang='lat' dir='ltr'>mox</span> <span class='ocrx_word' id='word_1_115' title='bbox 819 2309 838 2345; x_wconf 86' lang='lat' dir='ltr'>a</span> <span class='ocrx_word' id='word_1_116' title='bbox 849 2309 904 2346; x_wconf 84' lang='lat' dir='ltr'>sua</span> <span class='ocrx_word' id='word_1_117' title='bbox 916 2293 1033 2363; x_wconf 83' lang='lat' dir='ltr'>origine</span> <span class='ocrx_word' id='word_1_118' title='bbox 1047 2293 1151 2364; x_wconf 89' lang='lat' dir='ltr'>prima,</span> <span class='ocrx_word' id='word_1_119' title='bbox 1163 2293 1330 2363; x_wconf 82' lang='lat' dir='ltr'>gaudentes</span> <span class='ocrx_word' id='word_1_120' title='bbox 1342 2307 1503 2362; x_wconf 84' lang='lat' dir='ltr'>speramus</span> 
     </span>
     <span class='ocr_line' id='line_1_17' title="bbox 202 2381 1503 2451; baseline 0 -17"><span class='ocrx_word' id='word_1_121' title='bbox 202 2381 396 2436; x_wconf 80' lang='lat' dir='ltr'>novissimam</span> <span class='ocrx_word' id='word_1_122' title='bbox 414 2381 492 2436; x_wconf 88' lang='lat' dir='ltr'>hanc</span> <span class='ocrx_word' id='word_1_123' title='bbox 510 2386 643 2435; x_wconf 81' lang='lat' dir='ltr'>nostram</span> <span class='ocrx_word' id='word_1_124' title='bbox 661 2381 840 2435; x_wconf 83' lang='lat' dir='ltr'>instantiam</span> <span class='ocrx_word' id='word_1_125' title='bbox 858 2397 958 2434; x_wconf 87' lang='lat' dir='ltr'>coram</span> <span class='ocrx_word' id='word_1_126' title='bbox 975 2381 1135 2451; x_wconf 86' lang='lat' dir='ltr'>Majestate</span> <span class='ocrx_word' id='word_1_127' title='bbox 1154 2381 1264 2436; x_wconf 84' lang='lat' dir='ltr'>Vestra</span> <span class='ocrx_word' id='word_1_128' title='bbox 1281 2381 1503 2450; x_wconf 72' lang='lat' dir='ltr'>sacratissima,</span> 
     </span>
     <span class='ocr_line' id='line_1_18' title="bbox 202 2469 1503 2542; baseline -0.002 -18"><span class='ocrx_word' id='word_1_129' title='bbox 202 2471 317 2525; x_wconf 87' lang='lat' dir='ltr'>sincere</span> <span class='ocrx_word' id='word_1_130' title='bbox 336 2471 510 2542; x_wconf 83' lang='lat' dir='ltr'>expositam,</span> <span class='ocrx_word' id='word_1_131' title='bbox 528 2475 665 2541; x_wconf 87' lang='lat' dir='ltr'>optatum</span> <span class='ocrx_word' id='word_1_132' title='bbox 684 2469 775 2523; x_wconf 88' lang='lat' dir='ltr'>finem</span> <span class='ocrx_word' id='word_1_133' title='bbox 793 2471 980 2536; x_wconf 84' lang='lat' dir='ltr'>sortiturum,</span> <span class='ocrx_word' id='word_1_134' title='bbox 1000 2487 1037 2523; x_wconf 85' lang='lat' dir='ltr'>ex</span> <span class='ocrx_word' id='word_1_135' title='bbox 1057 2487 1091 2524; x_wconf 91' lang='lat' dir='ltr'>eo</span> <span class='ocrx_word' id='word_1_136' title='bbox 1103 2471 1153 2524; x_wconf 85' lang='lat' dir='ltr'>vel</span> <span class='ocrx_word' id='word_1_137' title='bbox 1166 2471 1296 2524; x_wconf 87' lang='lat' dir='ltr'>maxime</span> <span class='ocrx_word' id='word_1_138' title='bbox 1309 2471 1408 2540; x_wconf 86' lang='lat' dir='ltr'>capite</span> <span class='ocrx_word' id='word_1_139' title='bbox 1420 2469 1503 2541; x_wconf 87' lang='lat' dir='ltr'>quod</span> 
     </span>
     <span class='ocr_line' id='line_1_19' title="bbox 202 2557 1502 2631; baseline -0.001 -18"><span class='ocrx_word' id='word_1_140' title='bbox 202 2565 306 2614; x_wconf 88' lang='lat' dir='ltr'>notum</span> <span class='ocrx_word' id='word_1_141' title='bbox 329 2565 575 2631; x_wconf 86' lang='lat' dir='ltr'>perspectumque</span> <span class='ocrx_word' id='word_1_142' title='bbox 587 2559 673 2614; x_wconf 86' lang='lat' dir='ltr'>nobis</span> <span class='ocrx_word' id='word_1_143' title='bbox 684 2560 726 2614; x_wconf 92' lang='lat' dir='ltr'>sit</span> <span class='ocrx_word' id='word_1_144' title='bbox 738 2559 930 2630; x_wconf 84' lang='lat' dir='ltr'>MaJ&#39;estatem</span> <span class='ocrx_word' id='word_1_145' title='bbox 948 2559 1089 2614; x_wconf 88' lang='lat' dir='ltr'>Vestram</span> <span class='ocrx_word' id='word_1_146' title='bbox 1108 2559 1346 2614; x_wconf 68' lang='lat' dir='ltr'>Sacratismmam</span> <span class='ocrx_word' id='word_1_147' title='bbox 1360 2557 1502 2629; x_wconf 88' lang='lat' dir='ltr'>exemplo</span> 
     </span>
     <span class='ocr_line' id='line_1_20' title="bbox 201 2647 1503 2720; baseline -0.002 -18"><span class='ocrx_word' id='word_1_148' title='bbox 201 2648 397 2720; x_wconf 89' lang='lat' dir='ltr'>gloriosorum</span> <span class='ocrx_word' id='word_1_149' title='bbox 428 2667 549 2704; x_wconf 90' lang='lat' dir='ltr'>suorum</span> <span class='ocrx_word' id='word_1_150' title='bbox 577 2648 723 2718; x_wconf 87' lang='lat' dir='ltr'>majorum</span> <span class='ocrx_word' id='word_1_151' title='bbox 751 2665 852 2703; x_wconf 84' lang='lat' dir='ltr'>sacrae</span> <span class='ocrx_word' id='word_1_152' title='bbox 880 2648 987 2702; x_wconf 90' lang='lat' dir='ltr'>horum</span> <span class='ocrx_word' id='word_1_153' title='bbox 1014 2649 1155 2720; x_wconf 88' lang='lat' dir='ltr'>religioni</span> <span class='ocrx_word' id='word_1_154' title='bbox 1178 2647 1353 2704; x_wconf 86' lang='lat' dir='ltr'>benevolam</span> <span class='ocrx_word' id='word_1_155' title='bbox 1381 2663 1503 2718; x_wconf 87' lang='lat' dir='ltr'>semper</span> 
     </span>
     <span class='ocr_line' id='line_1_21' title="bbox 202 2739 347 2793; baseline 0 -1"><span class='ocrx_word' id='word_1_156' title='bbox 202 2739 347 2793; x_wconf 88' lang='lat' dir='ltr'>extitisse.</span> 
     </span>
    </p>
   </div>
   <div class='ocr_carea' id='block_1_5' title="bbox 0 0 1576 5218">
    <p class='ocr_par' dir='ltr' id='par_1_5' title="bbox 0 0 1576 5218">
     <span class='ocr_line' id='line_1_22' title="bbox 0 0 1576 5218; baseline 0 0"><span class='ocrx_word' id='word_1_157' title='bbox 0 0 1576 5218; x_wconf 95' lang='lat' dir='ltr'> </span> 
     </span>
    </p>
   </div>
  </div>
 </body>
</html>
