3182 5212
1299 384 1364 448 757

71 603 167 663 nem;
191 580 358 648 formatae
382 583 607 648 nihilominus
631 587 779 648 rationes
807 605 910 666 super
942 584 1112 666 perceptis
1145 589 1180 645 et
1214 584 1364 667 erogatis

70 691 212 754 summis
242 691 454 771 pecuniariis,
487 688 653 754 dissoluto
686 692 870 756 novissime
903 712 921 753 e
956 688 1115 775 benignis
1148 687 1247 754 nobis
1280 691 1363 753 visis

70 799 244 862 rationum
272 799 454 862 momentis
487 819 535 881 eo,
569 798 660 882 quod
693 800 730 862 in
762 800 877 884 regnis
909 797 1113 880 Dalmatiae,
1146 797 1305 863 Croatiae
1329 805 1364 861 et

70 903 270 969 Sclaveniae
293 905 338 969 ad
362 906 664 988 pertractationem
688 907 888 990 quorumvis
912 904 1088 988 praedicta
1120 926 1227 990 regna
1260 906 1364 988 respi-

68 1012 236 1077 cientium
274 1015 490 1098 negotiorum
529 1011 908 1095 publico-politicorum,
947 1010 1289 1076 contributionalium
1328 1019 1363 1074 et

68 1119 504 1184 oeconomico-militarium
523 1126 603 1183 ante
628 1119 760 1204 aliquot
776 1140 882 1183 annos
897 1125 1050 1184 erectum
1073 1127 1109 1184 et
1132 1121 1362 1183 constitutum

69 1223 194 1308 fuerat,
217 1227 378 1308 Consilio,
411 1248 473 1308 cpe
501 1226 617 1311 Regni
646 1225 977 1290 Locumtenentialis
1001 1225 1146 1290 Consilii
1170 1225 1364 1310 Hungarioi

68 1334 216 1398 demisse
240 1333 349 1399 Nobis
373 1333 631 1398 submittantur.

178 1439 234 1506 Ad
258 1439 517 1505 contestandam
541 1440 697 1525 denique,
721 1445 847 1522 quartu
878 1439 1088 1524 singularem
1111 1445 1272 1521 nostram,
1295 1460 1362 1524 qua

67 1571 151 1634 erga
174 1548 305 1615 Urbem
327 1547 416 1612 hanc
440 1547 592 1630 ferimur,
624 1549 893 1630 propensionem,
925 1545 1114 1630 benignum
1137 1546 1175 1608 in
1198 1546 1233 1610 id
1258 1547 1363 1610 etiam

66 1677 244 1720 assensum
282 1655 448 1719 Nostrum
468 1717 469 1720 ,
487 1653 696 1736 praebemus,
734 1660 774 1717 ut
813 1652 1013 1718 confirmato
1053 1651 1188 1717 consilii
1224 1649 1363 1734 majoris

68 1771 104 1827 et
128 1763 270 1826 minoris
304 1763 527 1846 0101011111,ὁ
559 1760 711 1825 familiae
743 1760 1016 1824 consiliariorum
1048 1781 1108 1822 seu
1141 1760 1363 1842 patriciorum

67 1871 163 1935 ultro
186 1872 292 1935 etiam
316 1871 499 1954 patricium
522 1867 663 1933 Politici
686 1866 789 1951 hujus
812 1868 972 1950 Corporis
996 1866 1159 1931 honorem
1182 1875 1217 1931 01
1241 1866 1362 1931 distin-

66 1981 219 2044 ctionem
251 1984 400 2042 teneant.
439 1977 622 2042 Caeterum
655 1984 772 2040 autem
803 1976 1030 2060 praescriptae
1061 1974 1104 2038 de
1135 1974 1209 2060 lege
1241 1974 1362 2039 nobili-

68 2094 179 2150 tatem
211 2087 309 2171 regni
341 2084 542 2169 Hungariae
570 2083 800 2169 consequendi
823 2085 899 2147 viae
924 2085 966 2146 iis
990 2084 1027 2146 in
1051 2083 1169 2166 patulo
1193 2091 1361 2147 maneant.

68 2194 118 2258 Et
141 2191 431 2279 quemadmodum
454 2190 576 2254 urbem
598 2189 686 2254 hanc
709 2190 967 2254 Fluminensem
991 2190 1109 2254 Sancti
1133 2191 1209 2255 Viti
1233 2213 1275 2254 ex
1299 2190 1362 2256 hcc

66 2301 268 2383 cumprimis
292 2297 446 2380 01110110,
477 2304 553 2361 tum
585 2319 666 2361 vero
699 2319 742 2361 ex
775 2299 968 2380 praemissis
1001 2295 1158 2361 omnibus
1191 2299 1362 2383 insignem

65 2408 288 2472 clementiam
321 2411 356 2468 01
389 2405 647 2486 propensionem
684 2404 855 2488 Nostram,
887 2425 954 2488 qua
987 2425 1062 2467 eam
1094 2403 1362 2489 complectimur,

65 2516 267 2600 agniturum
290 2533 362 2575 esse
386 2509 500 2574 nullae
524 2509 741 2574 dubitamus:
764 2512 814 2573 ita
838 2511 992 2574 eamdem
1015 2509 1180 2574 collatum
1203 2511 1270 2575 sibi
1293 2515 1362 2577 vir-

65 2627 146 2686 tute
170 2619 357 2703 praesentis
381 2616 558 2701 privilegii
581 2617 700 2682 Nostri
720 2616 924 2681 beneficium
947 2625 982 2682 et
1005 2638 1074 2681 non
1089 2617 1270 2703 vulgarem
1285 2643 1361 2705 gra-

66 2731 164 2810 tiam,
187 2749 226 2791 ec
249 2747 317 2812 quo
350 2747 411 2808 par
443 2731 504 2807 est,
538 2723 635 2788 cultu
667 2733 702 2788 et
734 2727 954 2788 veneratione
987 2731 1230 2808 suscepturam,
1256 2747 1294 2790 ac
1319 2728 1361 2792 de

66 2831 252 2917 Majestate
275 2838 401 2914 nostra,
425 2830 696 2916 haeredibusque
713 2841 747 2896 et
764 2831 1014 2896 successoribus
1029 2831 1174 2914 Nostris,
1195 2832 1361 2918 legitimis

65 2941 232 3008 videlicet
255 2939 456 3024 Hungariae
488 2937 636 3023 regibuS,
664 2940 758 3003 omni
785 2933 865 3022 fide,
898 2939 1091 3003 constantia
1123 2947 1159 3002 01
1192 2933 1361 3004 fidelitate

61 3049 200 3135 jugiter
223 3047 409 3132 promereri
432 3047 658 3110 admissuram
682 3069 762 3128 esse,
788 3046 887 3128 plane
911 3045 1122 3110 confidimus
1170 3039 1173 3045 ’

176 3155 287 3232 Quare
312 3160 347 3218 01
370 3153 442 3218 Nos
467 3161 600 3234 cuncta,
623 3173 710 3237 quae
736 3156 918 3236 praemissa
943 3161 1032 3234 sunt,
1066 3152 1213 3239 benigne
1239 3153 1360 3218 confir-

65 3285 201 3329 mamus
221 3263 341 3344 denu0,
365 3261 630 3345 roboramusque
654 3269 689 3325 01
712 3261 940 3344 adprobamus
963 3258 1067 3345 hujus
1086 3261 1214 3344 Nostri,
1231 3269 1360 3326 secreto

65 3365 191 3452 majori
214 3369 329 3454 sigillo
352 3368 488 3450 Nostr0,
515 3388 583 3453 quo
607 3374 646 3431 ut
671 3370 789 3453 regina
813 3369 1012 3454 Hungariae
1045 3370 1184 3451 utimur,
1215 3371 1251 3433 in
1281 3392 1360 3452 pen-

64 3478 167 3541 denti
191 3477 394 3540 communiti
417 3474 615 3558 diplomatis
638 3477 758 3560 vigore
781 3483 816 3539 et
840 3477 1046 3540 testimonie.

176 3583 308 3648 Datum
332 3606 392 3665 per
415 3603 537 3646 manus
561 3581 672 3646 fidelis
696 3583 815 3647 Nostri
847 3583 945 3648 nobis
978 3586 1107 3648 sincere
1136 3583 1264 3666 dilecti,
1288 3606 1360 3667 spe-

64 3689 206 3757 ctabilis
234 3713 273 3754 ac
306 3688 481 3774 magnifici
507 3692 643 3754 comitis
676 3691 851 3754 Francisci
884 3690 1095 3776 Eszterhrlzy
1128 3691 1170 3756 de
1202 3691 1360 3774 Calanta,

68 3799 226 3882 perpetui
250 3799 386 3860 comitis
409 3798 447 3860 in
469 3794 617 3880 Fraknd,
641 3801 736 3860 aurei
760 3797 898 3862 velleris
921 3805 956 3863 et
979 3821 1047 3863 una
1064 3800 1211 3886 insignis
1229 3799 1359 3862 ordinis

63 3907 179 3969 sancti
203 3902 370 3987 Stephani
393 3906 484 3988 regis
507 3903 686 3988 apostolici
709 3926 853 3990 magnae
882 3908 991 3971 crucis
1014 3909 1150 3992 equitis,
1182 3907 1359 3970 camerarii

64 4018 102 4076 et
127 4011 313 4075 consiliarii
328 4011 448 4075 Nostri
463 4013 608 4077 actualis
628 4015 753 4095 intimi,
769 4016 952 4077 comitatus
969 4015 1194 4078 Mosoniensis
1210 4013 1359 4095 supremi

63 4120 212 4202 comitis,
245 4119 358 4182 curiae
392 4125 527 4182 nostrae
561 4121 675 4203 regiae
708 4141 768 4201 per
799 4119 1017 4204 Hungariam
1049 4122 1217 4205 magistri,
1242 4125 1276 4182 et
1300 4140 1360 4201 per

63 4225 259 4291 antelatum
282 4247 427 4311 regnum
450 4233 606 4290 nostrum
630 4225 830 4310 Hungariae
854 4225 952 4288 aulae
977 4233 1078 4308 prout
1102 4235 1136 4290 et
1161 4227 1247 4291 dicti
1271 4225 1360 4290 ordi-

64 4333 121 4396 nis
157 4334 248 4396 santi
281 4331 448 4414 Stephani
485 4331 689 4414 cancellarii,
728 4333 765 4395 11
802 4330 1013 4395 archiducali
1052 4334 1194 4396 civitate
1233 4332 1357 4396 Nostra

65 4438 221 4503 Viennae
254 4437 424 4519 Austriae,
458 4437 513 4500 die
540 4437 591 4500 23.
615 4435 746 4520 Aprilis
770 4457 859 4501 anno
882 4436 1023 4501 Domini
1048 4437 1143 4516 1779,
1175 4459 1359 4522 regnorum

177 4667 232 4719 *A
251 4665 299 4719 kis
318 4665 468 4737 (szukebb)
488 4665 593 4720 tantos
612 4667 655 4734 25,
675 4683 692 4718 a
712 4683 793 4736 nagy
813 4666 848 4720 50
867 4663 1063 4736 patriciusbol
1082 4663 1179 4718 allott.
