3192 5214
537 583 587 652 Aa
615 584 735 652 ollevcl
758 585 864 651 halaa
888 585 1033 672 applorat.
1057 586 1184 654 hetzel:

320 745 372 812 De
396 747 636 812 ecclesiasticis
664 755 802 812 sanctae
834 748 941 812 maria
974 746 1106 812 scilicet
1137 749 1247 813 sancti
1278 749 1394 812 aniani
1425 752 1511 835 quia

212 853 395 921 refundere
428 875 544 926 omnes
575 875 645 920 non
675 857 849 938 potuimus
881 851 1146 938 subscripsimus
1168 862 1285 920 autem
1308 855 1389 921 hinc
1416 851 1420 919 l
1445 856 1509 922 VI.

213 962 363 1046 planele¹
387 968 423 1026 el
446 961 505 1027 VI.
529 960 614 1046 albe,
638 983 717 1028 cum
740 963 877 1028 amiclis
898 969 934 1026 et
958 961 1064 1045 stolis,
1087 967 1191 1047 alque
1214 983 1293 1028 cum
1321 963 1511 1046 manipulis

212 1077 247 1134 cl
270 1069 461 1152 capitulum
484 1069 677 1152 dalmatiae,
701 1079 737 1134 el
760 1067 806 1134 Π.
830 1068 982 1152 subtilia,
1010 1068 1037 1135 I.
1061 1072 1205 1153 curtina,
1232 1065 1235 1156 l
1261 1070 1360 1152 linea,
1384 1071 1512 1137 calices

212 1179 308 1241 aurei
331 1176 462 1242 scilicet
486 1185 556 1242 tres
582 1173 586 1262 Ι
611 1178 680 1242 duo
703 1175 908 1242 candelabra
940 1184 1112 1263 argentea.
1146 1177 1263 1244 Unum
1288 1177 1510 1244 thuribulum

212 1305 354 1349 aureum
383 1291 418 1348 el
451 1305 519 1350 una
552 1307 636 1350 crux
670 1307 746 1350 ersa
779 1286 952 1350 deaurata.
985 1285 1096 1350 Pallia
1128 1285 1211 1351 ΧΠ.
1243 1286 1312 1352 duc
1344 1287 1509 1370 missales,

212 1412 319 1456 unum
351 1391 560 1476 noclumale,
592 1392 660 1460 duo
691 1391 872 1478 gradalia,⁸
902 1391 1041 1475 ampula
1072 1399 1244 1480 argentea,
1269 1414 1338 1457 una
1362 1393 1510 1458 scutella

211 1504 384 1584 argentea,
415 1505 451 1563 el
479 1499 627 1564 salinum
659 1505 870 1584 argenteum.
903 1499 1020 1566 Unum
1053 1499 1203 1564 cocleare
1234 1507 1437 1586 argenteum
1469 1501 1510 1565 in

214 1603 308 1688 p'ecia
331 1607 408 1672 duo.
431 1605 480 1672 Ec
503 1605 657 1672 baccinia
681 1607 758 1672 duc.
790 1604 965 1673 Adiunxit
988 1627 1122 1692 quoque
1148 1608 1320 1690 piissimus
1351 1629 1412 1672 rex
1446 1629 1511 1690 pro

212 1713 415 1778 necessilala
447 1713 539 1780 eccle
570 1721 674 1799 atque
707 1713 822 1779 forum
847 1709 850 1798 l
876 1713 1116 1798 bezprenensis
1153 1716 1296 1780 mercati
1334 1714 1510 1780 tribulum

212 1819 376 1886 videlicet
400 1843 497 1888 suam
520 1829 653 1906 partem
676 1825 714 1887 in
737 1821 871 1886 cacabis
895 1829 930 1886 el
954 1821 1205 1904 comenibusff)
1221 1825 1260 1888 in
1274 1823 1385 1908 ydriis
1401 1823 1510 1886 eliam

213 1930 249 1992 in
272 1929 430 1994 omnibus
454 1929 680 1995 ferramentis

276 2171 280 2178 '
323 2169 476 2225 ¹Plancta
502 2195 534 2218 ==
562 2172 671 2242 casula,
700 2175 769 2246 papi
796 2175 883 2246 ruha,
903 2177 1045 2248 szintugy
1065 2191 1098 2230 az
1117 2173 1194 2243 alba,
1222 2176 1359 2244 amictus,
1378 2174 1457 2229 stola
1479 2179 1514 2233 es·

121 2285 123 2290 ,
213 2255 382 2314 dalmatica.

322 2357 332 2386 ι
350 2347 463 2421 saeny.
