3142 5214
1316 364 1380 428 571

84 555 250 622 finiorum
283 557 503 642 reliquissent
535 561 572 622 in
604 562 675 623 suis
707 562 933 642 testamentis,
966 581 1043 624 cum
1076 560 1240 624 ditissimi
1269 560 1383 624 medio

84 671 242 748 tempore
278 664 430 730 Praelati
464 669 612 730 emortui
644 673 743 731 sunt:
775 669 853 752 quis
886 666 1026 731 dubitat
1058 666 1182 732 bonam
1214 689 1382 731 summam

84 769 195 836 fuisse
234 771 400 837 hactenus
435 773 645 838 cumulatam
678 795 738 858 pro
771 777 975 839 necessitate
1008 773 1252 857 Confiniorum,
1284 781 1320 838 et
1352 777 1381 838 si

84 877 231 960 posthac
264 877 426 964 facerent,
458 887 658 965 sequeretur
689 881 780 946 haud
814 881 959 946 dubium
991 881 1134 946 effectus
1160 881 1382 945 desideratus.

197 985 286 1051 Sunt
313 986 443 1052 adhaec
465 989 503 1052 in
526 1009 631 1073 regno
663 989 883 1072 caducitates,
908 1011 967 1072 per
989 1009 1073 1073 quas
1105 988 1219 1072 ampla
1241 988 1380 1073 aliquod

84 1094 178 1160 bona
201 1097 243 1160 ad
271 1117 430 1161 coronam
462 1095 704 1178 devolvuntur,
731 1100 766 1158 et
789 1093 867 1158 aliis
900 1116 961 1178 pro
990 1097 1133 1178 pecunia
1165 1094 1381 1160 venduntur:

81 1225 174 1287 quae
199 1206 352 1287 pecunia,
375 1205 404 1268 si
427 1202 471 1266 ad
496 1200 654 1266 Confinia
676 1207 944 1285 converteretur,
972 1204 1098 1267 mirum
1129 1209 1297 1287 quantum
1320 1201 1380 1266 illa

81 1311 143 1375 vel
167 1309 232 1374 hac
256 1313 362 1375 etiam
378 1313 511 1376 ratione
530 1307 649 1394 juvari
672 1315 819 1394 possent,
834 1315 874 1374 ut
890 1312 982 1375 intra
1002 1332 1126 1395 paucos
1149 1311 1260 1374 solum
1275 1331 1382 1374 annos

82 1439 127 1481 ex
152 1415 351 1500 hujusmodi
384 1417 579 1481 caducitate
610 1418 797 1502 acquisivit
824 1416 967 1482 (lamera
991 1417 1024 1482 S.
1047 1419 1094 1482 M.
1117 1417 1209 1483 ultra
1232 1416 1381 1480 mediam

82 1524 287 1608 millianam,
311 1523 501 1608 exquibus
529 1523 618 1588 nihil
642 1524 686 1588 ad
710 1523 868 1589 Confinia
900 1525 1118 1591 redundavit.
1145 1525 1224 1590 Non
1256 1523 1381 1587 desunt

82 1630 148 1694 alii
173 1634 279 1696 ctiam
302 1631 397 1696 modi
420 1630 601 1716 mediaque
625 1633 826 1714 optima...

196 1735 328 1814 Quibus
344 1736 507 1802 omnibus
519 1740 569 1802 sic
585 1740 787 1821 praemissis,
804 1747 839 1803 et
855 1741 892 1803 in
909 1739 1037 1805 bonum
1051 1742 1211 1832 ordinem⁴
1224 1742 1382 1822 redactis,

82 1846 176 1910 nulli
199 1844 431 1910 dubitandum
463 1851 524 1929 est,
557 1865 653 1929 posse
684 1844 745 1909 illa
778 1844 944 1930 Oonfinia,
975 1869 1063 1934 quae
1094 1855 1187 1912 certa
1212 1848 1381 1912 solutione

82 1960 215 2036 carent,
238 1953 302 2018 hac
325 1955 459 2018 ratione
481 1953 623 2036 exsolvi,
645 1952 869 2039 defectusque
893 1975 1010 2020 eorum
1034 1977 1113 2021 cum
1135 1955 1381 2022 inaestimabili

83 2059 178 2123 bono
197 2062 305 2124 totius
328 2059 453 2145 Regni,
467 2081 508 2124 ac
524 2058 556 2124 S.
572 2059 617 2125 M
633 2060 804 2145 suppleri:
827 2061 892 2128 hoc
914 2065 1006 2128 enim
1029 2063 1142 2128 medio
1167 2070 1220 2128 tot
1236 2063 1382 2128 insolen-

84 2169 159 2232 tiae
182 2165 373 2232 Turcarum
396 2170 620 2251 evitarentur,
643 2171 703 2252 qui
726 2167 819 2234 haud
843 2169 947 2235 dubie
963 2171 1121 2236 videntes
1139 2171 1382 2256 promptitudi-

82 2295 175 2357 nem,
214 2273 495 2360 alacritatemque
527 2282 681 2350 nostram
712 2277 750 2339 in
787 2275 1021 2360 defendendis,
1058 2279 1380 2365 propugnandisque

83 2380 256 2446 Confiniis
279 2383 415 2466 nostris,
438 2403 478 2445 ac
493 2381 616 2468 Regno
635 2385 726 2466 ipso:
752 2385 969 2447 continerent
984 2405 1028 2468 se,
1045 2391 1081 2448 et
1096 2405 1165 2449 non
1181 2391 1253 2449 tam
1269 2384 1381 2465 facilc,

84 2495 128 2552 nt
143 2488 318 2571 hactenns,
338 2495 567 2570 excurrerent,
588 2491 657 2554 nisi
677 2489 768 2554 forte
783 2495 903 2573 aperto
918 2497 1037 2574 marte,
1056 2499 1225 2576 ruptoque
1244 2491 1380 2557 foedere

83 2603 315 2681 erumperent,
348 2603 534 2682 contraque
567 2596 868 2663 Christianitatem
901 2597 991 2663 bella
1024 2606 1220 2665 moverent:
1252 2621 1319 2685 quo
1344 2603 1381 2664 in

84 2704 179 2769 Casu
202 2703 271 2768 alia
288 2705 491 2787 provisione,
514 2704 557 2768 de
573 2725 640 2789 qua
656 2725 768 2788 supra,
791 2725 875 2789 opus
899 2711 997 2770 esset.
1020 2705 1097 2771 Hoc
1113 2707 1214 2771 modo
1237 2709 1380 2772 miserae

85 2809 182 2894 plebi
198 2809 427 2874 desideratam
443 2814 664 2876 securitatem
680 2810 802 2895 facere,
816 2834 857 2876 ac
871 2812 978 2877 Genti
994 2834 1129 2898 quoque
1145 2812 1226 2878 huic
1241 2814 1381 2878 alacrio-

84 2940 160 2981 rem
183 2919 336 2982 animum
359 2917 403 2982 ad
428 2920 570 3002 quaevis
595 2939 656 3004 pro
688 2917 785 3005 Rege
809 2926 845 2983 et
868 2919 986 2984 Patria
1018 2921 1224 2986 attentanda
1255 2922 1381 2986 addere

86 3047 270 3108 possemus.

195 3132 289 3210 Quae
312 3141 352 3197 ut
375 3131 444 3196 Sua
468 3132 615 3197 Meum
646 3131 805 3198 fidelibus
838 3137 908 3198 suis
941 3134 1141 3220 Regnicolis
1164 3137 1201 3199 in
1225 3135 1380 3200 ordinem

86 3239 243 3324 redigere
256 3239 468 3325 dignaretur,
480 3239 810 3325 supplicandumque
823 3249 912 3306 esset
928 3241 1016 3306 Suae
1032 3241 1078 3306 M.
1095 3245 1115 3324 i,
1132 3264 1211 3306 nam
1226 3242 1381 3327 alioquin

84 3349 189 3411 utin
213 3347 367 3412 infinitas
399 3348 619 3413 involvamur
651 3347 886 3432 difficultates,
918 3349 1079 3434 Gensque
1112 3347 1195 3413 haec
1218 3355 1272 3412 tot
1295 3349 1382 3413 'Pur-

85 3457 170 3520 cicis
193 3454 386 3520 insolentiis
417 3463 553 3538 vexata,
584 3455 630 3520 ab
652 3459 746 3520 omni
769 3477 832 3542 ope
855 3458 1034 3541 destituta,
1067 3476 1145 3520 mox
1169 3459 1206 3521 in
1225 3455 1381 3539 despera-

85 3565 217 3626 tionem
240 3567 318 3626 aota
340 3583 408 3626 una
436 3582 551 3626 secum
574 3561 737 3647 Regnum
759 3583 894 3647 quoque
925 3565 1075 3646 amittat,
1106 3563 1295 3628 verendum
1319 3574 1380 3627 est.
