3160 5212
210 360 276 424 334

209 565 297 638 nate,
329 557 536 620 Archiducis
568 557 708 621 Austrie
741 565 804 621 etc.
829 558 999 640 Principis
1022 557 1240 640 Arragonum
1264 563 1299 619 et
1322 557 1492 640 utriusque

209 666 334 748 steine,
367 665 431 730 filii
459 689 497 730 ac
523 665 641 728 fratris
665 667 774 730 nostri
797 665 998 746 charissimi,
1036 665 1143 728 Cuius
1166 667 1203 727 in
1225 663 1288 727 hac
1313 671 1408 746 parte
1434 663 1494 746 ple-

209 795 288 836 nam
312 775 515 857 suscipimus
538 774 649 835 vicem
672 779 708 834 et
741 777 955 854 potestatem.
987 771 1085 848 Quod
1118 793 1196 834 cum
1229 771 1298 834 Nos
1336 779 1492 855 tanquam

208 882 442 945 Romanorum
471 902 531 944 rex
555 880 662 963 regali
687 880 835 964 quodam
858 879 986 943 affectu
1009 881 1185 963 cupiamus
1208 879 1250 942 ad
1275 879 1378 964 idque
1394 881 1494 961 ipsius

208 990 349 1072 Imperii
365 988 595 1074 gubernacula
621 990 867 1070 susceperimus
884 999 923 1050 ut
947 989 1109 1051 continuo
1126 987 1252 1051 Christ.
1276 983 1493 1068 Reipublicae

209 1111 241 1160 et
268 1097 400 1160 SRom.
423 1096 564 1178 imperii
589 1120 649 1160 nec
674 1119 742 1161 non
765 1100 864 1182 regni
883 1097 1062 1181 Hungarie
1095 1099 1150 1160 cui
1183 1117 1252 1159 non
1284 1095 1495 1158 mediocriter

208 1205 340 1268 addicti
368 1227 492 1275 sumus.
516 1206 659 1269 honores
683 1207 859 1270 commoda
892 1205 1108 1290 dignitatem,
1141 1206 1433 1267 conservationem
1462 1210 1494 1263 et

208 1321 433 1396 augmentum
458 1315 677 1395 premeditari
703 1335 887 1398 proponere
912 1321 947 1376 et
973 1333 1169 1396 promovere
1194 1314 1352 1374 nitamur.
1386 1309 1433 1374 Et
1455 1309 1495 1373 ob

209 1419 243 1482 id
269 1430 340 1482 tam
364 1418 466 1504 longo
490 1428 641 1504 tempore
675 1423 941 1505 cogitaverimus
964 1427 998 1483 et
1027 1441 1164 1503 operam
1197 1418 1390 1482 dederimus
1423 1437 1495 1479 cum

209 1527 322 1590 Seren.
364 1527 523 1610 Principe
562 1527 659 1590 Dom.
707 1527 883 1592 Vladislao
921 1528 1099 1612 Hungarie
1139 1535 1172 1590 et
1216 1525 1378 1589 Bohemie
1420 1545 1495 1608 rege

208 1635 405 1698 Marchione
429 1635 582 1698 Moravie
606 1643 669 1698 etc.
693 1635 852 1718 Principe
876 1635 1033 1699 Electore
1067 1634 1173 1698 fratre
1206 1641 1239 1696 et
1274 1634 1496 1716 consangineo

208 1751 325 1806 nostro
349 1741 557 1826 charissimo,
590 1752 754 1827 tanquam
788 1744 1024 1807 communibus
1057 1742 1184 1806 Christ.
1218 1742 1364 1804 nominis
1397 1751 1496 1823 atque

209 1849 334 1912 federis
367 1850 524 1914 hostibus
553 1851 808 1913 immanissimis
833 1850 978 1914 Turchis
1012 1853 1166 1934 proximo
1191 1857 1226 1912 et
1259 1848 1497 1912 Collimitaneo

208 1959 333 2042 (piique
353 1960 444 2020 inter
467 1957 528 2020 hos
553 1963 588 2019 et
612 1978 744 2020 sacrum
768 1957 963 2020 Romanum
987 1957 1174 2040 Imperium
1207 1965 1241 2020 et
1277 1954 1425 2038 prefatos
1449 1956 1497 2017 in-

208 2063 325 2128 fideles
348 2064 559 2128 antemurale
593 2073 628 2127 et
663 2065 955 2148 propugnaculum
989 2064 1161 2149 quoddam
1194 2065 1321 2127 existit.
1354 2062 1402 2125 Et
1441 2083 1498 2144 per

208 2193 308 2255 quem
328 2174 486 2235 universe
511 2174 559 2235 rei
587 2172 719 2255 publice
744 2172 871 2236 Christ.
896 2172 927 2235 S.
952 2173 1101 2256 Imperio
1124 2183 1157 2235 et
1182 2172 1304 2255 Regno
1321 2170 1498 2252 Hungarie

208 2279 314 2342 multa
351 2280 513 2344 beneficia
549 2283 693 2362 prestari
718 2289 867 2363 possunt,
892 2283 1059 2344 sinceram
1083 2281 1272 2343 amiciciam
1298 2276 1499 2341 benevolen-

209 2388 292 2448 tiam
318 2394 421 2471 atque
446 2387 634 2452 fraternam
658 2389 818 2450 unionem
842 2388 1043 2451 contrahere
1067 2394 1170 2472 atque
1194 2408 1338 2450 servare.
1355 2386 1500 2466 Propter

206 2493 298 2575 quod
315 2495 421 2557 etiam
437 2495 668 2576 superioribus
693 2494 904 2578 temporibus
928 2499 1014 2560 moti
1030 2517 1146 2559 sumus
1171 2495 1212 2558 ad
1231 2492 1397 2557 ineundas
1412 2497 1499 2554 trac--

209 2599 330 2663 tendas
350 2607 385 2664 et
408 2602 658 2666 concludendas
682 2625 758 2666 omn
783 2601 852 2666 Ser.
877 2625 936 2666 sua
961 2604 1126 2688 quasdam
1150 2601 1319 2666 fraternas
1343 2597 1500 2662 confede-

208 2709 365 2784 rationes,
382 2716 530 2774 tractata
546 2717 580 2773 et
595 2709 839 2792 colligationes
856 2711 908 2773 Ne
919 2711 1114 2774 huiusmodi
1131 2709 1282 2773 fraterna
1296 2707 1450 2770 amicicia
1461 2727 1499 2767 ac

209 2812 447 2878 benevolenoia
473 2817 594 2900 quavis
611 2818 743 2880 ratione
766 2819 940 2879 occasione
957 2816 1012 2880 vel
1029 2818 1257 2900 suggestione,
1273 2835 1338 2898 que
1355 2812 1500 2876 fortasse

208 2919 251 2982 ab
275 2922 396 2984 emulis
420 2925 546 2986 nostris
570 2931 603 2987 et
629 2924 696 2987 hiis
720 2927 779 3008 qui
804 2926 938 3006 propria
964 2924 1139 2986 commoda
1168 2928 1317 3008 querunt
1350 2929 1385 2984 et
1418 2923 1501 3002 reip.

207 3027 339 3092 Christi
364 3029 395 3094 S.
419 3030 560 3112 Imperii
585 3039 618 3095 et
643 3033 758 3114 Regni
782 3033 960 3116 Hungarie
989 3031 1160 3112 honorem,
1193 3032 1432 3093 necessitatem
1465 3035 1501 3090 et

210 3140 469 3220 prosperitatem
485 3141 598 3203 minus
615 3141 831 3204 considerant
848 3140 904 3204 vel
922 3139 1210 3204 animadvertant.
1227 3139 1442 3201 disseminari
1462 3157 1501 3199 ac-

209 3244 417 3329 promulgari
443 3258 605 3330 posssent,
630 3250 902 3331 interrumpatur
926 3270 984 3311 seu
1009 3247 1230 3328 diminuatur,
1254 3245 1312 3309 sed
1337 3247 1501 3328 utrinque

209 3371 268 3432 pro
292 3355 549 3437 sustentatione,
573 3353 824 3419 confortatione
848 3362 883 3418 et
916 3356 1069 3418 utilitate
1102 3354 1384 3433 Christianitatis,
1412 3354 1504 3414 sacri

207 3457 292 3542 Imp.
312 3468 346 3523 et
362 3460 477 3545 Regni
492 3463 671 3547 Hungarie
689 3457 955 3548 magisjuniatur
970 3471 1005 3526 et
1023 3463 1225 3546 perfectioni
1240 3484 1278 3525 ac
1296 3462 1504 3543 incorrupti-

208 3563 269 3627 bili
286 3568 423 3630 vinculo
447 3578 482 3632 et
506 3569 658 3654 fraterno
674 3593 787 3636 amore
807 3572 1038 3636 consolidetur
1057 3579 1159 3656 atque
1183 3569 1348 3650 firmetur,
1371 3568 1504 3632 Iccirco

207 3669 274 3734 hiis
297 3681 331 3736 et
356 3674 419 3737 alis
443 3677 705 3741 rationalibibus
722 3681 832 3741 causis
851 3681 1003 3742 animum
1019 3686 1174 3742 nostrum
1191 3679 1423 3742 deerravimus
1441 3699 1505 3759 per

207 3781 464 3844 matrimonium
481 3783 692 3866 legittimum
716 3789 808 3849 inter
831 3787 1000 3868 Nepotem
1024 3794 1187 3852 nostrum.
1213 3783 1339 3868 prefati
1362 3782 1426 3847 filii
1461 3806 1504 3846 ac.

207 3883 325 3950 fratris
357 3892 467 3952 nostri
499 3890 690 3955 charissimi
724 3893 878 3977 Philippi
906 3894 1013 3978 Regis
1046 3893 1194 3958 Castelle
1233 3915 1271 3956 ac
1310 3892 1505 3974 supradicti

208 3993 325 4057 fratris
342 4003 376 4058 et
393 4000 636 4080 consanguinei
652 4003 761 4063 nostri
772 4000 871 4064 Char.
883 4003 930 4064 mi
950 4003 1040 4084 regis
1051 4001 1220 4064 Vladislai
1235 4007 1268 4063 et
1286 4000 1505 4062 serenissime

208 4102 370 4184 principis
394 4109 428 4165 et
453 4104 597 4168 Domine
622 4109 745 4170 sororis
768 4115 882 4171 nostre
908 4108 997 4172 char.
1022 4131 1075 4172 me
1091 4109 1191 4172 Anna
1213 4131 1254 4171 ex
1280 4106 1505 4189 Principibus

206 4207 247 4269 de
281 4209 440 4276 Candale.
472 4211 606 4296 Regina
640 4213 818 4298 Hungarie
852 4223 887 4278 et
911 4216 1049 4279 Boemie
1080 4216 1203 4279 liberos
1227 4214 1505 4278 contrahendum

206 4318 462 4380 matrimonium
483 4318 700 4383 confederare
711 4329 746 4384 et
757 4321 926 4407 colligare.
944 4323 997 4386 Ob
1014 4345 1116 4408 quam
1133 4346 1204 4387 rem
1220 4329 1353 4386 matura
1371 4321 1508 4386 delibe-

206 4425 336 4487 ratione
355 4425 532 4508 prehabita
549 4429 686 4491 nomine
703 4437 738 4492 et
754 4431 829 4494 vioe
852 4437 968 4493 nostro
992 4453 1030 4494 ac
1055 4431 1144 4494 char.
1162 4434 1208 4494 mi
1233 4431 1297 4494 filii
1320 4439 1355 4495 et
1380 4429 1507 4494 fratris

205 4533 314 4594 nostri
339 4537 567 4614 prenominati
590 4535 697 4618 Regis
722 4538 880 4605 Castelle.
904 4547 943 4601 ut
968 4539 1203 4621 supradictum
1226 4561 1265 4602 ac
1289 4537 1506 4602 cumfratre

205 4649 239 4699 et
264 4659 375 4704 sorore
400 4643 526 4704 nostris
550 4642 639 4706 char.
659 4646 722 4706 mis
747 4645 842 4728 Rege
867 4669 904 4708 ac
929 4647 1062 4731 Regina
1088 4647 1266 4730 Hungarie
1291 4655 1326 4710 et
1359 4646 1507 4710 Boemie
