3182 5212
57 581 171 660 queat,
191 569 305 656 jacere
331 572 574 656 fundamenta3
599 581 705 660 utque
739 577 788 638 sio
821 580 1024 657 perpetuum
1048 577 1196 639 materni
1219 577 1256 640 in
1280 599 1353 659 per-

57 680 197 746 charam
229 678 338 745 Nobis
370 689 510 766 gentem
535 683 739 766 Hungaram
761 680 906 744 affectus
934 687 969 744 et
999 683 1233 764 propensionis
1256 685 1353 748 testi-

57 789 212 852 monium
235 809 274 850 ac
297 796 540 873 argumentum
556 789 637 853 dare
653 788 801 872 benigne
818 787 1077 852 decreverimus,
1102 789 1227 854 Videre
1244 788 1353 854 Nobis

53 893 127 979 jam
160 895 318 959 videmus
350 893 549 980 uberrime,
581 917 666 983 quos
698 918 741 960 ex
773 895 916 960 salutari
948 894 1051 960 hocce
1084 897 1247 961 instituto
1278 899 1351 962 iure

56 1003 188 1086 optimo
204 1023 340 1084 sperare
357 1001 447 1086 licet,
463 1003 614 1086 fructus;
639 1004 835 1069 domesticis
858 1000 983 1088 quibus
1006 1025 1112 1088 regno
1136 1003 1217 1068 huic
1240 1028 1257 1068 e
1284 1007 1352 1070 sin-

55 1110 172 1196 gulari
194 1109 349 1174 authoris
373 1117 516 1176 naturae
540 1110 756 1197 benignitate
779 1109 954 1174 abundare
979 1111 1099 1174 datum
1121 1119 1183 1194 est,
1208 1119 1350 1177 naturae

55 1218 157 1282 donis
181 1225 323 1281 onustae
347 1240 452 1282 naves
485 1220 613 1283 exteris
644 1220 681 1282 in
714 1219 782 1282 oris
815 1225 849 1281 et
883 1216 1050 1299 portubus
1080 1218 1242 1302 hospites,
1271 1222 1351 1306 quia

56 1328 197 1412 ignotae
222 1347 359 1408 prorsus
383 1327 558 1412 hactenus,
580 1327 767 1392 familiares
783 1325 882 1390 brevi
899 1325 1139 1410 versabuntur,
1163 1330 1352 1412 receptisve

57 1455 120 1517 pro
143 1433 198 1498 his
220 1433 352 1516 alienis,
375 1456 521 1519 quorum
544 1435 700 1501 defectus
724 1441 785 1515 est,
809 1439 952 1498 naturae
977 1435 1163 1517 productis,
1187 1443 1247 1500 aut
1278 1445 1352 1500 arte

56 1563 230 1627 manuque
254 1540 366 1625 factis,
390 1564 477 1627 quae
500 1565 570 1608 non
593 1543 853 1608 contemnendis
878 1543 1099 1625 pecuniarum
1121 1545 1263 1607 summis
1286 1549 1353 1608 ste-

55 1655 176 1712 terunt
207 1647 383 1732 hactenus
422 1649 579 1732 refertae,
617 1651 655 1714 in
693 1651 829 1733 propria
867 1671 887 1712 a
925 1649 996 1712 suis
1027 1648 1207 1714 anhelatae
1240 1671 1352 1714 raver-

55 1763 185 1838 tentur,
209 1755 499 1841 domcsticamque
523 1758 561 1820 in
582 1756 637 1820 his
669 1757 846 1839 penuriam
874 1752 1123 1838 sublevabunt;
1147 1755 1353 1820 ditabuntur

57 1883 206 1946 paucum
229 1869 307 1945 post
330 1869 468 1946 tempus
491 1885 608 1928 omnes
631 1864 729 1948 regni
753 1869 875 1945 partes,
902 1861 1000 1926 illato
1030 1864 1157 1944 partim
1180 1871 1352 1946 extraneo,

56 1970 136 2053 plus
159 1969 272 2034 adhuc
292 1971 488 2053 domestico,
512 1968 687 2054 cujusvis
710 1971 832 2053 ingens
860 1970 1045 2052 quotannis
1068 1992 1086 2032 e
1109 1975 1222 2034 terrae
1245 1971 1352 2036 visce-

54 2077 154 2142 ribus
177 2079 319 2160 eruitur,
343 2099 429 2162 aare,
453 2079 546 2142 intra
569 2077 740 2142 ambitum
756 2077 1010 2159 provinciarum
1026 2085 1245 2158 conservato;
1269 2077 1352 2144 faci-

55 2186 124 2249 lior
155 2186 249 2249 vitae
282 2205 352 2248 non
383 2185 484 2250 modo
523 2185 777 2265 sustentandae,
816 2182 874 2246 sed
913 2189 948 2246 et
987 2184 1163 2248 commode
1200 2186 1352 2271 agendae

54 2293 180 2357 modus
199 2293 384 2377 unicuique
409 2294 539 2357 civium
555 2289 842 2376 suppeditabitur,
857 2289 1093 2354 habitantium
1115 2292 1196 2357 inde
1220 2294 1256 2356 in
1279 2292 1352 2357 dies

54 2401 169 2484 magis
201 2407 344 2464 acuetur
381 2400 561 2484 industria,
600 2400 734 2465 deserta
767 2396 888 2462 incolis
920 2396 1161 2481 replebuntur;
1189 2395 1352 2484 justaque

53 2509 146 2572 aeris
179 2507 402 2573 circulatione
438 2530 554 2573 omnes
587 2508 667 2573 illae
700 2509 814 2588 etiam,
852 2527 938 2588 quae
977 2506 1020 2570 ad
1059 2507 1241 2572 interitum
1280 2507 1351 2572 fere

53 2614 262 2700 spectabant
287 2619 386 2702 regni
409 2623 532 2700 partes,
556 2637 646 2682 novo
669 2617 767 2700 quasi
791 2615 915 2696 spiritu
939 2621 1168 2678 renascentur.

165 2721 282 2806 Atque
305 2723 386 2787 hinc
409 2730 470 2804 est,
494 2725 586 2809 quod
610 2744 679 2787 non
702 2724 850 2808 ignarae,
879 2726 1048 2804 quantum
1071 2721 1114 2785 ad
1138 2720 1351 2786 evehendam

53 2834 94 2895 in
118 2831 295 2912 provincia
318 2833 479 2914 quapiam
502 2831 698 2895 commercii
721 2851 802 2911 rem,
835 2826 1152 2912 procurandumque
1176 2827 1250 2912 ejus
1273 2828 1351 2893 soli-

52 2939 142 3002 dum
164 2938 423 3021 incrementum,
446 2946 636 3022 opportune
660 2938 790 3001 locatae
813 2938 850 3000 in
873 2933 986 2998 medio
1009 2932 1163 3016 ejusdem
1186 2957 1350 3000 commer-

52 3043 160 3108 ciales
183 3045 343 3108 civitates
359 3044 514 3109 conferre
534 3045 792 3108 consueverint:
817 3041 868 3106 nil
890 3047 930 3105 ut
953 3062 1079 3124 eorum,
1096 3062 1183 3126 quae
1203 3041 1246 3106 ad
1263 3042 1351 3107 obti-

52 3151 209 3215 nendum
250 3152 350 3235 hunc,
396 3175 498 3237 quem
540 3150 649 3216 Nobis
690 3151 958 3236 praestituimus,
999 3169 1138 3231 scopum
1181 3151 1351 3233 pertinere

51 3256 276 3340 ardebantur,
309 3261 496 3325 desiderari
531 3267 644 3344 queat,
686 3259 729 3323 ad
770 3257 893 3322 harum
934 3258 1039 3320 etiam
1071 3259 1278 3321 erectionem
1313 3265 1348 3321 et

51 3363 373 3430 constabilitionem
396 3369 550 3431 animum
573 3364 808 3449 adjecerimus

165 3472 240 3550 Quo
263 3473 414 3556 consilio,
438 3476 595 3538 continui
617 3473 797 3537 fidelitatis
828 3495 867 3536 ac
899 3472 1101 3552 devotionis,
1131 3492 1218 3555 quae
1244 3467 1351 3552 Maje-

50 3581 142 3646 stati
164 3585 309 3662 nostrae,
328 3582 649 3666 augustissimisque
666 3577 899 3644 decessoribus
915 3577 1050 3641 Nostris
1069 3577 1235 3662 gloriosae
1251 3579 1352 3641 remi-

52 3689 253 3770 niscentiae,
277 3686 358 3751 urbs
385 3688 469 3752 haec
501 3689 733 3754 Fluminensis
766 3687 839 3751 Soti
868 3687 944 3751 Viti
976 3685 1209 3750 indesinenter
1233 3684 1352 3769 proba·

51 3797 111 3858 vit
135 3795 252 3877 studii,
276 3794 416 3858 utilium
440 3817 540 3877 porro
563 3818 601 3859 ac
627 3801 873 3880 pergratorum,
896 3815 982 3878 quae
1002 3793 1148 3858 diversis
1168 3796 1351 3858 occasioni-

51 3903 121 3968 bus
145 3901 312 3966 laudabili
336 3923 472 3985 prorsus
496 3902 569 3967 zelo
593 3901 751 3966 exhibuit
771 3923 811 3965 ac
827 3900 988 3983 deinceps
1013 3922 1146 3985 quoque
1167 3901 1233 3982 (uti
1252 3900 1351 3964 nobis

50 4010 99 4074 de
123 4011 197 4092 ipsa
221 4007 369 4094 benigne
393 4009 607 4092 pollicemur)
631 4007 829 4072 exhibitura
852 4013 913 4091 est,
930 4009 1150 4072 servitiorum
1166 4008 1351 4072 clementer

51 4137 232 4198 memores,
255 4116 410 4180 eamdem
443 4117 526 4180 alias
559 4119 651 4180 inter
683 4115 833 4201 deligere
866 4137 905 4179 ac
937 4117 974 4180 in
1006 4113 1156 4179 liberum
1189 4137 1351 4178 commer-

49 4223 180 4288 cialem
203 4223 316 4286 locum
339 4231 374 4288 et
398 4225 578 4288 civitatem
602 4247 621 4291 a
645 4223 809 4307 peculiari
827 4224 954 4288 Nostra
973 4224 1085 4308 grat-ia
1110 4229 1145 4286 et
1169 4222 1350 4286 clementia

50 4332 323 4414 caesareo-regia
347 4353 469 4414 creare,
493 4354 532 4396 ac
557 4329 715 4395 omnibus
738 4329 808 4394 illis
835 4329 1035 4414 privilegiis,
1064 4327 1351 4412 immunitatibus,

51 4437 277 4505 libertatibus
310 4446 345 4502 et
386 4441 642 4524 praerogativis,
681 4437 805 4525 quibus
845 4439 957 4502 locum
996 4443 1030 4501 et
1070 4439 1351 4501 communitatem

51 4547 255 4633 quampiam
294 4546 565 4611 commercialem
597 4570 639 4610 ex
671 4549 745 4628 ipso
778 4544 1042 4610 constabiliendi
1074 4543 1350 4628 provehendique

51 4655 254 4719 commercii
292 4657 432 4736 ratione,
471 4662 628 4736 respectu
666 4655 751 4717 in-et
790 4654 982 4717 eductionis
1013 4654 1185 4736 mercium,
1222 4651 1351 4732 celeris,

1188 4772 1243 4827 48¹2
