3192 5214
1323 345 1390 412 109

195 543 527 610 48.1smaeliurum
549 566 632 611 vero
663 545 780 610 nullus
817 545 944 610 audeat
976 543 1083 610 filiam
1116 565 1213 610 suam
1244 545 1388 630 iungere

89 653 313 718 matrimonio
336 651 441 716 alicui
465 653 633 738 degente
657 673 727 736 sua,
751 654 809 718 sed
832 659 959 718 nostra.

195 759 250 824 49.
275 759 313 826 Si
336 761 414 846 quis
435 745 690 826 ismaelitarum
722 759 874 843 hospites
902 760 1073 844 habuerit,
1096 759 1153 825 vel
1176 758 1327 844 aliquem
1350 759 1388 822 in

1 867 2 872 ’
87 868 290 932 convivium
313 868 517 954 erogaverit,
550 874 623 933 tam
656 869 737 952 ipse,
770 887 874 952 quam
906 869 1053 934 convive
1085 867 1158 931 eius
1181 865 1224 930 de
1247 867 1387 950 porcina

87 983 228 1040 tantum
250 997 353 1040 carne
375 982 568 1040 vescantur.

197 1082 249 1146 57.
273 1081 327 1146 De
350 1081 469 1167 strigis
491 1101 574 1147 vero
597 1103 664 1167 que
686 1103 756 1148 non
779 1087 869 1164 sunt,
892 1104 936 1147 ne
958 1081 1030 1147 ulla
1053 1081 1188 1168 questio
1211 1079 1281 1146 fiat.

196 1189 250 1254 58.
272 1189 437 1254 Mulieres
459 1195 598 1273 partum
621 1211 722 1254 suum
744 1197 915 1274 necantes,
938 1189 1179 1255 archidiacono
1199 1187 1314 1254 oblate
1331 1211 1388 1273 pe-

86 1301 277 1364 nitenciam
300 1305 415 1384 agant.

196 1405 250 1470 59.
272 1405 410 1489 Raptus
432 1403 616 1469 mulierum
639 1405 818 1490 episcopus
841 1425 902 1470 seu
924 1406 1186 1472 archidiaconus
1209 1404 1385 1470 diiudicet.

196 1514 249 1579 60.
272 1512 422 1578 Malefioi
461 1533 521 1596 per
552 1515 717 1578 nuncium
750 1513 983 1579 archidiaconi
1014 1523 1050 1580 et
1082 1514 1218 1580 comitis
1249 1513 1387 1578 inventi
1417 1517 1419 1524 '

84 1623 293 1688 iudicentur.

196 1730 249 1796 61.
272 1729 435 1796 Adulteri
458 1731 616 1814 episcopo
640 1729 696 1794 vel
728 1729 969 1796 archidiacono
1002 1731 1154 1814 adducti,
1177 1728 1306 1796 debitis
1329 1752 1387 1815 pe-

85 1859 211 1904 narum
235 1839 373 1904 iudiciis
395 1837 614 1921 deputentur.

196 1943 250 2010 67.
274 1943 413 2029 Bigami
445 1951 481 2006 et
513 1942 698 2008 viduarum
735 1941 792 2007 vel
825 1943 1084 2028 repudiatarum
1116 1945 1234 2009 mariti
1265 1963 1387 2009 acon·

85 2053 194 2138 iugiis
218 2058 351 2116 cessent
374 2049 519 2133 illicitis,
539 2049 596 2114 vel
620 2049 746 2116 aeleri
769 2051 997 2116 excludentur
1019 2054 1208 2117 consortiis.

197 2161 250 2225 70.
274 2159 400 2225 Nullus
423 2160 483 2245 qui
506 2161 543 2222 in
559 2157 649 2223 clero
674 2160 856 2226 estimatur
871 2158 1028 2226 vestibus
1051 2166 1173 2245 111111
1195 2158 1386 2243 laicalibus,

1 2297 2 2310 ¹
85 2280 209 2355 utpote
232 2269 311 2336 fisso
335 2269 471 2354 pellicio
494 2267 551 2334 vel
574 2269 694 2333 tunica
717 2290 842 2353 sparsa,
874 2273 1008 2335 manica
1030 2271 1135 2356 gilua,
1160 2268 1265 2335 rubra
1299 2276 1387 2334 stra-

0 2412 1 2417 1
84 2378 170 2462 gula
191 2378 250 2442 vel
272 2377 379 2443 viridi
401 2376 556 2458 clamide,
579 2375 691 2462 caliga
723 2398 783 2442 seu
814 2397 929 2462 cappa,
962 2377 1074 2444 calceo
1102 2380 1195 2463 picto
1223 2376 1280 2442 vel
1304 2378 1387 2442 seri·

0 2522 1 2529 1
85 2493 173 2550 6116.
196 2487 336 2550 61111611
360 2505 494 2572 quoque
518 2485 636 2548 tunica
659 2491 695 2548 et
718 2487 825 2551 serico
849 2489 886 2550 in
902 2493 1047 2569 pectore,
1069 2507 1139 2551 non
1162 2491 1387 2552 conserantur

85 2593 188 2658 nodis
211 2592 269 2657 vel
292 2589 417 2672 fibulis,
441 2591 499 2654 sed
524 2590 765 2672 amplexentur
788 2592 914 2658 collum
938 2595 1044 2679 quasi.

197 2700 248 2765 73.
273 2696 737 2782 SepultureOhristiauorum
747 2701 893 2764 nonnisi
902 2701 939 2764 in
948 2702 1048 2765 atriis
1057 2699 1279 2766 ecclesiarum
1288 2697 1383 2764 fiant.

197 2805 248 2870 74
272 2803 397 2870 Nullus
420 2802 549 2868 Iudeus
564 2803 791 2870 christianum
806 2808 1017 2890 mancipium
1036 2828 1147 2872 emere
1162 2806 1219 2870 vel
1235 2806 1385 2870 vendere

1 2965 2 2998 ,
86 2915 222 2996 audeat,
244 2919 306 2978 ant
329 2913 366 2976 in
390 2931 450 2976 sno
474 2911 618 2976 servicio
642 2917 759 2976 tenere
792 2913 933 2978 sinatur.
966 2937 1057 2979 nunc
1080 2935 1163 2980 vero
1186 2915 1246 3000 qui
1269 2912 1385 2995 habet,
1468 2974 1471 2980 ,

1 3007 2 3082 f
86 3023 115 3086 si
137 3023 272 3086 interea
295 3020 386 3085 datis
409 3017 557 3084 induciis
581 3040 650 3084 non
673 3019 811 3102 vendat,
835 3024 984 3086 amittat.
1379 3013 1380 3019 ¹

1 3103 2 3130 ¹
196 3128 247 3191 75.
271 3125 533 3212 Agriculturam
556 3133 673 3191 autem
696 3127 725 3190 si
749 3127 826 3212 quis
850 3149 968 3193 eorum
991 3127 1105 3211 habet,
1129 3129 1272 3214 paganis
1294 3127 1385 3193 hano

85 3235 269 3319 mancipiis
292 3239 457 3302 exerceat.
482 3233 707 3315 possessiones
730 3233 870 3318 quidem
893 3233 993 3299 Iudei
1018 3236 1077 3319 qui
1102 3241 1244 3316 possunt
1262 3253 1384 3315 emere,

84 3343 246 3424 habeant,
270 3341 329 3405 sed
352 3339 420 3423 ipsi
442 3359 611 3423 nusquam
634 3341 702 3404 nisi
725 3339 787 3404 ubi
818 3341 914 3405 sedes
938 3341 1139 3426 episcopalis
1162 3346 1223 3423 est,
1246 3361 1385 3404 manere

0 3482 1 3503 1
84 3451 252 3514 sinantur.

196 3555 247 3620 76.
271 3554 397 3619 Nullus
419 3553 658 3620 habitancium
681 3556 718 3618 in
741 3555 923 3641 Hungaria
941 3553 1179 3619 adiacentibus
1203 3553 1384 3639 Hungarie

84 3661 287 3748 regionibus
309 3661 538 3746 hungaricam
561 3681 688 3745 equum
710 3682 822 3725 emere
846 3663 979 3728 audeat.
999 3661 1090 3746 quod
1107 3662 1137 3725 si
1152 3663 1230 3746 quis
1246 3666 1385 3742 emeret,

83 3777 188 3834 1611
213 3790 292 3834 eum
316 3765 451 3832 furatus
475 3769 521 3832 sit
545 3765 611 3832 sibi
644 3769 846 3851 impositum
884 3768 1000 3854 fuerit,
1032 3767 1124 3833 infra
1157 3769 1383 3854 Hungariam,

1 3879 2 3958 j
84 3884 118 3941 et
142 3897 253 3962 usque
276 3876 320 3941 ad
344 3873 429 3939 fines
452 3874 632 3960 Hungarie
656 3881 794 3940 tantum
817 3897 954 3940 causam
977 3897 1036 3941 116
1060 3877 1292 3940 excusacionis
1308 3895 1384 3958 pro-

1 3977 2 3980 *
84 3983 230 4048 tendere
254 3985 287 4047 ei
310 3981 421 4048 liceat.
446 4003 524 4048 oum
546 4005 629 4048 vero
657 3987 736 4069 equi
759 3984 976 4049 venditorem
999 3987 1036 4049 in
1056 3993 1219 4049 extranea
1242 4004 1383 4068 querere

1 4075 2 4092 ³
83 4091 236 4156 voluerit
260 4090 381 4173 patria,
405 4109 475 4154 non
497 4089 581 4154 illuc
604 4092 653 4154 ire
677 4094 909 4176 permittatur,
933 4093 992 4156 sed
1017 4091 1101 4156 ferri
1124 4092 1292 4156 iudicium
1308 4111 1383 4173 por-

1 4189 2 4232 f
83 4203 144 4262 tet.
170 4198 201 4261 si
225 4217 303 4261 reus
326 4198 525 4280 apparuerit
549 4218 610 4281 pro
634 4197 711 4262 fure
743 4198 924 4282 iudicetur,
948 4201 978 4263 si
1001 4199 1149 4263 mundus
1169 4220 1238 4263 non
1261 4205 1302 4263 ut
1325 4195 1384 4260 fur

1 4297 2 4328 ³
84 4311 255 4388 teneatur,
278 4303 338 4367 sed
362 4303 476 4386 precio
500 4323 566 4388 quo
590 4311 720 4368 emerat
743 4304 955 4369 solummodo
979 4313 1101 4370 111611.

0 4478 1 4495 ,
195 4409 246 4476 77.
270 4407 380 4476 Nemo
404 4431 542 4506 servum
564 4411 602 4474 in
624 4432 749 4497 genere
773 4411 1028 4497 Hungarorum,
1052 4413 1109 4477 vel
1132 4411 1321 4497 quemlibet
1344 4413 1382 4474 in

1 4512 2 4515 '
83 4517 268 4603 Hungaria
289 4523 412 4581 natum
435 4516 672 4602 alienigenam,
695 4539 758 4581 nec
786 4517 956 4602 ancillam,
981 4522 1132 4603 exceptis
1156 4519 1274 4604 lingue
1297 4517 1382 4582 alte-

1 4649 2 4692 1
84 4625 157 4688 rius
179 4624 298 4709 servis,
321 4625 382 4709 qui
405 4621 449 4688 ab
472 4623 550 4688 aliis
574 4624 671 4688 ducti
694 4633 775 4689 sunt
808 4625 1015 4711 regionibus,
1038 4628 1177 4692 vendet.
1200 4649 1263 4690 nec
1286 4625 1380 4690 alind
