3138 5212
1275 349 1338 414 391

53 550 286 622 decretumat
315 595 366 604 --
394 551 574 623 nenrcsak
613 553 857 646 megtartani‚
895 553 1031 624 hanem
1070 551 1280 644 fejleszteni
1308 551 1339 622 is

52 677 194 768 altaria,
212 675 300 770 meg
318 699 411 747 azon
431 675 643 764 cambanis,
668 677 717 748 ha
737 701 823 748 nem
842 677 1092 769 mindnya'jok
1114 675 1341 748 akarataval

52 801 278 872 valasztatik
307 802 497 895 kiralylya
527 801 565 874 es
593 801 808 897 fegyverrel
835 801 914 874 kell
943 802 1163 896 elfoglalnia
1184 827 1205 873 a
1224 800 1346 888 trent,-

51 951 65 997 s
93 927 285 1020 biztositja
314 952 336 998 a
364 933 561 1016 omunstat,
589 929 690 1022 hogy
719 954 761 1000 az
791 929 948 1024 egyhazi
977 928 1015 1000 es
1043 928 1161 1024 vilagi
1177 928 1341 1021 javakat

50 1052 86 1122 es
115 1051 356 1124 hivatalokat
384 1053 614 1148 idegenekre
643 1077 729 1124 nem
758 1054 919 1126 ruhazza
949 1053 987 1126 es
1016 1053 1271 1126 kiilfoldiekct
1297 1079 1340 1124 az

49 1178 182 1273 orszag
200 1179 432 1250 tanacsaban
452 1204 538 1250 nem
559 1179 755 1252 alkalmaz.
776 1179 806 1251 Ε
827 1180 952 1252 fontos
978 1179 1213 1266 oklevelnek‚
1241 1179 1342 1271 mely

49 1303 189 1374 tisztan
218 1303 421 1393 feltiinteti,
440 1305 542 1400 hogy
562 1330 584 1375 a
604 1329 763 1399 magyar
791 1305 904 1376 allam
934 1303 1178 1399 tnallosagan
1208 1304 1341 1375 elvben

48 1429 85 1500 es
109 1431 261 1524 jogilag
294 1455 315 1501 a
352 1429 630 1526 Habsburghaz
669 1429 928 1526 tr6nralepese
966 1431 1096 1502 semini
1138 1429 1216 1501 rest
1254 1453 1340 1501 nem

49 1557 162 1642 iltuit,
182 1555 381 1650 eredetijet
400 1580 486 1628 nem
506 1557 701 1650 ismerjiik.
725 1558 916 1629 lasa-ben
937 1555 1085 1628 kesniilt
1106 1555 1144 1627 e's
1164 1581 1186 1626 a
1206 1555 1341 1627 nadori

47 1681 230 1754 italiiszek
259 1681 352 1753 altal
381 1707 422 1753 az
452 1683 656 1754 credetivel
691 1682 1019 1754 osszchasonlitott
1047 1682 1085 1754 e‘s
1114 1677 1342 1753 hitelesltett

48 1807 252 1878 nielsolatat
281 1807 416 1879 kiadta
445 1807 676 1888 Kovachich,
705 1807 953 1880 Monumenta
980 1807 1117 1878 veteris
1138 1807 1342 1900 legislatio·

47 1933 104 2004 nis
136 1931 259 2027 Regni
287 1933 519 2028 Hungariae.
547 1934 616 2006 ΙΙΙ.
647 1938 706 2005 37.

158 2162 229 2225 Nos
252 2163 493 2226 Ferdinandus
517 2161 582 2225 Dei
608 2163 730 2225 Gratia
754 2161 912 2225 Boemiae
947 2159 1031 2240 Rex,
1065 2159 1184 2223 Infans
1217 2159 1341 2242 Hispa-

49 2273 194 2348 niarum,
218 2269 398 2334 Archidux
422 2269 593 2350 Austriae‚
617 2269 697 2332 Dux
717 2268 949 2353 Burgundiae,
972 2265 1190 2349 Brabantiae,
1209 2266 1343 2344 Stiriate,

48 2375 260 2458 Corinthiae,
284 2375 472 2457 Camiolae,
506 2375 790 2460 Wirtembergaa
815 2375 952 2458 Slesiae‚
980 2374 1135 2440 Marchio
1158 2375 1343 2444 Moraviae,

48 2485 173 2548 Comes
197 2482 322 2546 Tirolis
345 2491 408 2547 etc.
433 2486 705 2568 recognoscimus
724 2491 759 2547 et
777 2482 926 2548 fatemur
945 2506 1005 2566 per
1029 2489 1202 2565 presentes
1225 2481 1344 2545 literas

49 2600 202 2655 nostras:
225 2589 322 2668 Quod
356 2612 425 2669 nos
459 2591 602 2655 eumad
628 2590 837 2675 singularem
871 2593 1072 2674 petitionem
1102 2590 1342 2654 Serenissimae

49 2698 217 2762 Dominae
256 2698 385 2761 Mariae
425 2699 624 2783 Hungariae
657 2707 691 2762 et
725 2699 883 2762 Boemiae
923 2699 1077 2782 Reginae
1117 2705 1180 2761 etc.
1212 2698 1344 2762 Sororis

49 2816 185 2869 nostrae
210 2804 447 2886 Charissimaa
471 2815 546 2868 tum
565 2806 608 2868 ad
626 2806 909 2888 supplicationem
934 2803 1139 2888 Spectabilis
1159 2811 1194 2867 et
1211 2804 1344 2888 Magni-

49 2911 102 2975 fici
136 2911 278 2974 Domini
311 2912 477 2994 Stephani
510 2913 551 2976 de
585 2912 717 2975 Bathor
748 2912 863 2995 Regni
896 2912 1095 2996 Hungariae
1126 2910 1279 2975 Palatini
1305 2934 1343 2975 ac

49 3020 180 3083 Iudicis
203 3019 445 3101 Cumanorum,
468 3020 750 3083 Reverendomm
782 3019 1007 3082 Dominorum
1030 3017 1182 3081 Thomae
1207 3018 1344 3100 Vespri-

49 3129 170 3190 mien.¹
188 3125 356 3209 Stephani
371 3127 549 3190 Broderici
566 3127 721 3190 Sirmien.
738 3125 943 3191 Cancellarii
959 3125 1071 3208 Regii,
1088 3125 1344 3206 Episcoporum,

50 3237 154 3296 item:
178 3231 441 3317 Magnificorum
465 3233 641 3296 Francisci
664 3233 705 3296 de
730 3232 893 3316 Battyan,
917 3230 1117 3315 Regnorum
1141 3229 1345 3310 Dalmatiae,

49 3342 209 3407 Oroatiac
248 3349 282 3406 et
320 3342 520 3407 Sclavenias
559 3343 656 3424 Rani,
695 3341 811 3406 Alexii
850 3339 986 3404 Thurzo
1019 3340 1060 3402 de
1099 3336 1344 3402 Bethlenfalva

49 3451 214 3535 Magistri
237 3449 503 3513 Tavemicomm
537 3449 734 3533 Regiorum,
767 3448 912 3511 Joannis
944 3446 1067 3529 Thahy
1096 3445 1345 3510 Gubernatoris

50 3557 230 3620 Prioratus
268 3555 456 3636 Auraneae,
495 3557 657 3638 Gasparis
693 3553 854 3618 Horvath
887 3555 928 3617 sle
962 3553 1151 3638 Wingarth
1184 3553 1346 3636 Magistri

51 3661 295 3747 Dapiferorum
317 3661 447 3747 Regiae
468 3661 669 3742 Maiestatis,
694 3663 777 3724 item
797 3661 949 3724 Ladislai
965 3661 1006 3723 de
1024 3659 1224 3724 Macedonia
1245 3658 1346 3721 Prae-

52 3773 155 3853 positi
172 3768 545 3852 Quinqueecclesiensis
564 3766 770 3850 Consiliarii,
794 3767 929 3830 Nicolai
945 3767 987 3830 de
1003 3766 1164 3830 Gherend
1183 3765 1345 3829 Custodia

50 3877 223 3956 Albensia
247 3874 396 3940 Thomae
421 3875 595 3958 Nadasdy,
619 3873 754 3938 Nicolai
778 3873 867 3937 Olah
891 3875 1158 3938 Secretariorum
1181 3873 1346 3956 Egregio-

50 4007 136 4066 mm,
169 3983 321 4047 Emerici
352 3985 470 4067 magni
502 3983 543 4046 de
573 3982 720 4065 Waryas
754 3981 1005 4044 Viae-Palatini
1037 3992 1070 4044 et
1104 3981 1280 4044 Francisci
1303 3979 1345 4042 da

50 4091 148 4156 Reva
169 4089 403 4154 Protonotarii
427 4089 652 4172 Palatinatus,
675 4089 888 4172 aliorumque
914 4087 1154 4151 Serenissimae
1179 4085 1344 4148 Dominae

50 4199 182 4261 Mariae
206 4197 361 4282 Reginae
385 4197 585 4282 Hungariae
602 4204 637 4260 et
661 4196 822 4259 Boemiae
847 4201 909 4258 etc.
934 4195 1065 4258 Sororis
1089 4193 1234 4256 Nostrae
1259 4191 1346 4256 Cha-

50 4308 206 4368 rissimae
241 4303 518 4386 Consiliarorum,
551 4311 651 4367 etex
683 4303 794 4386 Regia
828 4301 1019 4366 Clementia
1053 4308 1178 4380 nostra,
1212 4301 1245 4362 id
1280 4301 1346 4362 toti

50 4413 174 4497 Regno
198 4411 398 4496 Hungariae
423 4413 664 4497 promittimus
680 4412 771 4494 quod
789 4411 953 4474 Dominos
969 4408 1228 4472 Ecclesiasticos
1246 4407 1346 4470 Secu-

164 4651 171 4677 ¹
191 4639 354 4710 Szalahtzy
373 4638 488 4692 Tamais.
