3124 5216
1297 360 1361 428 707

61 552 213 636 desuper
242 551 390 636 benigna
422 551 532 636 Regia
565 555 787 636 concessione,
819 553 942 620 iisdem
974 556 1114 620 admitti
1146 556 1277 642 debere,
1301 560 1360 644 qui

62 658 197 728 ibidem
220 682 353 746 quoque
377 667 535 745 aegrotos
557 683 596 726 ac
620 665 775 746 captiuos
799 664 948 748 visitare,
972 665 1163 750 iisdemque
1182 687 1283 749 opera
1300 686 1360 728 sna

61 767 183 834 adesse
207 774 377 850 poterunt.

175 875 239 940 ΠΙ.
249 875 291 940 In
303 875 387 940 loeis
400 897 469 940 non
481 875 732 961 articularibus,
741 899 853 963 neque
867 877 1018 962 plebeiae
1032 879 1239 944 conditionis
1252 879 1360 945 homi-

61 1005 128 1048 nes
151 1005 171 1047 a
194 981 361 1050 librorum
384 981 590 1048 confessioni
613 1006 694 1050 suae
726 985 995 1052 deseruientium
1028 1007 1088 1069 pro
1107 1007 1143 1049 se
1168 993 1203 1050 et
1227 984 1360 1052 familia

62 1111 128 1154 sua
152 1093 288 1174 propria
311 1091 467 1173 lectione,
491 1099 657 1175 tanquam
679 1092 723 1156 ad
748 1094 923 1176 priuatum
947 1095 1150 1158 exercitium
1173 1101 1358 1178 spectante,

61 1199 206 1264 arcendi
238 1207 347 1282 erunt,
380 1197 508 1284 absque
542 1206 658 1264 tamen
691 1221 738 1284 ec,
770 1207 811 1266 vt
843 1201 928 1266 alios
959 1201 1026 1266 loci
1054 1200 1207 1266 eiusdem
1229 1203 1358 1267 incolas

60 1325 201 1370 eorsum
223 1305 421 1374 admittant.
443 1306 486 1371 In
508 1306 633 1391 quibus
656 1309 796 1393 quidem
819 1329 888 1374 non
910 1305 1153 1374 articularibus
1169 1307 1260 1392 loeis,
1277 1309 1359 1374 licet

60 1413 206 1496 quidem
221 1415 288 1496 ipsi
302 1411 508 1497 Acatholioi,
524 1416 636 1500 quoad
652 1419 769 1480 munia
787 1416 1002 1499 parochialia,
1026 1415 1172 1500 parocho
1188 1417 1359 1482 Romano-

59 1520 244 1586 Oatholico
268 1521 411 1604 subsint,
435 1523 464 1585 is
488 1529 603 1586 tamen
625 1544 695 1588 non
712 1522 863 1607 audebit,
878 1524 922 1590 ab
939 1523 1061 1588 iisdem
1076 1525 1240 1588 maiorem
1256 1547 1359 1610 quam

61 1629 426 1694 Romano-Catholicis
449 1629 572 1693 stolam
596 1629 782 1712 desumere,
905 1707 910 1716 ι

173 1735 233 1800 IV.
257 1736 282 1801 J
283 1758 342 1800 ure
366 1737 582 1800 terrestrium
605 1737 830 1822 dominorum,
847 1759 907 1822 per
922 1737 1085 1802 articulos
1101 1746 1136 1802 et
1153 1739 1358 1824 praeallega-

62 1849 120 1906 tas
152 1841 410 1925 explanationes
433 1845 470 1906 in
494 1843 588 1908 salvo
613 1843 741 1927 relicte,
764 1843 829 1909 hoc
853 1845 1013 1930 deinceps
1043 1844 1177 1930 quoque
1208 1846 1357 1929 admitti,

61 1971 102 2014 eo
127 1957 244 2014 tamen
267 1949 376 2034 mode,
392 1956 441 2032 vt,
457 1951 486 2013 si
502 1957 681 2014 terrestres
696 1951 836 2034 domini,
852 1953 964 2038 quoad
981 1952 1155 2036 religionis
1171 1957 1358 2037 negotium,

61 2059 100 2120 in
123 2056 247 2139 Regno
271 2056 335 2120 hoc
358 2058 442 2141 quid
465 2061 598 2142 operari
621 2066 682 2123 aut
714 2062 898 2123 immutare
930 2061 1069 2142 vellent,
1105 2069 1289 2126 teneantur
1321 2063 1357 2126 id

60 2167 186 2246 ipsum,
210 2184 288 2228 cum
311 2163 503 2228 rationibus
526 2165 662 2230 eosdem
685 2165 729 2229 ad
753 2166 817 2230 hoc
839 2174 900 2231 aut
923 2168 967 2232 ad
991 2168 1078 2235 illud
1105 2175 1357 2238 instituendum

61 2270 345 2356 permouentibus
368 2275 504 2356 praeuia
527 2273 657 2357 Regiae
680 2295 760 2337 suae
783 2274 967 2358 Maiestati,
990 2277 1087 2342 velut
1111 2279 1234 2344 Terrae
1259 2281 1357 2346 Prin-

60 2383 143 2464 cipi,
160 2387 196 2442 et
212 2379 388 2463 religionis
407 2379 588 2462 defensori,
611 2381 804 2446 humillime
828 2387 1076 2466 repraesentari
1099 2384 1219 2469 facere,
1243 2409 1357 2471 super-

60 2488 211 2572 indeque
243 2487 544 2552 clementissimam
577 2487 836 2572 dispositionem
861 2497 896 2553 et
919 2491 1171 2558 ordinationem
1203 2496 1355 2560 eiusdem

58 2595 229 2660 Caesareo
252 2595 400 2678 Regiam
424 2595 632 2678 praestolari.

172 2703 213 2768 V.
230 2703 566 2786 Superintendentes,
582 2724 642 2767 seu
658 2706 847 2787 superiores
861 2703 1086 2790 Augustanae
1102 2713 1136 2770 et
1153 2707 1355 2774 Helveticae

58 2809 216 2877 Confess.
240 2810 465 2892 addictorum,
489 2809 550 2874 vbi
573 2808 827 2876 modofatarum
859 2811 1121 2876 Confessionum
1152 2813 1356 2880 alterutram

60 2919 272 3005 profitentes,
296 2918 487 3001 superinde,
511 2921 655 3002 inquot
678 2925 713 2982 et
736 2917 896 3003 qualibus
914 2919 997 2983 locis
1013 2921 1180 2984 eiusmodi
1196 2921 1356 3006 Superin-

60 3029 273 3109 tendentem,
292 3048 351 3092 sen
375 3028 583 3109 superiorem
606 3025 673 3090 sibi
696 3027 836 3092 admitti
862 3034 989 3110 petant,
1012 3027 1104 3110 apud
1129 3049 1226 3092 suam
1250 3030 1355 3094 Maie-

60 3142 189 3199 statem
213 3133 487 3198 Sacratissimam
519 3135 722 3196 instantiam
761 3133 914 3215 fecerint,
954 3133 1076 3198 iisdem
1116 3135 1354 3201 admittentur.

59 3245 216 3321 Quorum
240 3243 379 3327 quidem
403 3241 626 3326 Superiorem
649 3244 800 3306 muneris
832 3244 907 3324 erit,
940 3240 1093 3307 moribus
1126 3242 1193 3336 sibi
1225 3244 1354 3310 subiec-

59 3358 177 3416 torum
209 3351 445 3414 ministrorum
477 3349 669 3434 inuigilare,
702 3371 741 3413 ac
773 3351 810 3413 in
844 3353 1034 3414 excessiuos
1057 3351 1226 3435 condigne
1250 3355 1354 3418 etiam

57 3457 344 3522 animaduertere.
366 3455 409 3520 In
432 3455 563 3540 reliquo
588 3463 705 3522 autem
720 3455 1000 3521 Acatholicorum
1016 3458 1175 3538 ministri,
1192 3460 1229 3522 in
1245 3461 1354 3523 causis

60 3562 224 3648 profanis,
266 3563 543 3627 iurisdictionato
584 3563 814 3646 Magistratui,
856 3584 895 3626 ac
936 3565 974 3626 in
1005 3562 1069 3627 hoc
1102 3563 1281 3647 duntaxat,
1314 3573 1353 3629 vt

57 3677 204 3752 constet,
236 3691 319 3733 num
351 3669 519 3734 eiusmodi
550 3671 701 3732 ministri
734 3671 801 3732 rite
840 3668 1026 3752 baptizent,
1065 3692 1124 3734 seu
1162 3673 1206 3735 ad
1239 3673 1352 3737 valide

60 3777 316 3860 baptizandum,
340 3773 552 3840 sufficienter
575 3779 645 3840 sint
669 3779 839 3861 instructi,
863 3780 969 3842 etiam
992 3781 1186 3844 visitationi
1209 3790 1244 3846 et
1277 3805 1353 3846 exa-

58 3886 146 3949 mini
169 3883 499 3949 Archidiaoonorum
523 3883 781 3949 Catholioorum
805 3883 941 3948 subesse
965 3883 1120 3950 debeant.
1139 3888 1376 3954 Matrimoni-¹

58 3991 130 4056 ales
154 4012 252 4076 porro
277 4012 422 4074 caussae,
445 3990 670 4055 fundamento
694 3993 908 4076 privatarum
931 3995 1029 4077 regni
1052 3993 1176 4078 legum,
1204 3995 1352 4061 Judiciis

58 4097 346 4163 Dioecesanorum
369 4097 616 4183 Episcoporum
639 4098 689 4160 ita
713 4095 894 4180 substerni,
918 4105 958 4162 vt
982 4098 1020 4164 hi
1043 4099 1121 4164 illas
1138 4101 1237 4185 plane
1254 4105 1350 4168 iuxta

59 4206 228 4288 principia
243 4203 467 4288 Augustanae
483 4211 518 4267 et
534 4203 736 4270 Helveticae
752 4203 984 4297 Confessionis
994 4206 1194 4294 diiudicent,
1205 4211 1351 4275 admissa

59 4310 140 4374 inde
163 4310 207 4373 ad
230 4309 537 4394 Archiepisoopum
560 4310 797 4395 appellatione.

164 4415 227 4500 ,VL
250 4415 438 4500 Apostatae
462 4417 609 4500 demum,
633 4420 821 4502 praecipue,
846 4417 929 4482 dum
953 4421 1030 4504 quis
1053 4443 1095 4485 ex
1127 4420 1351 4506 Augustanae

58 4532 94 4588 et
117 4524 321 4590 Helueticee
344 4522 443 4590 Oonf.
466 4524 624 4606 addictis,
641 4527 842 4608 praeprimis
857 4524 1072 4591 catholicam
1088 4526 1192 4592 fidem
1207 4530 1351 4614 amplec-

58 4637 200 4714 teretur,
223 4631 347 4694 deinde
370 4653 451 4719 vero
475 4630 519 4696 ab
542 4631 661 4696 eadem
684 4631 882 4716 deficiendo,
905 4654 1021 4699 rursus
1044 4656 1083 4701 eo
1107 4636 1217 4700 redire
1241 4645 1351 4703 atten-

1189 4757 1245 4814 451¹
