3192 5214
221 291 348 417 11Ι

219 511 388 594 mundati,
428 519 567 595 propter
606 510 877 595 prohibicionem
915 515 1167 599 quinquaginta
1206 517 1357 600 quinque
1398 537 1517 598 pensas

220 619 424 703 persolvant.
449 618 487 684 si
511 627 628 684 autem
651 621 820 685 instinctu
842 621 979 685 comitis
998 623 1052 686 sui
1067 621 1195 686 milites
1212 605 1518 708 investigacionem

217 729 472 812 impediverint,
506 749 567 812 pro
599 731 683 813 ipsis
715 732 968 817 quinquaginta
997 753 1117 814 pensas
1141 751 1252 796 comes
1276 733 1459 815 persolvat,
1483 741 1517 797 et

219 843 295 919 post
318 837 382 902 hec
406 834 569 920 probetur
591 837 727 902 iudicio.

328 953 378 1028 10.
401 959 455 1026 De
478 958 591 1026 nobili
616 958 670 1026 uel
697 960 810 1028 milite
845 960 1043 1029 invadente.
1078 964 1116 1030 Si
1148 967 1225 1050 quis
1258 964 1428 1032 nobilium
1460 965 1519 1029 vel

218 1071 370 1135 militum
393 1070 538 1135 alterius
561 1070 687 1135 nobilis
712 1073 853 1136 domum
876 1074 1051 1154 invaserit,
1075 1080 1110 1136 et
1134 1072 1185 1137 ibi
1208 1095 1360 1158 pugnam
1385 1071 1518 1150 fecerit,

217 1187 252 1241 et
276 1197 418 1241 uxorem
441 1177 513 1240 11111
536 1173 773 1262 flagellaverit,
798 1179 827 1241 si
850 1183 986 1243 tantam
1009 1177 1242 1244 substanciam
1260 1177 1429 1262 habuerit,
1446 1179 1515 1243 due

219 1290 332 1366 partes
355 1284 509 1348 eiusdem
531 1282 728 1348 substancia
752 1305 813 1367 pro
829 1291 928 1348 reatu
945 1287 1124 1350 commisso
1141 1286 1275 1368 dentur,
1292 1287 1399 1350 tercia
1415 1287 1518 1349 1111111

217 1389 365 1476 filiisque
389 1393 460 1456 suis
483 1398 666 1455 remaneat.
691 1391 729 1456 Si
752 1399 868 1456 autem
894 1390 1091 1458 substancia
1120 1392 1279 1476 defuerit,
1303 1391 1378 1458 raso
1402 1395 1516 1476 capite

217 1496 347 1582 ligatus
373 1495 1115 1582 111118111111111111111111111(1111111111
1148 1502 1197 1564 sic
1229 1499 1410 1564 vendatur.
1442 1497 1519 1566 Alii

216 1625 299 1670 vero
315 1607 376 1692 qui
392 1625 471 1670 cum
491 1605 551 1670 illo
567 1611 666 1670 erant
682 1604 785 1670 liberi
800 1613 934 1670 reatum
950 1627 1050 1670 suurn
1066 1605 1137 1672 LV.
1154 1606 1319 1672 bisanciis
1335 1607 1518 1690 redimant,

218 1715 309 1776 servi
342 1732 426 1776 vero
460 1713 579 1776 cadem
612 1735 699 1796 pena
730 1713 963 1796 dampnentur
994 1721 1034 1777 ut
1067 1715 1226 1778 dominus
1259 1733 1384 1778 eorum.
1416 1713 1519 1778 Servi

216 1841 298 1884 vero
335 1819 440 1884 alieni
472 1821 533 1906 qui
564 1821 608 1884 ad
641 1820 730 1885 hanc
763 1843 915 1905 pugnam
947 1823 1064 1886 insciis
1097 1821 1245 1886 dominis
1283 1823 1518 1903 convenerint,

216 1928 481 2010 venumdentur,
513 1935 549 1992 et
581 1927 765 1992 dimidium
799 1931 951 2012 precium
984 1950 1044 2012 pro
1076 1935 1174 1993 reatu
1198 1929 1308 2012 detur,
1332 1929 1518 1994 dimidium

216 2056 298 2100 vero
322 2036 365 2100 ad
380 2036 546 2100 dominos
569 2035 709 2100 illorum
732 2035 858 2101 redeat.

328 2162 379 2226 11.
402 2157 456 2225 De
474 2157 576 2246 furio
598 2157 821 2227 clericorum.
847 2159 939 2227 Ordo
963 2163 1129 2228 clericalis
1153 2163 1183 2226 si
1197 2184 1352 2227 anserem
1367 2169 1401 2226 et
1417 2159 1519 2247 galli-

216 2289 305 2352 nam,
330 2275 391 2334 aut
415 2289 515 2352 poma
538 2271 595 2336 vel
618 2269 683 2355 hys
707 2270 833 2336 similia
867 2269 1002 2338 furatus
1036 2271 1151 2354 fuerit,
1183 2273 1293 2355 acopis
1326 2276 1463 2334 tantum
1496 2292 1519 2334 a

216 2377 382 2462 magistro
407 2381 608 2465 corrigatur.
633 2378 700 2444 Sed
723 2380 815 2464 quod
840 2378 976 2444 furatus
999 2385 1050 2444 111
1073 2381 1245 2444 restituat.
1268 2379 1381 2444 Maius
1404 2378 1470 2462 hys
1486 2380 1519 2442 si

216 2483 352 2549 furatus
391 2481 507 2568 fuerit,
546 2485 591 2550 ab
623 2487 780 2570 episcopo
813 2507 873 2550 suo
907 2487 1115 2572 degradetur
1147 2493 1182 2552 11
1215 2486 1343 2550 iudicio
1376 2485 1518 2570 vulgari

215 2591 406 2656 damnetur.
921 2591 923 2596 ’

325 2735 376 2799 12.
400 2731 453 2800 De
477 2731 589 2800 libero
614 2733 650 2800 in
671 2731 771 2822 furio
796 2739 945 2822 reperto.
970 2737 1107 2822 Siquis
1131 2736 1219 2802 liber
1242 2737 1279 2802 X
1295 2737 1517 2803 denariorum

215 2845 368 2928 precium
408 2841 545 2908 furatus
579 2843 694 2928 fuerit,
727 2845 965 2931 suspendatur,
999 2848 1112 2910 minus
1146 2847 1264 2912 decem
1296 2845 1446 2910 denariis
1486 2845 1519 2908 si

215 2949 350 3017 furatus
374 2949 490 3035 fuerit,
514 2949 649 3016 furtum
672 2953 854 3017 duodecies
871 2951 1002 3036 reddat,
1017 2959 1053 3017 11
1069 2974 1178 3018 unum
1193 2952 1317 3018 bovem
1333 2952 1518 3036 persolvat.

215 3058 341 3123 Servus
374 3064 491 3122 autem
522 3059 551 3122 si
585 3057 654 3122 tale
687 3055 822 3122 furtum
854 3057 984 3143 fecerit,
1017 3059 1162 3142 duplum
1194 3059 1325 3142 reddat,
1349 3066 1383 3124 et
1406 3081 1519 3124 unum

214 3164 338 3229 bovem
371 3165 552 3248 persolvat.
586 3166 712 3230 Servus
745 3173 862 3230 autem
894 3167 924 3230 si
956 3166 1025 3231 tale
1058 3165 1192 3231 furtum
1215 3165 1346 3250 fecerit,
1369 3165 1518 3250 duplum

215 3273 337 3338 reddat
371 3279 406 3338 et
439 3294 561 3340 nasum
583 3275 733 3338 amittat.
766 3273 892 3340 Servus
926 3272 1093 3359 profugus
1125 3275 1156 3340 si
1190 3274 1318 3340 alicubi
1350 3276 1386 3338 in
1419 3273 1519 3340 furto

215 3381 444 3466 deprehensus
467 3381 575 3446 fuerit
599 3380 780 3448 obcecatur
803 3388 838 3446 11
861 3383 939 3446 ideo
962 3403 1005 3446 ne
1038 3384 1266 3464 suspendatur
1297 3405 1360 3447 nec
1393 3383 1518 3467 lingua

213 3489 437 3555 abscindatur
454 3491 676 3574 decernimus,
700 3497 740 3554 ut
764 3491 794 3554 si
818 3497 934 3573 postea
958 3491 1116 3555 dominus
1140 3512 1221 3555 suus
1237 3512 1315 3555 eum
1332 3492 1519 3572 invenerit,

214 3599 367 3683 requirat
392 3619 452 3680 per
474 3619 554 3661 eum
577 3597 690 3682 siquid
715 3597 875 3680 perdidit.

323 3722 373 3786 13.
401 3717 444 3788 Ul
466 3719 560 3788 nulli
583 3719 853 3808 nepociuicrunt
880 3719 986 3788 liceat
1009 3739 1124 3787 emere
1149 3718 1203 3786 uel
1229 3718 1379 3786 vendere
1403 3739 1519 3807 equos

214 3825 269 3894 uel
286 3824 390 3894 boves
407 3825 480 3893 nisi
502 3831 678 3914 quantum
702 3825 735 3894 ei
756 3845 896 3893 necesse
916 3824 1028 3914 [uerit
1052 3824 1264 3915 capitulum.
1285 3825 1410 3892 Nullus
1425 3849 1521 3894 mer-

212 3943 308 4002 cator
330 3938 368 4002 111
390 3935 506 4021 aliquo
529 3935 631 4001 huius
655 3943 745 4000 terre
765 3933 912 4000 confinio
932 3957 1058 4021 equum
1074 3943 1134 4000 aut
1151 3933 1275 4000 bovem
1290 3935 1439 4000 vendere
1455 3938 1521 4002 vel

212 4067 323 4110 emere
347 4051 530 4128 presumat,
554 4046 612 4110 sed
636 4065 763 4130 equum
786 4045 999 4110 solummodo
1025 4043 1164 4109 sibimet
1187 4043 1231 4109 ad
1255 4044 1524 4126 expedicionem

211 4155 451 4236 necessarium,
478 4161 539 4218 aut
562 4152 667 4218 boves
690 4153 735 4218 ad
758 4153 927 4218 arandum
954 4159 1053 4236 aptos
1076 4153 1107 4217 si
1128 4152 1279 4218 voluerit
1303 4159 1403 4218 emat.

321 4280 372 4344 14.
396 4275 450 4343 De
474 4275 678 4343 condicione
701 4295 875 4364 equorum
900 4275 955 4343 uel
979 4274 1087 4344 boum
1110 4275 1187 4343 sine
1207 4275 1366 4344 licencia.
1382 4277 1526 4363 Siquis

211 4407 337 4472 equum
369 4389 413 4453 ad
446 4388 666 4454 vendendum
699 4389 772 4452 sine
805 4387 949 4451 licencia
977 4390 1069 4474 regis
1092 4389 1129 4451 in
1152 4385 1340 4452 confinium
1363 4387 1525 4473 duxerit,

211 4519 318 4582 equus
342 4496 386 4562 ab
410 4499 564 4562 eiusdem
588 4495 729 4562 confinii
751 4497 877 4561 comite
899 4495 1087 4582 auferatur,
1110 4497 1166 4562 vel
1190 4499 1270 4582 equi
1293 4497 1451 4562 dominus
1475 4497 1529 4566 in

211 4625 384 4669 carcerem
404 4605 576 4688 mittatur,
600 4605 708 4669 donec
732 4605 931 4670 testimonio
955 4605 1092 4669 comitis
1115 4603 1169 4668 sui
1201 4601 1443 4687 comprobetur
1476 4613 1526 4670 et
