3160 5212
1304 352 1368 416 327

76 559 136 616 aut
156 551 249 616 filius
268 554 349 634 eius,
373 558 413 614 vt
438 553 659 634 premittitur,
684 548 826 614 consilio
849 555 883 610 et
909 549 1042 630 potenti
1066 547 1195 612 auxilio
1219 548 1370 612 eiusdem

75 660 191 743 Regni
224 659 402 744 Hungarie
436 665 476 722 vt
509 659 612 722 moris
644 663 696 720 est
729 662 910 720 coronetur
942 661 976 718 et
1009 656 1046 718 in
1068 655 1370 720 administracione

77 767 176 850 plena
195 766 309 851 Regni
334 768 370 830 in
394 787 474 849 pace
498 771 769 849 recognoscatur,
792 771 827 826 et
850 760 1038 826 efficaciter
1061 783 1121 844 pro
1144 762 1240 847 Rege
1258 771 1371 827 tenea-

77 883 142 943 tur,
175 873 266 938 Item
298 873 541 936 concordatum
573 879 608 936 et
640 871 839 936 conclusum
871 877 923 933 est
955 869 1053 946 Quod
1087 891 1202 934 omnes
1239 871 1370 936 Iniurie

75 981 274 1046 differencie
298 982 524 1046 dissensiones
547 982 783 1066 impensiones
806 1000 1006 1065 quecunque
1029 985 1065 1041 et
1094 980 1247 1042 acciones
1280 980 1372 1043 inter

77 1097 192 1174 partes
216 1091 306 1172 ipsas
329 1091 434 1152 etiam
458 1090 631 1152 occasions
656 1086 767 1152 felicis
790 1088 1045 1150 reminiscencie
1077 1085 1186 1170 Regis
1217 1086 1371 1150 Ladislai

75 1221 114 1261 ac
147 1196 234 1260 alias
265 1195 523 1280 quomodolibet
555 1195 693 1260 suborte
725 1203 761 1258 et
795 1193 950 1278 partibus
982 1195 1066 1276 ipsis
1098 1215 1140 1256 ex
1169 1215 1370 1278 quacunque

76 1325 179 1368 causa
203 1309 442 1386 competentes,
466 1304 578 1388 quoad
603 1326 637 1368 se
654 1309 689 1368 et
705 1303 847 1367 heredes
862 1325 901 1366 ac
918 1322 1126 1365 successores
1145 1321 1261 1364 eorum
1278 1303 1371 1382 peni-

76 1420 133 1474 tus
172 1413 311 1474 remisse
350 1419 385 1474 et
423 1414 574 1476 extincte
613 1433 685 1475 esse
724 1409 860 1490 debent,
898 1411 1075 1492 omnisque
1107 1407 1304 1492 indignacio
1337 1413 1371 1471 et

74 1517 296 1600 displicencie
319 1539 403 1602 quas
427 1517 554 1601 prefati
576 1517 791 1582 Serenissimi
815 1519 985 1600 principes
1001 1517 1159 1580 dominus
1175 1515 1372 1579 Fridericus

73 1624 269 1706 Imperator
291 1633 326 1688 et
349 1626 508 1689 dominus
531 1625 682 1690 Mathias
706 1626 782 1690 Rex
816 1632 935 1688 contra
967 1643 1186 1708 quoscunque
1216 1622 1371 1687 Prolatos

73 1731 229 1794 Berones
259 1732 420 1796 Proceres
452 1732 593 1796 Nobiles
625 1732 759 1796 Incolae
792 1741 827 1794 et
859 1729 1114 1796 Inhabitatores
1147 1730 1233 1793 dicti
1256 1730 1372 1814 Regni

73 1861 113 1902 ac
137 1839 225 1902 alios
248 1839 507 1902 Ecclesiasticos
531 1848 566 1902 et
589 1839 757 1903 seculares
780 1842 915 1902 racione
939 1838 1133 1902 adhesionis
1157 1839 1240 1920 ipsis
1264 1838 1372 1927 domi-

74 1949 129 2009 nis
147 1947 323 2030 vtn'mque
340 1946 501 2010 hincinde
519 1945 620 2010 tactis
637 1953 808 2028 concepte,
831 1944 1028 2010 infuturum
1051 1947 1191 2008 minime
1208 1944 1372 2008 ulciscan-

73 2063 143 2134 tur,
160 2075 270 2137 neque
295 2056 352 2118 via
376 2053 461 2118 facti
478 2075 596 2138 neque.
612 2053 702 2117 Iuris
719 2053 784 2118 Sed
811 2052 971 2116 similiter
996 2055 1134 2116 remisse
1159 2059 1194 2115 et
1220 2053 1370 2116 extincte

74 2185 148 2226 esse
172 2161 308 2226 debent.
325 2162 530 2226 Polliceutes
556 2164 795 2244 promittentes
819 2171 854 2225 et
870 2161 1062 2246 obligantes
1079 2161 1149 2225 Nos
1166 2160 1229 2224 sub
1245 2159 1371 2223 honore

75 2276 195 2334 nostro
218 2277 253 2334 et
277 2269 344 2334 fide
368 2269 556 2334 christiana
579 2277 715 2334 acturos
740 2268 891 2332 facturos
914 2277 949 2332 et
973 2275 1211 2352 cooperaturos
1234 2267 1373 2330 realiter

74 2386 109 2440 et
135 2397 216 2440 cum
239 2375 373 2460 effectu,
397 2376 486 2461 quod
512 2377 609 2440 Idem
632 2377 791 2440 dominus
815 2383 931 2440 noster
954 2376 1029 2440 Rex
1054 2375 1206 2440 Mathies
1229 2397 1268 2438 ao
1292 2375 1372 2439 Pre-

73 2486 141 2549 lati
164 2484 316 2548 Berones
339 2485 499 2548 Proceres
522 2491 557 2546 et
581 2483 722 2547 Nobiles
745 2483 897 2546 eiusdem
921 2483 1036 2566 Regni
1059 2483 1239 2566 Hungarie
1267 2489 1371 2566 atque

75 2614 148 2667 nos,
172 2594 286 2656 omnia
310 2599 345 2656 et
369 2591 504 2676 singula
530 2593 700 2674 premissa,
726 2613 785 2674 per
808 2593 898 2673 ipsos
922 2597 957 2653 et
980 2611 1042 2653 nos
1065 2590 1198 2674 agenda
1222 2597 1257 2653 et
1290 2587 1372 2652 faci-

73 2700 166 2764 enda
189 2705 269 2764 ante
292 2701 559 2764 Coronacionem
583 2699 669 2762 ‹licti
692 2699 823 2762 domini
846 2701 956 2762 nostri
979 2699 1087 2782 Regis
1110 2697 1242 2762 Mathis
1267 2717 1372 2780 quan-

75 2810 190 2872 tocius
213 2815 249 2872 et
273 2815 349 2889 post
372 2805 569 2870 huiusmodi
585 2805 853 2870 Coronacionem
870 2804 961 2868 infra
979 2805 1064 2868 duos
1080 2826 1212 2868 menses
1229 2803 1371 2866 eandem

75 2916 345 2981 Coronacionem
369 2915 555 2978 inmediate
584 2919 772 2998 sequentes,
806 2913 937 2998 Sigillis
970 2923 1005 2977 et
1038 2913 1165 2976 litteris
1198 2911 1371 2994 pociorum

75 3023 166 3086 dicti
188 3023 304 3106 Regni
327 3022 505 3106 Hungarie
529 3027 632 3105 atque
650 3022 776 3083 nostris
800 3022 984 3083 autenticis
1008 3019 1220 3082 firmabimus
1237 3017 1372 3082 robora-

77 3130 193 3195 bimus
208 3137 311 3214 atque
327 3130 576 3210 renouabimus,
594 3151 901 3212 prosequemurque
918 3127 1137 3210 implebimus
1153 3135 1187 3190 et
1208 3125 1372 3188 faciemus

75 3247 112 3302 et
136 3245 213 3301 rata
236 3245 271 3301 et
294 3235 391 3302 firma
415 3237 625 3319 habebimus,
650 3235 837 3300 firmabunt
861 3234 1072 3300 roborabunt
1095 3241 1198 3317 atque
1232 3253 1372 3295 renova-

77 3346 169 3410 bunt
203 3351 520 3428 prosequunturque
553 3341 746 3424 implebunt
778 3349 814 3404 et
848 3340 975 3405 facient
1009 3364 1047 3404 ac
1087 3347 1161 3402 rata
1200 3347 1234 3402 et
1273 3337 1371 3400 firma

75 3451 265 3519 habebunt.
289 3451 643 3535 Confirmwionesque
676 3457 885 3532 opportunas
918 3470 1018 3530 super
1042 3449 1214 3530 premissis
1239 3467 1329 3508 nunc
1353 3467 1371 3506 a

79 3557 216 3643 prefato
240 3559 453 3623 Sanctissimi
478 3559 609 3622 domini
632 3563 746 3620 nostre
771 3579 855 3639 pape
879 3557 916 3618 in
940 3555 1003 3618 hac
1027 3575 1126 3617 causa
1150 3552 1373 3616 Conmissarii

76 3675 113 3730 et
138 3665 382 3730 nichilominus
406 3672 526 3748 expost
550 3667 657 3728 eciam
682 3685 701 3726 a
724 3666 907 3726 sanctitate
933 3683 993 3724 sua
1017 3669 1051 3724 et
1076 3660 1154 3724 sede
1174 3657 1372 3741 Apostolica

77 3799 119 3839 ex
156 3780 248 3838 certa
281 3775 426 3836 sciencia
460 3781 613 3853 petemus
646 3795 685 3835 ac
718 3777 845 3853 petent,
869 3777 903 3833 et
928 3771 1055 3832 eisdem
1080 3767 1247 3832 stabimus
1269 3775 1372 3849 atque

79 3880 274 3964 parebimus
299 3879 507 3962 stabuntque
531 3887 566 3942 et
591 3878 768 3961 parebunt,
791 3877 878 3940 Dolo
903 3885 937 3940 et
962 3875 1082 3938 fraude
1107 3876 1143 3937 in
1166 3873 1233 3936 hiis
1267 3875 1373 3936 omni-

78 3988 144 4052 bus
183 3985 394 4050 cessantibus
433 3984 701 4070 quibuscunque.
734 3985 776 4048 In
810 3986 905 4047 cuius
939 3986 988 4045 rei
1028 3983 1263 4046 testimonium
1302 3979 1372 4043 Nos

78 4094 275 4176 Stephanus
299 4093 493 4158 Colocensis
518 4101 552 4155 et
586 4092 785 4156 Bachiensis
814 4092 1045 4155 Ecclesiarum
1077 4089 1372 4171 Archiepiscopus,

77 4203 230 4286 Lucique
255 4201 408 4265 eiusdem
431 4199 625 4264 Colocensis
644 4199 766 4263 Comes
784 4206 976 4281 perpetuus,
993 4197 1017 4262 J
1019 4197 1168 4260 ohannes
1184 4197 1372 4278 Episcopus

78 4308 316 4373 waradiensis
354 4307 517 4371 Nicolaus
556 4308 597 4370 de
637 4307 767 4390 Wylak
807 4305 988 4389 Wayuoda
1030 4303 1293 4368 Transsilvanus
1334 4323 1371 4364 110

77 4415 321 4482 Machouensis
339 4423 374 4479 et
390 4415 505 4496 Regni
522 4414 701 4478 Sclavonie
719 4415 843 4496 Banus.
859 4415 980 4478 Comes
998 4411 1177 4475 Ladislaus
1193 4411 1234 4472 de
1251 4408 1372 4474 Palocz

76 4523 196 4588 Judex
222 4521 325 4586 Ourie
348 4522 457 4606 Regie
481 4529 516 4584 et
540 4522 717 4584 Emericus
741 4523 783 4584 de
807 4521 953 4603 Zapolyn
974 4520 1133 4582 Summus
1150 4517 1372 4580 Tezaumrius

75 4630 212 4714 Regius
236 4635 271 4692 et
296 4629 504 4710 Capitaneus
530 4631 678 4710 partium
703 4630 914 4709 superiorum
942 4626 1056 4708 Regni
1089 4625 1266 4708 Hungarie
1303 4645 1373 4706 pre-
