3160 5212
230 333 296 397 290

228 537 327 628 mely
357 562 378 607 a
413 537 775 633 »Tripartitumr-ot
803 541 1111 630 megteremtette
1141 535 1179 607 es
1198 535 1387 628 lehetdleg
1406 533 1520 627 vegre

227 663 259 734 is
287 663 464 756 hajtotta.

336 789 372 860 A
401 789 561 882 tdrvdny
589 787 772 879 mindjart
800 786 1005 881 megjelent
1033 786 1325 878 nyomtatasban
1353 787 1393 874 is,
1414 809 1520 856 azon-

227 913 317 986 feliil
346 914 586 985 fennmaradt
615 914 708 985 tbbb
736 911 908 1008 egykoni
937 909 1099 983 kezirati
1127 910 1322 1004 peldanya.

312 1181 501 1251 Mathiae
524 1182 652 1271 Regis
675 1181 900 1252 Decretum
924 1179 1098 1250 Sextum
1120 1179 1246 1250 Anno
1270 1181 1438 1250 Domini

552 1303 746 1376 MOCCC.
771 1305 998 1376 LXXXVI.
1024 1307 1194 1376 editum.

334 1499 485 1563 Mathias
509 1499 575 1563 Dei
598 1504 720 1584 gratia,
745 1501 927 1586 Ungariae,
947 1501 1116 1579 Boemiae,
1133 1499 1334 1580 Dalmatiae,
1351 1499 1519 1564 Croni-iae.

226 1609 365 1688 Ramae,
399 1607 547 1690 Serviae,
581 1607 743 1688 Galioiae,
777 1609 1008 1687 Lodomeriae,
1042 1609 1234 1688 (lomaniae,
1268 1607 1519 1692 Bulgariaeqne

226 1715 312 1795 Rex,
335 1737 374 1778 ac
399 1714 539 1778 Silesiae
564 1723 598 1778 et
624 1714 934 1799 Lucemburgensis
966 1715 1055 1794 Dux,
1088 1713 1309 1799 Marohioque
1343 1714 1518 1778 Moraviae

226 1831 260 1886 et
285 1823 464 1886 Lusatiae:
488 1821 543 1886 Ad
569 1831 769 1906 perpetuam
793 1827 843 1887 rei
867 1827 1073 1888 memoriam.
1097 1824 1204 1887 Decet
1228 1823 1341 1907 Reges
1366 1831 1400 1886 et
1420 1823 1520 1886 Prin-

225 1933 325 2013 cipes,
349 1933 409 2014 qui
432 1951 578 2013 superna
594 1930 817 2012 dispositione
842 1953 1017 2014 supremae
1042 1932 1225 2015 dignitatis
1242 1929 1377 2012 specula
1394 1935 1520 1993 consti-

226 2045 381 2118 tuuntur,
405 2059 473 2100 non
498 2037 608 2101 solum
632 2043 744 2121 armiS,
768 2061 890 2103 verum
923 2042 1028 2103 etiam
1060 2037 1195 2122 legibus
1228 2061 1299 2100 esse
1333 2038 1520 2102 decoratos

225 2153 260 2207 et
283 2146 449 2210 bonorum
472 2145 715 2231 stabiliumque
742 2150 854 2230 potius
878 2151 1119 2212 institutorum
1142 2149 1263 2230 rigore.
1288 2167 1390 2230 quam
1423 2143 1521 2209 abso·

226 2253 318 2316 lutae
361 2257 534 2337 potentiae
574 2255 631 2319 vel
669 2256 881 2319 damnandae
924 2255 1098 2319 abusionis
1140 2256 1333 2333 severitate,
1376 2252 1519 2335 populos

226 2360 405 2442 subiectos,
422 2369 458 2425 et
474 2361 576 2425 simul
601 2365 738 2446 imperii
762 2366 814 2426 sni
838 2362 987 2426 habenas
1012 2361 1189 2425 moderari.
1213 2359 1360 2424 Proinde
1383 2359 1428 2422 ad
1444 2363 1521 2423 uni-

225 2491 401 2532 versorum
417 2473 579 2533 notitiam
596 2469 754 2533 volumus
772 2473 966 2553 pervenire:
983 2469 1081 2546 Quod
1103 2475 1283 2552 postquam
1292 2488 1353 2530 nos
1369 2470 1520 2530 niaximo

226 2585 260 2638 et
284 2579 501 2660 inexpectato
524 2577 590 2640 Dei
614 2599 762 2656 munere,
786 2601 825 2641 ac
849 2578 1002 2641 eiusdem
1035 2574 1204 2639 ineffabili
1232 2574 1522 2656 incomprehensi-

225 2682 354 2767 bilique
390 2685 616 2767 providentia,
649 2685 692 2748 ad
725 2684 788 2749 hoc
821 2686 951 2769 Regiae
986 2683 1169 2767 dignitatis
1203 2679 1384 2766 fastigium
1422 2680 1519 2760 (licet

225 2791 402 2863 immeriti)
435 2791 614 2854 sublimati
647 2789 783 2874 fuimus,
819 2814 952 2875 semper
985 2793 1157 2854 inanimo
1181 2789 1361 2870 volvimus
1386 2811 1523 2872 semper

225 2899 462 2980 cogitavimus
488 2905 523 2960 et
547 2898 642 2962 cordi
666 2921 799 2980 semper
820 2898 1012 2978 habuimus,
1036 2904 1075 2962 ut
1100 2919 1155 2960 eas
1181 2896 1458 2974 inordinationes
1484 2905 1520 2960 et

226 3003 376 3085 perditas
405 3004 594 3086 abusiones
627 3027 713 3089 quae
746 3008 783 3068 in
814 3005 878 3069 hoc
910 3005 1032 3089 Regno
1062 3005 1356 3087 praedeeessorum
1387 3013 1523 3068 nostro-

227 3131 303 3172 rum
336 3110 636 3174 Serenissimorum
669 3111 895 3176 Dominorum
926 3111 1072 3196 Regum,
1106 3119 1140 3174 et
1164 3118 1280 3174 nostra
1304 3113 1409 3173 etiam
1433 3118 1523 3175 tem-

225 3225 356 3300 pestate
381 3219 556 3302 hactenUS,
587 3222 803 3302 potissimum
826 3242 908 3284 vero
933 3223 969 3283 in
993 3219 1130 3283 iudiciis
1154 3218 1304 3300 fuerunt,
1323 3217 1459 3282 abolere
1484 3229 1523 3282 et

224 3328 434 3410 extinguere,
458 3333 564 3412 utque
597 3333 729 3392 statuta
762 3334 797 3390 et
829 3327 984 3410 Decreta,
1018 3331 1066 3391 ita
1100 3325 1272 3408 salutaria,
1305 3328 1355 3388 ita
1378 3325 1521 3391 stabilia

224 3434 367 3497 condere
396 3455 578 3518 possemus,
602 3456 688 3520 quae
713 3435 756 3498 ad
781 3435 919 3499 laudern
942 3442 977 3499 et
1000 3435 1156 3520 gloriam,
1179 3435 1348 3516 imprimis
1370 3433 1524 3498 Redem-

213 3544 332 3622 ⁴ptoris
355 3540 474 3605 Nostri
497 3564 536 3605 ao
561 3542 684 3606 deinde
707 3551 872 3625 nostrum,
896 3565 935 3607 ac
958 3545 1066 3607 totius
1090 3543 1204 3626 Regni
1220 3544 1330 3605 nostri
1344 3539 1524 3620 honorem,

223 3647 378 3728 salutem,
402 3649 617 3713 commodum
649 3655 684 3713 et
717 3650 1007 3734 tranquillitatem
1040 3649 1177 3714 condita
1211 3648 1309 3731 plane
1342 3648 1526 3733 dignosce-

223 3762 359 3819 rentur:
383 3778 536 3842 quaeque
561 3778 621 3840 pro
645 3755 780 3840 legibus
804 3765 838 3821 et
863 3760 935 3821 iure
960 3759 1086 3840 scripto
1112 3761 1275 3838 perpetuo
1299 3753 1526 3824 haberentur.

223 3886 285 3927 nec
316 3885 469 3948 unquam
502 3862 560 3926 illa
594 3885 654 3946 pro
688 3862 831 3927 arbitrio
864 3867 986 3945 varias,
1025 3871 1086 3927 aut
1119 3885 1225 3927 novas
1256 3869 1292 3926 at
1329 3867 1526 3928 contrarias

223 3971 324 4054 leges,
343 3973 496 4054 iniquam
520 3968 609 4033 ferre
634 3970 761 4050 liceret,
787 3979 888 4054 prout
911 3970 1086 4051 hactenus
1111 3968 1294 4033 cuiuslibet
1311 3971 1393 4032 novi
1409 3970 1526 4055 Regis

223 4079 454 4160 assumptione
497 4076 629 4141 factum
670 4076 776 4140 fuisse
818 4100 887 4141 non
920 4085 971 4140 est
1005 4076 1203 4141 obscurum:
1236 4076 1527 4162 F-ecissemusque

223 4187 306 4248 satis
329 4184 409 4248 huic
433 4193 550 4248 sancto
576 4187 748 4268 proposito
772 4192 807 4248 et
831 4185 999 4248 desiderio
1023 4191 1148 4264 nostr0,
1172 4185 1240 4247 nisi
1264 4187 1528 4268 urgentissimis

223 4295 330 4374 ipsius
357 4293 471 4376 Regni
495 4295 605 4356 nostri
628 4291 891 4356 necessitatibus
916 4294 1133 4376 potissimum
1157 4293 1193 4354 in
1217 4311 1353 4354 orarum
1380 4288 1529 4356 finium-

222 4423 287 4484 que
312 4401 464 4464 eiusdem
487 4399 742 4483 rectificatione,
766 4400 870 4464 simul
904 4403 1009 4464 etiam
1041 4402 1333 4463 atrocissimorum
1365 4397 1531 4464 hostium

223 4511 517 4589 exterminatione,
541 4505 665 4591 quibus
690 4507 851 4592 Regnum
876 4511 988 4590 ipsum
1012 4505 1179 4570 refertum
1203 4509 1406 4588 invenimus,
1424 4528 1532 4589 prae·

225 4615 332 4697 pediti
366 4615 557 4679 fuissemus
590 4613 687 4678 Adeo
721 4619 847 4699 quippe
872 4614 957 4678 fines
980 4615 1104 4699 Regni,
1130 4616 1256 4697 partim
1281 4635 1339 4697 per
1363 4613 1532 4694 BoemOS,
