<?xml version="1.0" encoding="UTF-8"?>
<!DOCTYPE html PUBLIC "-//W3C//DTD XHTML 1.0 Transitional//EN"
    "http://www.w3.org/TR/xhtml1/DTD/xhtml1-transitional.dtd">
<html xmlns="http://www.w3.org/1999/xhtml" xml:lang="en" lang="en">
 <head>
  <title>
</title>
<meta http-equiv="Content-Type" content="text/html;charset=utf-8" />
  <meta name='ocr-system' content='tesseract 3.04.00' />
  <meta name='ocr-capabilities' content='ocr_page ocr_carea ocr_par ocr_line ocrx_word'/>
</head>
<body>
  <div class='ocr_page' id='page_1' title='image "./enchiridionfont00marcgoog_0142.png"; bbox 0 0 3192 5214; ppageno 0'>
   <div class='ocr_carea' id='block_1_1' title="bbox 203 327 270 396">
    <p class='ocr_par' dir='ltr' id='par_1_1' title="bbox 203 327 270 396">
     <span class='ocr_line' id='line_1_1' title="bbox 203 327 270 396; baseline 0 0"><span class='ocrx_word' id='word_1_1' title='bbox 203 327 270 396; x_wconf 76' lang='lat'><strong>120</strong></span> 
     </span>
    </p>
   </div>
   <div class='ocr_carea' id='block_1_2' title="bbox 133 513 1503 2868">
    <p class='ocr_par' dir='ltr' id='par_1_2' title="bbox 133 513 1502 1900">
     <span class='ocr_line' id='line_1_2' title="bbox 247 513 1500 610; baseline -0.006 -18"><span class='ocrx_word' id='word_1_2' title='bbox 247 513 277 524; x_wconf 42' lang='lat'><strong>&#39;¹</strong></span> <span class='ocrx_word' id='word_1_3' title='bbox 309 527 399 593; x_wconf 85' lang='lat' dir='ltr'><strong>Sunt</strong></span> <span class='ocrx_word' id='word_1_4' title='bbox 431 532 549 591; x_wconf 86' lang='lat' dir='ltr'><strong>autem</strong></span> <span class='ocrx_word' id='word_1_5' title='bbox 582 526 750 610; x_wconf 75' lang='lat' dir='ltr'><strong>praedicti</strong></span> <span class='ocrx_word' id='word_1_6' title='bbox 781 523 916 610; x_wconf 85' lang='lat' dir='ltr'><strong>Ungari</strong></span> <span class='ocrx_word' id='word_1_7' title='bbox 951 522 1040 588; x_wconf 82' lang='lat' dir='ltr'><strong>facie</strong></span> <span class='ocrx_word' id='word_1_8' title='bbox 1063 525 1154 606; x_wconf 88' lang='lat' dir='ltr'><strong>tetri,</strong></span> <span class='ocrx_word' id='word_1_9' title='bbox 1179 521 1358 606; x_wconf 80' lang='lat' dir='ltr'><strong>profundis</strong></span> <span class='ocrx_word' id='word_1_10' title='bbox 1382 521 1500 602; x_wconf 82' lang='lat' dir='ltr'><strong>oculis,</strong></span> 
     </span>
     <span class='ocr_line' id='line_1_3' title="bbox 201 629 1501 719; baseline -0.005 -18"><span class='ocrx_word' id='word_1_11' title='bbox 201 641 334 702; x_wconf 86' lang='lat' dir='ltr'><strong>statura</strong></span> <span class='ocrx_word' id='word_1_12' title='bbox 350 633 506 717; x_wconf 84' lang='lat' dir='ltr'><strong>humiles,</strong></span> <span class='ocrx_word' id='word_1_13' title='bbox 522 631 675 698; x_wconf 87' lang='lat' dir='ltr'><strong>moribus</strong></span> <span class='ocrx_word' id='word_1_14' title='bbox 694 642 729 699; x_wconf 90' lang='lat' dir='ltr'><strong>et</strong></span> <span class='ocrx_word' id='word_1_15' title='bbox 753 633 872 719; x_wconf 85' lang='lat' dir='ltr'><strong>lingua</strong></span> <span class='ocrx_word' id='word_1_16' title='bbox 896 631 1035 696; x_wconf 89' lang='lat' dir='ltr'><strong>barbari</strong></span> <span class='ocrx_word' id='word_1_17' title='bbox 1053 638 1089 696; x_wconf 87' lang='lat' dir='ltr'><strong>et</strong></span> <span class='ocrx_word' id='word_1_18' title='bbox 1111 630 1250 714; x_wconf 85' lang='lat' dir='ltr'><strong>feroces,</strong></span> <span class='ocrx_word' id='word_1_19' title='bbox 1273 637 1314 696; x_wconf 88' lang='lat' dir='ltr'><strong>ut</strong></span> <span class='ocrx_word' id='word_1_20' title='bbox 1337 633 1411 694; x_wconf 85' lang='lat' dir='ltr'><strong>iure</strong></span> <span class='ocrx_word' id='word_1_21' title='bbox 1431 629 1501 695; x_wconf 82' lang='lat' dir='ltr'><strong>for-</strong></span> 
     </span>
     <span class='ocr_line' id='line_1_4' title="bbox 201 737 1500 826; baseline -0.005 -18"><span class='ocrx_word' id='word_1_22' title='bbox 201 749 286 808; x_wconf 91' lang='lat' dir='ltr'><strong>tuna</strong></span> <span class='ocrx_word' id='word_1_23' title='bbox 309 742 488 826; x_wconf 80' lang='lat' dir='ltr'><strong>culpanda,</strong></span> <span class='ocrx_word' id='word_1_24' title='bbox 511 741 569 806; x_wconf 89' lang='lat' dir='ltr'><strong>vel</strong></span> <span class='ocrx_word' id='word_1_25' title='bbox 592 743 707 825; x_wconf 88' lang='lat' dir='ltr'><strong>potius</strong></span> <span class='ocrx_word' id='word_1_26' title='bbox 730 741 849 806; x_wconf 87' lang='lat' dir='ltr'><strong>divina</strong></span> <span class='ocrx_word' id='word_1_27' title='bbox 879 741 1048 824; x_wconf 88' lang='lat' dir='ltr'><strong>patientia</strong></span> <span class='ocrx_word' id='word_1_28' title='bbox 1079 737 1282 804; x_wconf 88' lang='lat' dir='ltr'><strong>admiranda</strong></span> <span class='ocrx_word' id='word_1_29' title='bbox 1315 739 1371 819; x_wconf 87' lang='lat' dir='ltr'><strong>sit,</strong></span> <span class='ocrx_word' id='word_1_30' title='bbox 1403 759 1500 823; x_wconf 88' lang='lat' dir='ltr'><strong>quae,</strong></span> 
     </span>
     <span class='ocr_line' id='line_1_5' title="bbox 201 843 1502 944; baseline -0.005 -30"><span class='ocrx_word' id='word_1_31' title='bbox 201 869 244 915; x_wconf 90' lang='lat' dir='ltr'><strong>ne</strong></span> <span class='ocrx_word' id='word_1_32' title='bbox 260 849 374 914; x_wconf 89' lang='lat' dir='ltr'><strong>dicam</strong></span> <span class='ocrx_word' id='word_1_33' title='bbox 390 847 595 944; x_wconf 86' lang='lat' dir='ltr'><strong>hominibus,</strong></span> <span class='ocrx_word' id='word_1_34' title='bbox 612 849 680 914; x_wconf 84' lang='lat' dir='ltr'><strong>sed&#39;</strong></span> <span class='ocrx_word' id='word_1_35' title='bbox 692 845 821 914; x_wconf 88' lang='lat' dir='ltr'><strong>talibus</strong></span> <span class='ocrx_word' id='word_1_36' title='bbox 843 847 1023 914; x_wconf 88' lang='lat' dir='ltr'><strong>hominum</strong></span> <span class='ocrx_word' id='word_1_37' title='bbox 1039 848 1211 928; x_wconf 73' lang='lat' dir='ltr'><strong>monstris,</strong></span> <span class='ocrx_word' id='word_1_38' title='bbox 1226 852 1299 910; x_wconf 86' lang='lat' dir='ltr'><strong>tam</strong></span> <span class='ocrx_word' id='word_1_39' title='bbox 1315 843 1502 909; x_wconf 88' lang='lat' dir='ltr'><strong>delectabi-</strong></span> 
     </span>
     <span class='ocr_line' id='line_1_6' title="bbox 202 952 1502 1041; baseline -0.005 -19"><span class='ocrx_word' id='word_1_40' title='bbox 202 958 270 1022; x_wconf 90' lang='lat' dir='ltr'><strong>lem</strong></span> <span class='ocrx_word' id='word_1_41' title='bbox 297 958 457 1041; x_wconf 75' lang='lat' dir='ltr'><strong>exposuit</strong></span> <span class='ocrx_word' id='word_1_42' title='bbox 479 963 615 1020; x_wconf 87' lang='lat' dir='ltr'><strong>terram.</strong></span> <span class='ocrx_word' id='word_1_43' title='bbox 639 955 683 1020; x_wconf 90' lang='lat' dir='ltr'><strong>In</strong></span> <span class='ocrx_word' id='word_1_44' title='bbox 705 955 769 1021; x_wconf 91' lang='lat' dir='ltr'><strong>hoc</strong></span> <span class='ocrx_word' id='word_1_45' title='bbox 792 963 910 1021; x_wconf 88' lang='lat' dir='ltr'><strong>tamen</strong></span> <span class='ocrx_word' id='word_1_46' title='bbox 941 952 1150 1020; x_wconf 81' lang='lat' dir='ltr'><strong>Graecorum</strong></span> <span class='ocrx_word' id='word_1_47' title='bbox 1183 954 1366 1018; x_wconf 79' lang='lat' dir='ltr'><strong>imitantur</strong></span> <span class='ocrx_word' id='word_1_48' title='bbox 1396 952 1502 1017; x_wconf 89' lang='lat' dir='ltr'><strong>soler-</strong></span> 
     </span>
     <span class='ocr_line' id='line_1_7' title="bbox 201 1059 1501 1157; baseline -0.004 -28"><span class='ocrx_word' id='word_1_49' title='bbox 201 1067 296 1150; x_wconf 85' lang='lat' dir='ltr'><strong>tiam,</strong></span> <span class='ocrx_word' id='word_1_50' title='bbox 312 1064 404 1150; x_wconf 91' lang='lat' dir='ltr'><strong>quod</strong></span> <span class='ocrx_word' id='word_1_51' title='bbox 427 1063 559 1128; x_wconf 90' lang='lat' dir='ltr'><strong>nullam</strong></span> <span class='ocrx_word' id='word_1_52' title='bbox 582 1085 655 1129; x_wconf 87' lang='lat' dir='ltr'><strong>rem</strong></span> <span class='ocrx_word' id='word_1_53' title='bbox 678 1085 840 1150; x_wconf 83' lang='lat' dir='ltr'><strong>magnam</strong></span> <span class='ocrx_word' id='word_1_54' title='bbox 855 1065 929 1157; x_wconf 83' lang='lat' dir='ltr'><strong>sine</strong></span> <span class='ocrx_word' id='word_1_55' title='bbox 944 1059 1063 1127; x_wconf 86' lang='lat' dir='ltr'><strong>crebra</strong></span> <span class='ocrx_word' id='word_1_56' title='bbox 1079 1067 1115 1126; x_wconf 92' lang='lat' dir='ltr'><strong>et</strong></span> <span class='ocrx_word' id='word_1_57' title='bbox 1130 1061 1233 1147; x_wconf 86' lang='lat' dir='ltr'><strong>longa</strong></span> <span class='ocrx_word' id='word_1_58' title='bbox 1248 1059 1501 1126; x_wconf 77' lang='lat' dir='ltr'><strong>auscultatione</strong></span> 
     </span>
     <span class='ocr_line' id='line_1_8' title="bbox 202 1165 1501 1257; baseline -0.005 -21"><span class='ocrx_word' id='word_1_59' title='bbox 202 1171 437 1257; x_wconf 82' lang='lat' dir='ltr'><strong>agrediuntur.</strong></span> <span class='ocrx_word' id='word_1_60' title='bbox 471 1169 628 1256; x_wconf 87' lang='lat' dir='ltr'><strong>Denique</strong></span> <span class='ocrx_word' id='word_1_61' title='bbox 661 1191 741 1235; x_wconf 91' lang='lat' dir='ltr'><strong>oum</strong></span> <span class='ocrx_word' id='word_1_62' title='bbox 771 1169 940 1236; x_wconf 81' lang='lat' dir='ltr'><strong>vilissima</strong></span> <span class='ocrx_word' id='word_1_63' title='bbox 968 1171 1005 1232; x_wconf 90' lang='lat' dir='ltr'><strong>in</strong></span> <span class='ocrx_word' id='word_1_64' title='bbox 1028 1169 1115 1232; x_wconf 87' lang='lat' dir='ltr'><strong>vicis</strong></span> <span class='ocrx_word' id='word_1_65' title='bbox 1138 1166 1195 1232; x_wconf 90' lang='lat' dir='ltr'><strong>vel</strong></span> <span class='ocrx_word' id='word_1_66' title='bbox 1218 1165 1352 1250; x_wconf 85' lang='lat' dir='ltr'><strong>oppidis</strong></span> <span class='ocrx_word' id='word_1_67' title='bbox 1375 1165 1434 1249; x_wconf 90' lang='lat' dir='ltr'><strong>ibi,</strong></span> <span class='ocrx_word' id='word_1_68' title='bbox 1464 1167 1501 1231; x_wconf 90' lang='lat' dir='ltr'><strong>id</strong></span> 
     </span>
     <span class='ocr_line' id='line_1_9' title="bbox 202 1272 1502 1364; baseline -0.003 -20"><span class='ocrx_word' id='word_1_69' title='bbox 202 1285 319 1344; x_wconf 88' lang='lat' dir='ltr'><strong>estex</strong></span> <span class='ocrx_word' id='word_1_70' title='bbox 342 1281 461 1344; x_wconf 92' lang='lat' dir='ltr'><strong>cannis</strong></span> <span class='ocrx_word' id='word_1_71' title='bbox 485 1285 631 1362; x_wconf 90' lang='lat' dir='ltr'><strong>tantum,</strong></span> <span class='ocrx_word' id='word_1_72' title='bbox 654 1299 731 1343; x_wconf 89' lang='lat' dir='ltr'><strong>rara</strong></span> <span class='ocrx_word' id='word_1_73' title='bbox 755 1301 797 1343; x_wconf 88' lang='lat' dir='ltr'><strong>ex</strong></span> <span class='ocrx_word' id='word_1_74' title='bbox 820 1278 933 1364; x_wconf 80' lang='lat' dir='ltr'><strong>lignis,</strong></span> <span class='ocrx_word' id='word_1_75' title='bbox 957 1275 1130 1342; x_wconf 87' lang='lat' dir='ltr'><strong>rarissima</strong></span> <span class='ocrx_word' id='word_1_76' title='bbox 1162 1297 1205 1340; x_wconf 88' lang='lat' dir='ltr'><strong>ex</strong></span> <span class='ocrx_word' id='word_1_77' title='bbox 1236 1272 1409 1358; x_wconf 87' lang='lat' dir='ltr'><strong>lapidibus</strong></span> <span class='ocrx_word' id='word_1_78' title='bbox 1440 1275 1502 1340; x_wconf 83' lang='lat' dir='ltr'><strong>ba-</strong></span> 
     </span>
     <span class='ocr_line' id='line_1_10' title="bbox 202 1382 1502 1468; baseline -0.003 -18"><span class='ocrx_word' id='word_1_79' title='bbox 202 1385 349 1450; x_wconf 89' lang='lat' dir='ltr'><strong>beantur</strong></span> <span class='ocrx_word' id='word_1_80' title='bbox 370 1384 577 1468; x_wconf 87' lang='lat' dir='ltr'><strong>habitacula,</strong></span> <span class='ocrx_word' id='word_1_81' title='bbox 601 1393 675 1450; x_wconf 90' lang='lat' dir='ltr'><strong>toto</strong></span> <span class='ocrx_word' id='word_1_82' title='bbox 698 1388 839 1451; x_wconf 87' lang='lat' dir='ltr'><strong>aestatis</strong></span> <span class='ocrx_word' id='word_1_83' title='bbox 863 1384 920 1466; x_wconf 83' lang='lat' dir='ltr'><strong>vel</strong></span> <span class='ocrx_word' id='word_1_84' title='bbox 942 1385 1124 1467; x_wconf 87' lang='lat' dir='ltr'><strong>autumpni</strong></span> <span class='ocrx_word' id='word_1_85' title='bbox 1143 1391 1296 1466; x_wconf 89' lang='lat' dir='ltr'><strong>tempore</strong></span> <span class='ocrx_word' id='word_1_86' title='bbox 1311 1382 1502 1466; x_wconf 88' lang='lat' dir='ltr'><strong>papiliones</strong></span> 
     </span>
     <span class='ocr_line' id='line_1_11' title="bbox 202 1489 1502 1580; baseline -0.002 -24"><span class='ocrx_word' id='word_1_87' title='bbox 202 1491 409 1558; x_wconf 88' lang='lat' dir='ltr'><strong>inhabitant.</strong></span> <span class='ocrx_word' id='word_1_88' title='bbox 432 1491 489 1558; x_wconf 84' lang='lat' dir='ltr'><strong>Ad</strong></span> <span class='ocrx_word' id='word_1_89' title='bbox 517 1495 648 1558; x_wconf 85' lang='lat' dir='ltr'><strong>curiam</strong></span> <span class='ocrx_word' id='word_1_90' title='bbox 680 1495 771 1580; x_wconf 87' lang='lat' dir='ltr'><strong>regis</strong></span> <span class='ocrx_word' id='word_1_91' title='bbox 804 1495 858 1558; x_wconf 89' lang='lat' dir='ltr'><strong>sui</strong></span> <span class='ocrx_word' id='word_1_92' title='bbox 889 1491 1035 1577; x_wconf 83' lang='lat' dir='ltr'><strong>singulis</strong></span> <span class='ocrx_word' id='word_1_93' title='bbox 1067 1513 1110 1556; x_wconf 88' lang='lat' dir='ltr'><strong>ex</strong></span> <span class='ocrx_word' id='word_1_94' title='bbox 1142 1489 1348 1576; x_wconf 88' lang='lat' dir='ltr'><strong>primoribus</strong></span> <span class='ocrx_word' id='word_1_95' title='bbox 1381 1489 1502 1554; x_wconf 89' lang='lat' dir='ltr'><strong>sellam</strong></span> 
     </span>
     <span class='ocr_line' id='line_1_12' title="bbox 133 1595 1502 1684; baseline -0.002 -19"><span class='ocrx_word' id='word_1_96' title='bbox 133 1671 136 1678; x_wconf 64' lang='grc'><em>,</em></span> <span class='ocrx_word' id='word_1_97' title='bbox 202 1619 318 1665; x_wconf 86' lang='lat' dir='ltr'><strong>secum</strong></span> <span class='ocrx_word' id='word_1_98' title='bbox 356 1599 575 1684; x_wconf 87' lang='lat' dir='ltr'><strong>portantibus</strong></span> <span class='ocrx_word' id='word_1_99' title='bbox 607 1604 832 1667; x_wconf 79' lang='lat' dir='ltr'><strong>conveniunt⁸</strong></span> <span class='ocrx_word' id='word_1_100' title='bbox 845 1647 849 1654; x_wconf 85' lang='lat'><em>-</em></span> <span class='ocrx_word' id='word_1_101' title='bbox 864 1622 904 1666; x_wconf 89' lang='lat' dir='ltr'><strong>ao</strong></span> <span class='ocrx_word' id='word_1_102' title='bbox 936 1599 979 1664; x_wconf 89' lang='lat' dir='ltr'><strong>de</strong></span> <span class='ocrx_word' id='word_1_103' title='bbox 1010 1619 1090 1662; x_wconf 89' lang='lat' dir='ltr'><strong>suae</strong></span> <span class='ocrx_word' id='word_1_104' title='bbox 1123 1600 1174 1662; x_wconf 86' lang='lat' dir='ltr'><strong>rei</strong></span> <span class='ocrx_word' id='word_1_105' title='bbox 1206 1595 1364 1681; x_wconf 87' lang='lat' dir='ltr'><strong>publicae</strong></span> <span class='ocrx_word' id='word_1_106' title='bbox 1405 1603 1502 1662; x_wconf 85' lang='lat' dir='ltr'><strong>statu</strong></span> 
     </span>
     <span class='ocr_line' id='line_1_13' title="bbox 203 1703 1502 1792; baseline -0.002 -22"><span class='ocrx_word' id='word_1_107' title='bbox 203 1711 412 1790; x_wconf 88' lang='lat' dir='ltr'><strong>pertractare</strong></span> <span class='ocrx_word' id='word_1_108' title='bbox 444 1713 479 1771; x_wconf 90' lang='lat' dir='ltr'><strong>et</strong></span> <span class='ocrx_word' id='word_1_109' title='bbox 510 1708 680 1772; x_wconf 89' lang='lat' dir='ltr'><strong>discutere</strong></span> <span class='ocrx_word' id='word_1_110' title='bbox 712 1728 782 1772; x_wconf 91' lang='lat' dir='ltr'><strong>non</strong></span> <span class='ocrx_word' id='word_1_111' title='bbox 813 1705 1006 1792; x_wconf 83' lang='lat' dir='ltr'><strong>negligunt,</strong></span> <span class='ocrx_word' id='word_1_112' title='bbox 1036 1705 1171 1790; x_wconf 87' lang='lat' dir='ltr'><strong>hyemis</strong></span> <span class='ocrx_word' id='word_1_113' title='bbox 1194 1703 1310 1790; x_wconf 88' lang='lat' dir='ltr'><strong>algore</strong></span> <span class='ocrx_word' id='word_1_114' title='bbox 1334 1705 1371 1768; x_wconf 90' lang='lat' dir='ltr'><strong>in</strong></span> <span class='ocrx_word' id='word_1_115' title='bbox 1393 1704 1502 1768; x_wconf 90' lang='lat' dir='ltr'><strong>domi-</strong></span> 
     </span>
     <span class='ocr_line' id='line_1_14' title="bbox 203 1807 963 1900; baseline 0.003 -23"><span class='ocrx_word' id='word_1_116' title='bbox 203 1813 301 1896; x_wconf 89' lang='lat' dir='ltr'><strong>ciliis,</strong></span> <span class='ocrx_word' id='word_1_117' title='bbox 323 1807 410 1900; x_wconf 86' lang='lat' dir='ltr'><strong>quae</strong></span> <span class='ocrx_word' id='word_1_118' title='bbox 433 1813 570 1898; x_wconf 83' lang='lat' dir='ltr'><strong>babent,</strong></span> <span class='ocrx_word' id='word_1_119' title='bbox 594 1816 631 1881; x_wconf 91' lang='lat' dir='ltr'><strong>id</strong></span> <span class='ocrx_word' id='word_1_120' title='bbox 652 1818 766 1900; x_wconf 90' lang='lat' dir='ltr'><strong>ipsum</strong></span> <span class='ocrx_word' id='word_1_121' title='bbox 789 1814 963 1880; x_wconf 80' lang='lat' dir='ltr'><strong>facientes,</strong></span> 
     </span>
    </p>

    <p class='ocr_par' dir='ltr' id='par_1_3' title="bbox 204 1919 1503 2868">
     <span class='ocr_line' id='line_1_15' title="bbox 310 1919 1501 2007; baseline -0.002 -21"><span class='ocrx_word' id='word_1_122' title='bbox 310 1919 361 1986; x_wconf 86' lang='lat' dir='ltr'><strong>At</strong></span> <span class='ocrx_word' id='word_1_123' title='bbox 383 1943 500 1987; x_wconf 82' lang='lat' dir='ltr'><strong>omnes</strong></span> <span class='ocrx_word' id='word_1_124' title='bbox 525 1925 574 1987; x_wconf 89' lang='lat' dir='ltr'><strong>sic</strong></span> <span class='ocrx_word' id='word_1_125' title='bbox 598 1925 746 2006; x_wconf 86' lang='lat' dir='ltr'><strong>principi</strong></span> <span class='ocrx_word' id='word_1_126' title='bbox 764 1943 824 1986; x_wconf 92' lang='lat' dir='ltr'><strong>suo</strong></span> <span class='ocrx_word' id='word_1_127' title='bbox 841 1921 1061 2007; x_wconf 80' lang='lat' dir='ltr'><strong>obsequatur,</strong></span> <span class='ocrx_word' id='word_1_128' title='bbox 1076 1929 1117 1986; x_wconf 87' lang='lat' dir='ltr'><strong>ut</strong></span> <span class='ocrx_word' id='word_1_129' title='bbox 1132 1921 1375 2005; x_wconf 87' lang='lat' dir='ltr'><strong>unusquisque,</strong></span> <span class='ocrx_word' id='word_1_130' title='bbox 1391 1941 1433 1985; x_wconf 87' lang='lat' dir='ltr'><strong>ne</strong></span> <span class='ocrx_word' id='word_1_131' title='bbox 1450 1919 1501 1985; x_wconf 92' lang='lat' dir='ltr'><strong>di-</strong></span> 
     </span>
     <span class='ocr_line' id='line_1_16' title="bbox 204 2026 1503 2113; baseline 0 -22"><span class='ocrx_word' id='word_1_132' title='bbox 204 2049 279 2092; x_wconf 89' lang='lat' dir='ltr'><strong>cam</strong></span> <span class='ocrx_word' id='word_1_133' title='bbox 302 2027 497 2094; x_wconf 87' lang='lat' dir='ltr'><strong>manifestis</strong></span> <span class='ocrx_word' id='word_1_134' title='bbox 520 2028 621 2094; x_wconf 88' lang='lat' dir='ltr'><strong>illum</strong></span> <span class='ocrx_word' id='word_1_135' title='bbox 643 2028 974 2095; x_wconf 86' lang='lat' dir='ltr'><strong>contradictionibus</strong></span> <span class='ocrx_word' id='word_1_136' title='bbox 998 2049 1206 2113; x_wconf 85' lang='lat' dir='ltr'><strong>exasperare,</strong></span> <span class='ocrx_word' id='word_1_137' title='bbox 1230 2028 1288 2092; x_wconf 89' lang='lat' dir='ltr'><strong>sed</strong></span> <span class='ocrx_word' id='word_1_138' title='bbox 1305 2035 1341 2092; x_wconf 90' lang='lat' dir='ltr'><strong>et</strong></span> <span class='ocrx_word' id='word_1_139' title='bbox 1357 2026 1503 2092; x_wconf 90' lang='lat' dir='ltr'><strong>occultis</strong></span> 
     </span>
     <span class='ocr_line' id='line_1_17' title="bbox 204 2135 1502 2219; baseline 0 -20"><span class='ocrx_word' id='word_1_140' title='bbox 204 2137 351 2200; x_wconf 88' lang='lat' dir='ltr'><strong>susurris</strong></span> <span class='ocrx_word' id='word_1_141' title='bbox 375 2136 524 2202; x_wconf 88' lang='lat' dir='ltr'><strong>lacerare</strong></span> <span class='ocrx_word' id='word_1_142' title='bbox 547 2135 645 2202; x_wconf 86' lang='lat' dir='ltr'><strong>nefas</strong></span> <span class='ocrx_word' id='word_1_143' title='bbox 667 2137 865 2202; x_wconf 85' lang='lat' dir='ltr'><strong>arbitretur.</strong></span> <span class='ocrx_word' id='word_1_144' title='bbox 897 2137 990 2202; x_wconf 90' lang='lat' dir='ltr'><strong>Hinc</strong></span> <span class='ocrx_word' id='word_1_145' title='bbox 1022 2143 1084 2219; x_wconf 88' lang='lat' dir='ltr'><strong>est,</strong></span> <span class='ocrx_word' id='word_1_146' title='bbox 1116 2144 1156 2200; x_wconf 90' lang='lat' dir='ltr'><strong>ut</strong></span> <span class='ocrx_word' id='word_1_147' title='bbox 1184 2157 1263 2200; x_wconf 87' lang='lat' dir='ltr'><strong>cum</strong></span> <span class='ocrx_word' id='word_1_148' title='bbox 1287 2135 1502 2219; x_wconf 88' lang='lat' dir='ltr'><strong>praedictum</strong></span> 
     </span>
     <span class='ocr_line' id='line_1_18' title="bbox 204 2243 1502 2330; baseline 0.001 -23"><span class='ocrx_word' id='word_1_149' title='bbox 204 2260 349 2329; x_wconf 84' lang='lat' dir='ltr'><strong>regnum</strong></span> <span class='ocrx_word' id='word_1_150' title='bbox 365 2265 425 2328; x_wconf 89' lang='lat' dir='ltr'><strong>per</strong></span> <span class='ocrx_word' id='word_1_151' title='bbox 442 2245 485 2310; x_wconf 78' lang='lat'><strong>70</strong></span> <span class='ocrx_word' id='word_1_152' title='bbox 500 2244 558 2310; x_wconf 88' lang='lat' dir='ltr'><strong>vel</strong></span> <span class='ocrx_word' id='word_1_153' title='bbox 572 2245 720 2330; x_wconf 89' lang='lat' dir='ltr'><strong>amplius</strong></span> <span class='ocrx_word' id='word_1_154' title='bbox 743 2246 895 2311; x_wconf 84' lang='lat' dir='ltr'><strong>divisum</strong></span> <span class='ocrx_word' id='word_1_155' title='bbox 910 2247 956 2310; x_wconf 90' lang='lat' dir='ltr'><strong>sit</strong></span> <span class='ocrx_word' id='word_1_156' title='bbox 971 2246 1181 2328; x_wconf 79' lang='lat' dir='ltr'><strong>comitatus,⁹</strong></span> <span class='ocrx_word' id='word_1_157' title='bbox 1196 2243 1238 2308; x_wconf 87' lang='lat' dir='ltr'><strong>de</strong></span> <span class='ocrx_word' id='word_1_158' title='bbox 1254 2245 1348 2309; x_wconf 88' lang='lat' dir='ltr'><strong>omni</strong></span> <span class='ocrx_word' id='word_1_159' title='bbox 1363 2244 1502 2308; x_wconf 87' lang='lat' dir='ltr'><strong>iusticia</strong></span> 
     </span>
     <span class='ocr_line' id='line_1_19' title="bbox 205 2349 1503 2438; baseline 0.003 -26"><span class='ocrx_word' id='word_1_160' title='bbox 205 2349 249 2413; x_wconf 90' lang='lat' dir='ltr'><strong>ad</strong></span> <span class='ocrx_word' id='word_1_161' title='bbox 272 2349 394 2416; x_wconf 87' lang='lat' dir='ltr'><strong>fiscum</strong></span> <span class='ocrx_word' id='word_1_162' title='bbox 417 2354 551 2438; x_wconf 84' lang='lat' dir='ltr'><strong>regium</strong></span> <span class='ocrx_word' id='word_1_163' title='bbox 575 2353 662 2417; x_wconf 90' lang='lat' dir='ltr'><strong>duae</strong></span> <span class='ocrx_word' id='word_1_164' title='bbox 686 2352 774 2418; x_wconf 90' lang='lat' dir='ltr'><strong>lucri</strong></span> <span class='ocrx_word' id='word_1_165' title='bbox 797 2359 911 2436; x_wconf 88' lang='lat' dir='ltr'><strong>partes</strong></span> <span class='ocrx_word' id='word_1_166' title='bbox 934 2351 1067 2435; x_wconf 85' lang='lat' dir='ltr'><strong>cedant,</strong></span> <span class='ocrx_word' id='word_1_167' title='bbox 1090 2353 1195 2416; x_wconf 85' lang='lat' dir='ltr'><strong>tertia</strong></span> <span class='ocrx_word' id='word_1_168' title='bbox 1219 2358 1357 2416; x_wconf 86' lang='lat' dir='ltr'><strong>tautum</strong></span> <span class='ocrx_word' id='word_1_169' title='bbox 1382 2353 1503 2416; x_wconf 92' lang='lat' dir='ltr'><strong>comiti</strong></span> 
     </span>
     <span class='ocr_line' id='line_1_20' title="bbox 205 2457 1502 2546; baseline 0.002 -27"><span class='ocrx_word' id='word_1_170' title='bbox 205 2463 420 2542; x_wconf 86' lang='lat' dir='ltr'><strong>remaneat,¹⁰</strong></span> <span class='ocrx_word' id='word_1_171' title='bbox 452 2460 636 2546; x_wconf 89' lang='lat' dir='ltr'><strong>nullusque</strong></span> <span class='ocrx_word' id='word_1_172' title='bbox 676 2461 714 2524; x_wconf 92' lang='lat' dir='ltr'><strong>in</strong></span> <span class='ocrx_word' id='word_1_173' title='bbox 755 2467 828 2526; x_wconf 90' lang='lat' dir='ltr'><strong>tam</strong></span> <span class='ocrx_word' id='word_1_174' title='bbox 860 2463 1011 2545; x_wconf 86' lang='lat' dir='ltr'><strong>spacioso</strong></span> <span class='ocrx_word' id='word_1_175' title='bbox 1048 2457 1192 2542; x_wconf 90' lang='lat' dir='ltr'><strong>ambitu,</strong></span> <span class='ocrx_word' id='word_1_176' title='bbox 1231 2479 1312 2544; x_wconf 87' lang='lat' dir='ltr'><strong>rege</strong></span> <span class='ocrx_word' id='word_1_177' title='bbox 1349 2466 1502 2542; x_wconf 86' lang='lat' dir='ltr'><strong>excepto,</strong></span> 
     </span>
     <span class='ocr_line' id='line_1_21' title="bbox 205 2559 1503 2652; baseline 0.001 -23"><span class='ocrx_word' id='word_1_178' title='bbox 205 2574 378 2631; x_wconf 89' lang='lat' dir='ltr'><strong>monetam</strong></span> <span class='ocrx_word' id='word_1_179' title='bbox 393 2568 451 2632; x_wconf 85' lang='lat' dir='ltr'><strong>vel</strong></span> <span class='ocrx_word' id='word_1_180' title='bbox 474 2567 672 2634; x_wconf 85' lang='lat' dir='ltr'><strong>theloneum</strong></span> <span class='ocrx_word' id='word_1_181' title='bbox 696 2567 821 2633; x_wconf 84' lang='lat' dir='ltr'><strong>habere</strong></span> <span class='ocrx_word' id='word_1_182' title='bbox 844 2559 977 2632; x_wconf 85' lang='lat' dir='ltr'><strong>audeat.</strong></span> <span class='ocrx_word' id='word_1_183' title='bbox 1000 2567 1099 2646; x_wconf 81' lang='lat' dir='ltr'><strong>Quod</strong></span> <span class='ocrx_word' id='word_1_184' title='bbox 1124 2568 1153 2630; x_wconf 90' lang='lat' dir='ltr'><strong>si</strong></span> <span class='ocrx_word' id='word_1_185' title='bbox 1176 2568 1253 2652; x_wconf 90' lang='lat' dir='ltr'><strong>quis</strong></span> <span class='ocrx_word' id='word_1_186' title='bbox 1276 2589 1318 2631; x_wconf 89' lang='lat' dir='ltr'><strong>ex</strong></span> <span class='ocrx_word' id='word_1_187' title='bbox 1334 2568 1503 2632; x_wconf 86' lang='lat' dir='ltr'><strong>comitum</strong></span> 
     </span>
     <span class='ocr_line' id='line_1_22' title="bbox 206 2673 1503 2762; baseline 0.001 -25"><span class='ocrx_word' id='word_1_188' title='bbox 206 2675 325 2739; x_wconf 90' lang='lat' dir='ltr'><strong>ordine</strong></span> <span class='ocrx_word' id='word_1_189' title='bbox 349 2697 465 2762; x_wconf 85' lang='lat' dir='ltr'><strong>regem</strong></span> <span class='ocrx_word' id='word_1_190' title='bbox 488 2675 545 2741; x_wconf 81' lang='lat' dir='ltr'><strong>vel</strong></span> <span class='ocrx_word' id='word_1_191' title='bbox 568 2678 606 2740; x_wconf 93' lang='lat' dir='ltr'><strong>in</strong></span> <span class='ocrx_word' id='word_1_192' title='bbox 628 2677 762 2742; x_wconf 91' lang='lat' dir='ltr'><strong>modico</strong></span> <span class='ocrx_word' id='word_1_193' title='bbox 785 2675 978 2758; x_wconf 87' lang='lat' dir='ltr'><strong>offenderit,</strong></span> <span class='ocrx_word' id='word_1_194' title='bbox 1000 2675 1058 2740; x_wconf 88' lang='lat' dir='ltr'><strong>vel</strong></span> <span class='ocrx_word' id='word_1_195' title='bbox 1085 2677 1191 2740; x_wconf 86' lang='lat' dir='ltr'><strong>etiam</strong></span> <span class='ocrx_word' id='word_1_196' title='bbox 1222 2675 1265 2740; x_wconf 91' lang='lat' dir='ltr'><strong>de</strong></span> <span class='ocrx_word' id='word_1_197' title='bbox 1297 2673 1363 2740; x_wconf 94' lang='lat' dir='ltr'><strong>hoc</strong></span> <span class='ocrx_word' id='word_1_198' title='bbox 1395 2695 1503 2759; x_wconf 90' lang='lat' dir='ltr'><strong>quan-</strong></span> 
     </span>
     <span class='ocr_line' id='line_1_23' title="bbox 205 2779 1502 2868; baseline -0.001 -23"><span class='ocrx_word' id='word_1_199' title='bbox 205 2780 316 2866; x_wconf 88' lang='lat' dir='ltr'><strong>doque</strong></span> <span class='ocrx_word' id='word_1_200' title='bbox 331 2803 400 2847; x_wconf 93' lang='lat' dir='ltr'><strong>non</strong></span> <span class='ocrx_word' id='word_1_201' title='bbox 416 2784 506 2847; x_wconf 89' lang='lat' dir='ltr'><strong>iuste</strong></span> <span class='ocrx_word' id='word_1_202' title='bbox 529 2779 719 2848; x_wconf 85' lang='lat' dir='ltr'><strong>infamatus</strong></span> <span class='ocrx_word' id='word_1_203' title='bbox 743 2782 857 2866; x_wconf 84' lang='lat' dir='ltr'><strong>fuerit,</strong></span> <span class='ocrx_word' id='word_1_204' title='bbox 881 2781 1028 2868; x_wconf 85' lang='lat' dir='ltr'><strong>quilibet</strong></span> <span class='ocrx_word' id='word_1_205' title='bbox 1044 2779 1181 2846; x_wconf 87' lang='lat' dir='ltr'><strong>infimae</strong></span> <span class='ocrx_word' id='word_1_206' title='bbox 1197 2781 1406 2846; x_wconf 86' lang='lat' dir='ltr'><strong>conditionis</strong></span> <span class='ocrx_word' id='word_1_207' title='bbox 1421 2779 1502 2862; x_wconf 89' lang='lat' dir='ltr'><strong>lixa,</strong></span> 
     </span>
    </p>
   </div>
   <div class='ocr_carea' id='block_1_3' title="bbox 204 2888 1595 2976">
    <p class='ocr_par' dir='ltr' id='par_1_4' title="bbox 204 2888 1595 2976">
     <span class='ocr_line' id='line_1_24' title="bbox 204 2888 1595 2976; baseline -0.001 -22"><span class='ocrx_word' id='word_1_208' title='bbox 204 2892 335 2955; x_wconf 88' lang='lat' dir='ltr'><strong>acuria</strong></span> <span class='ocrx_word' id='word_1_209' title='bbox 350 2893 482 2976; x_wconf 89' lang='lat' dir='ltr'><strong>missus,</strong></span> <span class='ocrx_word' id='word_1_210' title='bbox 501 2911 588 2974; x_wconf 90' lang='lat' dir='ltr'><strong>eum,</strong></span> <span class='ocrx_word' id='word_1_211' title='bbox 612 2891 693 2956; x_wconf 90' lang='lat' dir='ltr'><strong>licet</strong></span> <span class='ocrx_word' id='word_1_212' title='bbox 717 2888 926 2956; x_wconf 86' lang='lat' dir='ltr'><strong>satellitibus</strong></span> <span class='ocrx_word' id='word_1_213' title='bbox 950 2892 1019 2955; x_wconf 87' lang='lat' dir='ltr'><strong>suis</strong></span> <span class='ocrx_word' id='word_1_214' title='bbox 1043 2893 1218 2974; x_wconf 88' lang='lat' dir='ltr'><strong>stipatum,</strong></span> <span class='ocrx_word' id='word_1_215' title='bbox 1243 2891 1334 2956; x_wconf 89' lang='lat' dir='ltr'><strong>solus</strong></span> <span class='ocrx_word' id='word_1_216' title='bbox 1350 2909 1503 2972; x_wconf 86' lang='lat' dir='ltr'><strong>compre·</strong></span> <span class='ocrx_word' id='word_1_217' title='bbox 1594 2935 1595 2940; x_wconf 18' lang='grc' dir='ltr'>η</span> 
     </span>
    </p>
   </div>
   <div class='ocr_carea' id='block_1_4' title="bbox 204 2995 1503 3082">
    <p class='ocr_par' dir='ltr' id='par_1_5' title="bbox 204 2995 1503 3082">
     <span class='ocr_line' id='line_1_25' title="bbox 204 2995 1503 3082; baseline -0.001 -22"><span class='ocrx_word' id='word_1_218' title='bbox 204 2995 337 3080; x_wconf 88' lang='lat' dir='ltr'><strong>bendit,</strong></span> <span class='ocrx_word' id='word_1_219' title='bbox 361 3001 398 3062; x_wconf 93' lang='lat' dir='ltr'><strong>in</strong></span> <span class='ocrx_word' id='word_1_220' title='bbox 420 2998 570 3063; x_wconf 88' lang='lat' dir='ltr'><strong>vinculis</strong></span> <span class='ocrx_word' id='word_1_221' title='bbox 594 3000 699 3082; x_wconf 88' lang='lat' dir='ltr'><strong>ponit,</strong></span> <span class='ocrx_word' id='word_1_222' title='bbox 723 2999 766 3064; x_wconf 85' lang='lat' dir='ltr'><strong>ad</strong></span> <span class='ocrx_word' id='word_1_223' title='bbox 791 2999 927 3063; x_wconf 85' lang='lat' dir='ltr'><strong>diversa</strong></span> <span class='ocrx_word' id='word_1_224' title='bbox 955 3005 1204 3063; x_wconf 87' lang='lat' dir='ltr'><strong>tormentorum</strong></span> <span class='ocrx_word' id='word_1_225' title='bbox 1232 3018 1358 3082; x_wconf 87' lang='lat' dir='ltr'><strong>genera</strong></span> <span class='ocrx_word' id='word_1_226' title='bbox 1382 2997 1503 3062; x_wconf 90' lang='lat' dir='ltr'><strong>trahit.</strong></span> 
     </span>
    </p>
   </div>
   <div class='ocr_carea' id='block_1_5' title="bbox 82 3099 1503 3190">
    <p class='ocr_par' dir='ltr' id='par_1_6' title="bbox 82 3099 1503 3190">
     <span class='ocr_line' id='line_1_26' title="bbox 82 3099 1503 3190; baseline 0 -22"><span class='ocrx_word' id='word_1_227' title='bbox 82 3099 87 3108; x_wconf 74' lang='grc'>’</span> <span class='ocrx_word' id='word_1_228' title='bbox 205 3102 311 3169; x_wconf 84' lang='lat' dir='ltr'><strong>Nulla</strong></span> <span class='ocrx_word' id='word_1_229' title='bbox 343 3107 514 3171; x_wconf 89' lang='lat' dir='ltr'><strong>sententia</strong></span> <span class='ocrx_word' id='word_1_230' title='bbox 547 3127 566 3170; x_wconf 95' lang='lat' dir='ltr'><strong>a</strong></span> <span class='ocrx_word' id='word_1_231' title='bbox 600 3107 762 3190; x_wconf 87' lang='lat' dir='ltr'><strong>principe,</strong></span> <span class='ocrx_word' id='word_1_232' title='bbox 795 3108 885 3171; x_wconf 88' lang='lat' dir='ltr'><strong>siout</strong></span> <span class='ocrx_word' id='word_1_233' title='bbox 907 3105 998 3190; x_wconf 88' lang='lat' dir='ltr'><strong>apud</strong></span> <span class='ocrx_word' id='word_1_234' title='bbox 1022 3125 1083 3169; x_wconf 91' lang='lat' dir='ltr'><strong>nos</strong></span> <span class='ocrx_word' id='word_1_235' title='bbox 1106 3106 1210 3168; x_wconf 89' lang='lat' dir='ltr'><strong>moris</strong></span> <span class='ocrx_word' id='word_1_236' title='bbox 1234 3111 1295 3186; x_wconf 90' lang='lat' dir='ltr'><strong>est,</strong></span> <span class='ocrx_word' id='word_1_237' title='bbox 1320 3125 1381 3186; x_wconf 89' lang='lat' dir='ltr'><strong>per</strong></span> <span class='ocrx_word' id='word_1_238' title='bbox 1404 3125 1503 3187; x_wconf 88' lang='lat' dir='ltr'><strong>pares</strong></span> 
     </span>
    </p>
   </div>
   <div class='ocr_carea' id='block_1_6' title="bbox 205 3209 1506 4154">
    <p class='ocr_par' dir='ltr' id='par_1_7' title="bbox 205 3209 1503 3405">
     <span class='ocr_line' id='line_1_27' title="bbox 205 3209 1503 3298; baseline -0.002 -21"><span class='ocrx_word' id='word_1_239' title='bbox 205 3231 283 3278; x_wconf 86' lang='lat' dir='ltr'><strong>suos</strong></span> <span class='ocrx_word' id='word_1_240' title='bbox 306 3216 511 3298; x_wconf 88' lang='lat' dir='ltr'><strong>exposcitur,</strong></span> <span class='ocrx_word' id='word_1_241' title='bbox 534 3213 629 3278; x_wconf 91' lang='lat' dir='ltr'><strong>nulla</strong></span> <span class='ocrx_word' id='word_1_242' title='bbox 653 3221 812 3278; x_wconf 88' lang='lat' dir='ltr'><strong>accusato</strong></span> <span class='ocrx_word' id='word_1_243' title='bbox 836 3212 1022 3278; x_wconf 85' lang='lat' dir='ltr'><strong>excusandi</strong></span> <span class='ocrx_word' id='word_1_244' title='bbox 1044 3211 1185 3276; x_wconf 86' lang='lat' dir='ltr'><strong>licentia</strong></span> <span class='ocrx_word' id='word_1_245' title='bbox 1209 3211 1321 3290; x_wconf 86' lang='lat' dir='ltr'><strong>datur,</strong></span> <span class='ocrx_word' id='word_1_246' title='bbox 1346 3210 1405 3276; x_wconf 90' lang='lat' dir='ltr'><strong>sed</strong></span> <span class='ocrx_word' id='word_1_247' title='bbox 1430 3209 1503 3276; x_wconf 88' lang='lat' dir='ltr'><strong>sola</strong></span> 
     </span>
     <span class='ocr_line' id='line_1_28' title="bbox 206 3316 1232 3405; baseline -0.005 -19"><span class='ocrx_word' id='word_1_248' title='bbox 206 3323 371 3405; x_wconf 88' lang='lat' dir='ltr'><strong>principis</strong></span> <span class='ocrx_word' id='word_1_249' title='bbox 394 3322 557 3386; x_wconf 87' lang='lat' dir='ltr'><strong>voluntas</strong></span> <span class='ocrx_word' id='word_1_250' title='bbox 580 3321 672 3405; x_wconf 88' lang='lat' dir='ltr'><strong>apud</strong></span> <span class='ocrx_word' id='word_1_251' title='bbox 696 3342 812 3386; x_wconf 91' lang='lat' dir='ltr'><strong>omnes</strong></span> <span class='ocrx_word' id='word_1_252' title='bbox 835 3342 895 3404; x_wconf 89' lang='lat' dir='ltr'><strong>pro</strong></span> <span class='ocrx_word' id='word_1_253' title='bbox 919 3323 1052 3387; x_wconf 85' lang='lat' dir='ltr'><strong>rationo</strong></span> <span class='ocrx_word' id='word_1_254' title='bbox 1075 3316 1232 3384; x_wconf 88' lang='lat' dir='ltr'><strong>habetur.</strong></span> 
     </span>
    </p>

    <p class='ocr_par' dir='ltr' id='par_1_8' title="bbox 205 3424 1506 4154">
     <span class='ocr_line' id='line_1_29' title="bbox 314 3424 1503 3513; baseline -0.005 -20"><span class='ocrx_word' id='word_1_255' title='bbox 314 3427 513 3513; x_wconf 86' lang='lat' dir='ltr'><strong>Siquando</strong></span> <span class='ocrx_word' id='word_1_256' title='bbox 536 3449 618 3492; x_wconf 89' lang='lat' dir='ltr'><strong>vero</strong></span> <span class='ocrx_word' id='word_1_257' title='bbox 641 3429 831 3492; x_wconf 87' lang='lat' dir='ltr'><strong>exercitum</strong></span> <span class='ocrx_word' id='word_1_258' title='bbox 855 3449 915 3492; x_wconf 88' lang='lat' dir='ltr'><strong>rex</strong></span> <span class='ocrx_word' id='word_1_259' title='bbox 938 3427 1062 3492; x_wconf 88' lang='lat' dir='ltr'><strong>ducere</strong></span> <span class='ocrx_word' id='word_1_260' title='bbox 1085 3424 1245 3507; x_wconf 85' lang='lat' dir='ltr'><strong>voluerit,</strong></span> <span class='ocrx_word' id='word_1_261' title='bbox 1278 3426 1396 3488; x_wconf 89' lang='lat' dir='ltr'><strong>cuncti</strong></span> <span class='ocrx_word' id='word_1_262' title='bbox 1429 3425 1503 3488; x_wconf 89' lang='lat' dir='ltr'><strong>sine</strong></span> 
     </span>
     <span class='ocr_line' id='line_1_30' title="bbox 207 3529 1503 3621; baseline -0.004 -21"><span class='ocrx_word' id='word_1_263' title='bbox 207 3537 477 3602; x_wconf 86' lang='lat' dir='ltr'><strong>contradictione</strong></span> <span class='ocrx_word' id='word_1_264' title='bbox 502 3537 600 3621; x_wconf 90' lang='lat' dir='ltr'><strong>quasi</strong></span> <span class='ocrx_word' id='word_1_265' title='bbox 623 3537 660 3599; x_wconf 89' lang='lat' dir='ltr'><strong>in</strong></span> <span class='ocrx_word' id='word_1_266' title='bbox 684 3555 791 3598; x_wconf 88' lang='lat' dir='ltr'><strong>unum</strong></span> <span class='ocrx_word' id='word_1_267' title='bbox 814 3555 936 3618; x_wconf 84' lang='lat' dir='ltr'><strong>corpus</strong></span> <span class='ocrx_word' id='word_1_268' title='bbox 959 3533 1164 3598; x_wconf 87' lang='lat' dir='ltr'><strong>adunantur.</strong></span> <span class='ocrx_word' id='word_1_269' title='bbox 1197 3529 1320 3596; x_wconf 84' lang='lat' dir='ltr'><strong>Ooloni</strong></span> <span class='ocrx_word' id='word_1_270' title='bbox 1353 3530 1503 3616; x_wconf 89' lang='lat' dir='ltr'><strong>quidem,</strong></span> 
     </span>
     <span class='ocr_line' id='line_1_31' title="bbox 206 3639 1503 3729; baseline -0.004 -21"><span class='ocrx_word' id='word_1_271' title='bbox 206 3645 318 3729; x_wconf 90' lang='lat' dir='ltr'><strong>quiin</strong></span> <span class='ocrx_word' id='word_1_272' title='bbox 341 3645 428 3708; x_wconf 86' lang='lat' dir='ltr'><strong>vicis</strong></span> <span class='ocrx_word' id='word_1_273' title='bbox 451 3649 638 3725; x_wconf 87' lang='lat' dir='ltr'><strong>morantur,</strong></span> <span class='ocrx_word' id='word_1_274' title='bbox 654 3663 778 3706; x_wconf 88' lang='lat' dir='ltr'><strong>novem</strong></span> <span class='ocrx_word' id='word_1_275' title='bbox 794 3641 974 3723; x_wconf 90' lang='lat' dir='ltr'><strong>decimum,</strong></span> <span class='ocrx_word' id='word_1_276' title='bbox 989 3639 1044 3704; x_wconf 85' lang='lat' dir='ltr'><strong>vel</strong></span> <span class='ocrx_word' id='word_1_277' title='bbox 1062 3641 1168 3703; x_wconf 87' lang='lat' dir='ltr'><strong>etiam</strong></span> <span class='ocrx_word' id='word_1_278' title='bbox 1185 3644 1317 3722; x_wconf 90' lang='lat' dir='ltr'><strong>septem</strong></span> <span class='ocrx_word' id='word_1_279' title='bbox 1331 3645 1503 3722; x_wconf 86' lang='lat' dir='ltr'><strong>octavum,</strong></span> 
     </span>
     <span class='ocr_line' id='line_1_32' title="bbox 205 3745 1503 3834; baseline -0.004 -20"><span class='ocrx_word' id='word_1_280' title='bbox 205 3750 263 3814; x_wconf 88' lang='lat' dir='ltr'><strong>vel</strong></span> <span class='ocrx_word' id='word_1_281' title='bbox 286 3749 386 3834; x_wconf 87' lang='lat' dir='ltr'><strong>infra,</strong></span> <span class='ocrx_word' id='word_1_282' title='bbox 410 3753 440 3815; x_wconf 93' lang='lat' dir='ltr'><strong>si</strong></span> <span class='ocrx_word' id='word_1_283' title='bbox 462 3771 596 3815; x_wconf 85' lang='lat' dir='ltr'><strong>necesse</strong></span> <span class='ocrx_word' id='word_1_284' title='bbox 621 3747 736 3832; x_wconf 87' lang='lat' dir='ltr'><strong>fuerit,</strong></span> <span class='ocrx_word' id='word_1_285' title='bbox 760 3769 838 3814; x_wconf 91' lang='lat' dir='ltr'><strong>cum</strong></span> <span class='ocrx_word' id='word_1_286' title='bbox 862 3745 1069 3831; x_wconf 89' lang='lat' dir='ltr'><strong>supellectili</strong></span> <span class='ocrx_word' id='word_1_287' title='bbox 1091 3746 1134 3810; x_wconf 89' lang='lat' dir='ltr'><strong>ad</strong></span> <span class='ocrx_word' id='word_1_288' title='bbox 1159 3745 1288 3810; x_wconf 88' lang='lat' dir='ltr'><strong>bellum</strong></span> <span class='ocrx_word' id='word_1_289' title='bbox 1311 3748 1503 3810; x_wconf 87' lang='lat' dir='ltr'><strong>necessaria</strong></span> 
     </span>
     <span class='ocr_line' id='line_1_33' title="bbox 206 3851 1504 3942; baseline -0.003 -22"><span class='ocrx_word' id='word_1_290' title='bbox 206 3859 392 3940; x_wconf 87' lang='lat' dir='ltr'><strong>instruunt,</strong></span> <span class='ocrx_word' id='word_1_291' title='bbox 415 3860 559 3922; x_wconf 86' lang='lat' dir='ltr'><strong>caeteris</strong></span> <span class='ocrx_word' id='word_1_292' title='bbox 582 3878 642 3942; x_wconf 91' lang='lat' dir='ltr'><strong>pro</strong></span> <span class='ocrx_word' id='word_1_293' title='bbox 666 3856 801 3921; x_wconf 85' lang='lat' dir='ltr'><strong>cultura</strong></span> <span class='ocrx_word' id='word_1_294' title='bbox 825 3861 936 3920; x_wconf 88' lang='lat' dir='ltr'><strong>terrae</strong></span> <span class='ocrx_word' id='word_1_295' title='bbox 961 3855 1054 3920; x_wconf 89' lang='lat' dir='ltr'><strong>domi</strong></span> <span class='ocrx_word' id='word_1_296' title='bbox 1082 3853 1220 3918; x_wconf 87' lang='lat' dir='ltr'><strong>relictis.</strong></span> <span class='ocrx_word' id='word_1_297' title='bbox 1245 3853 1313 3930; x_wconf 77' lang='lat' dir='ltr'><strong>Qui</strong></span> <span class='ocrx_word' id='word_1_298' title='bbox 1345 3874 1427 3917; x_wconf 86' lang='lat' dir='ltr'><strong>vero</strong></span> <span class='ocrx_word' id='word_1_299' title='bbox 1461 3851 1504 3916; x_wconf 89' lang='lat' dir='ltr'><strong>de</strong></span> 
     </span>
     <span class='ocr_line' id='line_1_34' title="bbox 206 3960 1505 4046; baseline -0.003 -18"><span class='ocrx_word' id='word_1_300' title='bbox 206 3964 358 4030; x_wconf 89' lang='lat' dir='ltr'><strong>militum</strong></span> <span class='ocrx_word' id='word_1_301' title='bbox 396 3965 515 4030; x_wconf 88' lang='lat' dir='ltr'><strong>ordine</strong></span> <span class='ocrx_word' id='word_1_302' title='bbox 553 3972 663 4030; x_wconf 81' lang='lat' dir='ltr'><strong>sunt11</strong></span> <span class='ocrx_word' id='word_1_303' title='bbox 702 3963 797 4028; x_wconf 86' lang='lat' dir='ltr'><strong>nulla</strong></span> <span class='ocrx_word' id='word_1_304' title='bbox 838 3963 1012 4028; x_wconf 89' lang='lat' dir='ltr'><strong>occasione</strong></span> <span class='ocrx_word' id='word_1_305' title='bbox 1054 3962 1122 4026; x_wconf 87' lang='lat' dir='ltr'><strong>nisi</strong></span> <span class='ocrx_word' id='word_1_306' title='bbox 1162 3961 1368 4046; x_wconf 77' lang='lat' dir='ltr'><strong>gravissima</strong></span> <span class='ocrx_word' id='word_1_307' title='bbox 1409 3960 1505 4024; x_wconf 89' lang='lat' dir='ltr'><strong>domi</strong></span> 
     </span>
     <span class='ocr_line' id='line_1_35' title="bbox 206 4065 1506 4154; baseline -0.004 -19"><span class='ocrx_word' id='word_1_308' title='bbox 206 4093 380 4138; x_wconf 86' lang='lat' dir='ltr'><strong>remanere</strong></span> <span class='ocrx_word' id='word_1_309' title='bbox 412 4071 597 4137; x_wconf 90' lang='lat' dir='ltr'><strong>audebunt.</strong></span> <span class='ocrx_word' id='word_1_310' title='bbox 630 4071 679 4136; x_wconf 88' lang='lat' dir='ltr'><strong>At</strong></span> <span class='ocrx_word' id='word_1_311' title='bbox 712 4073 748 4134; x_wconf 89' lang='lat' dir='ltr'><strong>in</strong></span> <span class='ocrx_word' id='word_1_312' title='bbox 780 4072 853 4154; x_wconf 88' lang='lat' dir='ltr'><strong>ipsa</strong></span> <span class='ocrx_word' id='word_1_313' title='bbox 887 4070 977 4154; x_wconf 85' lang='lat' dir='ltr'><strong>regis</strong></span> <span class='ocrx_word' id='word_1_314' title='bbox 1001 4069 1073 4132; x_wconf 88' lang='lat' dir='ltr'><strong>acie</strong></span> <span class='ocrx_word' id='word_1_315' title='bbox 1096 4065 1257 4151; x_wconf 87' lang='lat' dir='ltr'><strong>hospites,</strong></span> <span class='ocrx_word' id='word_1_316' title='bbox 1281 4087 1429 4152; x_wconf 86' lang='lat' dir='ltr'><strong>quorum</strong></span> <span class='ocrx_word' id='word_1_317' title='bbox 1452 4065 1506 4131; x_wconf 92' lang='lat' dir='ltr'><strong>ibi</strong></span> 
     </span>
    </p>
   </div>
   <div class='ocr_carea' id='block_1_7' title="bbox 207 4349 1505 4694">
    <p class='ocr_par' dir='ltr' id='par_1_9' title="bbox 207 4349 1505 4694">
     <span class='ocr_line' id='line_1_36' title="bbox 261 4349 1418 4427; baseline -0.006 -17"><span class='ocrx_word' id='word_1_318' title='bbox 261 4366 272 4396; x_wconf 77' lang='lat'>⁸</span> <span class='ocrx_word' id='word_1_319' title='bbox 291 4356 326 4410; x_wconf 90' lang='lat' dir='ltr'><strong>V.</strong></span> <span class='ocrx_word' id='word_1_320' title='bbox 343 4361 369 4410; x_wconf 86' lang='grc' dir='ltr'><strong>ὅ.</strong></span> <span class='ocrx_word' id='word_1_321' title='bbox 389 4356 545 4427; x_wconf 86' lang='lat' dir='ltr'><strong>Rogerius,</strong></span> <span class='ocrx_word' id='word_1_322' title='bbox 568 4353 694 4409; x_wconf 88' lang='lat' dir='ltr'><strong>Carmen</strong></span> <span class='ocrx_word' id='word_1_323' title='bbox 713 4355 800 4408; x_wconf 80' lang='lat' dir='ltr'><strong>mise·</strong></span> <span class='ocrx_word' id='word_1_324' title='bbox 965 4359 986 4390; x_wconf 80' lang='lat'><strong>¹⁰</strong></span> <span class='ocrx_word' id='word_1_325' title='bbox 1005 4351 1136 4405; x_wconf 74' lang='lat' dir='ltr'><strong>Kalmtn</strong></span> <span class='ocrx_word' id='word_1_326' title='bbox 1159 4349 1418 4422; x_wconf 75' lang='lat' dir='ltr'><strong>torvdnye,1.78.</strong></span> 
     </span>
     <span class='ocr_line' id='line_1_37' title="bbox 207 4439 1505 4517; baseline -0.006 -15"><span class='ocrx_word' id='word_1_327' title='bbox 207 4446 310 4514; x_wconf 89' lang='lat' dir='ltr'><strong>rabile,</strong></span> <span class='ocrx_word' id='word_1_328' title='bbox 329 4448 354 4500; x_wconf 84' lang='lat'><strong>4.</strong></span> <span class='ocrx_word' id='word_1_329' title='bbox 374 4446 488 4517; x_wconf 85' lang='lat' dir='ltr'><strong>fejezet.</strong></span> <span class='ocrx_word' id='word_1_330' title='bbox 964 4450 984 4478; x_wconf 91' lang='lat'><strong>¹¹</strong></span> <span class='ocrx_word' id='word_1_331' title='bbox 1004 4441 1093 4496; x_wconf 86' lang='lat' dir='ltr'><strong>Miles</strong></span> <span class='ocrx_word' id='word_1_332' title='bbox 1118 4459 1135 4495; x_wconf 88' lang='lat' dir='ltr'><strong>a</strong></span> <span class='ocrx_word' id='word_1_333' title='bbox 1163 4447 1288 4508; x_wconf 78' lang='lat' dir='ltr'><strong>nemost,</strong></span> <span class='ocrx_word' id='word_1_334' title='bbox 1313 4440 1434 4511; x_wconf 87' lang='lat' dir='ltr'><strong>lovagot</strong></span> <span class='ocrx_word' id='word_1_335' title='bbox 1460 4439 1505 4509; x_wconf 88' lang='lat' dir='ltr'><strong>je-</strong></span> 
     </span>
     <span class='ocr_line' id='line_1_38' title="bbox 262 4531 993 4605; baseline 0 -18"><span class='ocrx_word' id='word_1_336' title='bbox 262 4533 331 4587; x_wconf 77' lang='lat' dir='ltr'><strong>⁰Ez</strong></span> <span class='ocrx_word' id='word_1_337' title='bbox 350 4551 368 4587; x_wconf 86' lang='lat' dir='ltr'><strong>a</strong></span> <span class='ocrx_word' id='word_1_338' title='bbox 386 4531 514 4605; x_wconf 76' lang='lat' dir='ltr'><strong>megydk</strong></span> <span class='ocrx_word' id='word_1_339' title='bbox 542 4533 675 4588; x_wconf 73' lang='lat' dir='ltr'><strong>szamdra</strong></span> <span class='ocrx_word' id='word_1_340' title='bbox 697 4539 800 4588; x_wconf 82' lang='lat' dir='ltr'><strong>vcnat-</strong></span> <span class='ocrx_word' id='word_1_341' title='bbox 908 4532 993 4587; x_wconf 85' lang='lat' dir='ltr'><strong>lenti.</strong></span> 
     </span>
     <span class='ocr_line' id='line_1_39' title="bbox 207 4622 816 4694; baseline -0.007 -16"><span class='ocrx_word' id='word_1_342' title='bbox 207 4623 279 4678; x_wconf 81' lang='lat' dir='ltr'><strong>kozd</strong></span> <span class='ocrx_word' id='word_1_343' title='bbox 297 4622 452 4694; x_wconf 77' lang='lat' dir='ltr'><strong>legrdgibb</strong></span> <span class='ocrx_word' id='word_1_344' title='bbox 472 4623 549 4676; x_wconf 80' lang='lat' dir='ltr'><strong>adet.</strong></span> <span class='ocrx_word' id='word_1_345' title='bbox 815 4626 816 4629; x_wconf 75' lang='grc'>’</span> 
     </span>
    </p>
   </div>
   <div class='ocr_carea' id='block_1_8' title="bbox 0 0 1608 5214">
    <p class='ocr_par' dir='ltr' id='par_1_10' title="bbox 0 0 1608 5214">
     <span class='ocr_line' id='line_1_40' title="bbox 0 0 1608 5214; baseline 0 0"><span class='ocrx_word' id='word_1_346' title='bbox 0 0 1608 5214; x_wconf 95' lang='lat' dir='ltr'><strong> </strong></span> 
     </span>
    </p>
   </div>
  </div>
 </body>
</html>
