3138 5212
1251 408 1318 473 419

44 604 201 684 exercitus
219 623 291 667 sese
310 602 467 685 divisere,
491 625 636 687 quorum
660 607 892 690 unusquisque
916 626 958 667 ex
975 604 1019 668 30
1041 602 1194 670 millibus
1210 627 1318 670 arma·

44 717 141 772 torum
165 717 200 774 et
222 709 289 774 857
313 708 501 793 constabat,
525 711 665 796 datique
699 721 779 776 sunt
803 711 949 796 singulis
987 710 1116 796 singuli
1139 712 1250 794 danea,
1283 719 1318 777 et

42 817 199 901 assignata
222 817 369 881 totidem
401 816 483 899 loca,
507 816 691 904 inquibus
723 821 845 883 erectis
870 821 990 882 terreis
1015 817 1164 882 castellis
1196 841 1318 885 uxores

42 931 70 988 et
105 923 227 990 liberos
259 931 509 1008 conservarent,
543 925 649 991 donec
682 929 718 992 in
760 928 972 992 Pannoniam
1015 926 1317 1009 proficiscerentur.

40 1025 270 1097 allucinantur
298 1036 414 1118 itaque
439 1033 500 1116 illi,
531 1036 592 1118 qui
615 1034 703 1099 solos
727 1034 878 1099 Saxones
910 1033 1029 1119 lingua
1052 1056 1169 1099 eorum
1193 1034 1318 1100 Seben-

42 1134 212 1224 burgenaes
235 1141 303 1205 dici
337 1141 502 1207 volunta
526 1150 657 1225 septem
689 1141 908 1207 civitatibus:
940 1141 1148 1225 Oolosvario,
1180 1143 1317 1209 Oibinio

40 1255 68 1308 et
88 1247 170 1332 aliis,
203 1271 287 1335 quas
311 1251 377 1334 ipsi
409 1248 644 1334 aedificarunt,
677 1258 713 1314 et
750 1258 938 1332 auxerim,
971 1251 1030 1314 sad
1063 1253 1169 1315 etiam
1201 1272 1317 1314 omnes

39 1352 273 1441 Transsylvani
296 1357 359 1421 hoc
382 1359 519 1421 nomine
542 1357 709 1440 appellari
732 1355 868 1438 debent,
884 1354 928 1419 ab
943 1355 1013 1420 illis
1029 1365 1160 1440 septem
1175 1357 1318 1421 Hunno·

39 1482 103 1526 uun
133 1466 253 1528 terreis
286 1463 444 1546 castellis,
472 1487 558 1550 quae
591 1463 651 1528 ubi
693 1463 831 1528 fuerant
864 1465 1098 1528 castrametati
1130 1471 1317 1528 erexerant.

39 1566 94 1631 Sed
116 1591 158 1634 ne
182 1573 346 1656 exiguum
378 1592 463 1654 opus
486 1573 523 1634 in
556 1592 720 1654 magnum
753 1577 856 1652 caput
879 1576 1061 1654 excrescat,
1088 1569 1210 1635 harum
1243 1593 1317 1656 pro-

38 1679 217 1744 vinciarum
249 1683 278 1745 is
311 1682 406 1763 situs,
435 1679 518 1744 haec
551 1679 711 1744 conditio.
745 1678 1006 1760 Transalpinam
1038 1685 1073 1740 et
1105 1677 1316 1742 Moldaviam

38 1795 99 1848 tam
120 1785 259 1866 Turcae,
282 1807 386 1871 quam
409 1785 547 1850 Tartari
571 1788 664 1849 omni
687 1807 729 1849 ex
755 1793 850 1869 parte
874 1787 923 1848 ita
943 1792 1067 1869 urgent
1091 1806 1129 1848 ac
1148 1795 1316 1868 premunt,

37 1899 69 1954 ut
91 1897 193 1959 etiam
218 1894 486 1979 Transsylvania
511 1893 553 1958 de
578 1893 646 1978 pilo
671 1893 826 1976 pendeat.
