3142 5214
1279 376 1343 440 591

159 573 400 642 Deciawtertt'o.
424 572 545 638 Datias
568 580 603 637 et
626 572 694 636 alia
717 571 808 655 apud
830 573 921 655 ipsos
944 574 1110 640 inusitate
1128 573 1346 636 exactionum

49 703 175 766 genere
209 679 382 744 introduci
413 701 483 744 non
511 678 715 763 curabimus,
742 677 928 764 vectigalia
960 685 1021 744 000
1054 681 1244 743 tricesimas
1275 699 1345 743 non

49 787 263 874 augebimus,

48 996 195 1051 haetenus
214 998 294 1050 inter
313 997 408 1052 dictos
422 996 526 1051 Status
544 1003 677 1067 receptos
696 997 934 1065 consuetudineS,
961 1011 1104 1052 numerus
1132 1001 1285 1066 portarum
1312 997 1344 1048 10

47 1085 286 1156 Transsylvania
304 1087 395 1140 aliter
422 1087 464 1140 sit
491 1085 718 1154 determinatus,
744 1085 943 1140 nihilomiuus
971 1091 1071 1140 tamen
1099 1086 1284 1156 inposterum
1312 1085 1344 1138 in

46 1172 248 1228 comitatibus
267 1175 527 1247 Traussylvanicis
546 1181 725 1230 censeantur
745 1177 814 1230 1000
832 1181 985 1246 portarum
1003 1191 1127 1230 numero
1145 1176 1239 1246 portis
1257 1175 1293 1228 25
1312 1174 1344 1226 in

45 1264 155 1334 oppido
173 1264 213 1320 M.
232 1263 401 1335 Vtsarhely
419 1265 525 1333 censis,
544 1263 674 1320 exclusis
692 1263 835 1318 similiter
852 1270 967 1335 septem
986 1263 1129 1318 Judicum
1155 1265 1202 1336 (ut
1223 1263 1343 1331 vocant)

46 1361 78 1407 00
100 1353 314 1408 Saxonicarum
345 1351 530 1424 quarundam
561 1350 728 1407 Civitatum
746 1352 831 1407 bonis
850 1354 882 1406 in
907 1353 1042 1424 proxime
1069 1355 1207 1424 sequenti
1235 1359 1345 1423 puncto

43 1443 236 1513 specificatio.
261 1443 287 1498 2.
306 1441 344 1496 Ιο
362 1442 509 1496 Saxonica
526 1447 628 1496 autem
646 1443 768 1496 natione
793 1447 972 1498 censeantur
1001 1443 1072 1497 1400
1099 1450 1201 1514 portae
1228 1443 1261 1496 iu
1289 1442 1344 1497 hoc

44 1551 172 1588 numero
191 1533 355 1588 intellectis
374 1539 438 1588 toto
456 1533 552 1603 Regio
571 1532 671 1601 fundo,
692 1531 826 1586 bouisad
842 1533 1044 1588 11100οΤ0100
1056 1534 1104 1587 uti
1116 1539 1147 1587 00
1159 1533 1197 1586 ad
1209 1532 1344 1588 Rubram

44 1623 170 1678 Turrim
200 1622 431 1694 pertinentibus,
467 1621 537 1676 sede
577 1619 730 1692 Saelmtye,
766 1621 835 1676 sede
864 1621 1007 1690 TolmacS,
1045 1628 1077 1678 et
1104 1623 1189 1678 bonis
1225 1622 1344 1692 Septem

43 1713 202 1782 Judicum,
231 1721 261 1766 et
290 1711 517 1776 cibiniensium,
549 1715 581 1766 et
611 1709 832 1779 Coronensium,
862 1711 895 1764 in
926 1710 1051 1766 Albensi
1082 1718 1114 1766 00
1143 1712 1181 1765 de
1208 1711 1344 1766 Kukulle

44 1802 249 1857 Comitatibus
274 1802 361 1868 sitis;
390 1801 434 1854 ita
452 1807 553 1854 tamen
572 1815 611 1852 ne
629 1799 689 1853 huc
707 1799 869 1854 trahantur
887 1799 963 1854 bona
988 1800 1122 1855 Ladislai
1150 1800 1279 1856 Bethlen
1295 1841 1301 1856 .
1316 1840 1343 1856 ..

42 1892 99 1946 sed
119 1891 175 1946 illa
193 1909 317 1946 numero
337 1899 489 1962 portarum
508 1888 675 1944 Comitatus
692 1891 729 1946 de
747 1889 884 1944 Kukullt
902 1898 1124 1946 accenseantur.
1151 1892 1177 1946 3.
1199 1889 1343 1957 Quemad-

42 1981 168 2036 modum
188 1983 220 2034 in
239 1980 490 2035 contributionem
520 1977 569 2032 vel
597 1979 766 2049 portionum
795 1985 826 2033 et
853 1979 981 2034 aliorum
1008 1979 1194 2051 publicorum
1220 1997 1343 2034 onerum

42 2070 245 2141 repertitione
264 2069 410 2123 hactenus
429 2069 461 2120 in
480 2084 560 2122 more
580 2069 709 2138 positum
727 2067 796 2136 fuit,
819 2068 895 2139 quod
914 2068 1083 2139 pastoribus
1101 2069 1254 2124 Saxonicis
1280 2075 1343 2124 tam

42 2165 77 2218 in
99 2162 298 2216 Comitatibus
318 2178 407 2232 quam
426 2159 522 2230 Regio
540 2158 862 2227 fundohabitantibus,
881 2173 956 2212 onus
981 2158 1237 2212 contributionum
1260 2175 1343 2229 sepa-

40 2255 139 2307 ratim
157 2251 374 2323 imponebatur,
393 2249 424 2304 id
442 2250 474 2303 in
494 2254 645 2320 posterum
672 2265 732 2303 non
759 2249 821 2316 1100,
850 2248 901 2302 sed
928 2247 1031 2304 videat
1058 2249 1124 2318 ipsa
1151 2247 1343 2304 Universitas

40 2342 194 2396 Saxonica
224 2340 368 2413 quomodo
398 2339 493 2393 dictos
526 2338 665 2393 Pastores
695 2339 727 2392 in
758 2355 879 2392 suarum
916 2341 1069 2408 portarum
1106 2337 1343 2392 sublevationem

41 2430 228 2502 applicabit;
260 2431 293 2484 in
320 2428 375 2482 hoc
404 2434 505 2482 tamen
533 2443 622 2499 passu
650 2435 777 2482 caveant
805 2427 944 2495 Saxones,
971 2443 1010 2480 ne
1031 2426 1169 2481 Pastores
1197 2428 1229 2481 in
1257 2429 1343 2499 pagis

41 2520 202 2574 Saxonicis
220 2520 363 2574 servituti
383 2517 431 2572 vel
451 2524 486 2572 00
504 2517 596 2589 vulgo
614 2523 739 2572 vocatur
761 2516 989 2588 jobbegionatui
1016 2516 1159 2587 subjectis
1186 2525 1342 2572 manentes

40 2627 137 2680 supra
164 2610 245 2663 vires
275 2615 400 2662 onerent
427 2608 478 2662 sed
506 2607 669 2661 secundum
698 2607 915 2678 proportionem
940 2606 1054 2678 justam
1082 2612 1113 2660 et
1140 2605 1280 2674 debitam,
1308 2625 1343 2662 ac

41 2697 241 2770 proventibus
259 2697 367 2769 quibus
386 2697 590 2767 unnsquisque
609 2695 723 2749 fruitur
741 2695 947 2766 adaequatam.
965 2696 991 2750 4.
1002 2695 1193 2750 Sacerdotum
1203 2695 1343 2750 110100111-

39 2803 148 2842 corum
167 2789 199 2841 in
218 2787 315 2858 Regio
333 2785 426 2840 fundo
445 2793 476 2840 et
493 2785 631 2856 superius
649 2785 716 2840 2-do
735 2789 845 2855 puncto
872 2785 1052 2855 specificatis
1079 2783 1230 2838 Saxonum
1257 2787 1342 2856 pagis

40 2875 251 2930 habitantium
270 2875 401 2929 conditio
418 2875 528 2930 similis
555 2875 605 2942 sit,
633 2875 686 2928 sed
713 2874 787 2928 alibi
815 2874 957 2944 degentes
985 2873 1157 2928 Sacerdotes
1186 2874 1342 2928 l'alachici

41 2964 106 3020 huc
124 2981 184 3018 non
203 2963 383 3034 trahantur;
402 2964 549 3035 siquidem
578 2963 632 3018 alii
661 2965 693 3016 in
720 2963 858 3031 aliorum,
889 2970 976 3018 extra
1002 2979 1161 3018 numerum
1189 2968 1343 3035 portarum

40 3055 161 3109 censeri
180 3059 210 3108 00
228 3053 417 3108 contribuere
435 3053 591 3108 solitorum
618 3053 755 3108 ordinum
783 3052 878 3106 classe
904 3053 1123 3125 relinquantur.
1152 3054 1177 3107 ὃ.
1197 3052 1342 3108 Omnibus

40 3145 138 3198 etiam
156 3145 189 3197 in
208 3143 305 3214 Regio
323 3143 416 3198 fundo
434 3142 643 3197 habitantibus
661 3141 875 3196 mercatoribus
894 3143 926 3196 in
945 3158 1066 3198 suorum
1093 3158 1217 3196 onerum
1243 3143 1341 3197 suble-

40 3249 153 3287 vamen
185 3233 315 3287 Saxones
347 3237 483 3302 utantur,
513 3234 647 3304 exceptis
677 3239 778 3287 tamen
810 3232 940 3302 Graecis,
972 3234 1113 3288 Armenia
1145 3238 1176 3286 et
1206 3232 1340 3287 Judaeis.

40 3323 69 3375 6.
90 3321 128 3376 In
148 3322 345 3392 repertitione
363 3327 427 3376 tam
446 3321 701 3376 contributionum
720 3338 809 3392 quam
828 3321 955 3376 aliorum
973 3336 1105 3389 onerum,
1124 3321 1253 3390 singulis
1278 3327 1341 3376 tam

40 3413 75 3464 in
97 3410 298 3466 Comitatibus
316 3429 406 3483 quam
425 3411 521 3482 Regio
539 3409 632 3465 fundo
650 3410 700 3466 vel
719 3410 866 3464 Saxonica
889 3411 1011 3464 natione
1038 3411 1211 3465 constitutis
1239 3413 1341 3482 portis,

40 3501 125 3554 idem
138 3500 187 3554 vel
206 3500 330 3572 aequale
344 3515 418 3554 onus
432 3500 611 3571 imponatur.
624 3501 649 3554 7.
662 3499 903 3571 Quandocunque
914 3499 1073 3570 repertitic
1086 3499 1341 3556 contributionum

39 3589 106 3658 fiet,
127 3597 199 3644 tunc
224 3591 255 3643 id
274 3590 350 3662 quod
375 3590 493 3660 justum
521 3595 552 3644 et
579 3591 759 3645 conveniens
788 3591 847 3644 erit
874 3591 1036 3660 inponatur
1064 3588 1161 3659 primo
1186 3589 1341 3644 ordinibus

39 3679 108 3733 illis
127 3680 180 3750 qui
200 3687 286 3734 extra
306 3678 489 3735 Comitatum
508 3686 661 3751 portarum
679 3695 837 3733 numerum
857 3677 1045 3732 contribuere
1063 3683 1094 3731 et
1107 3679 1221 3732 censeri
1244 3680 1341 3734 solent

38 3769 178 3839 exceptis
209 3769 384 3824 Pastoribus
421 3769 575 3824 Saxonicis
608 3775 638 3823 et
669 3768 841 3823 Valachicis
869 3768 919 3822 hic
946 3768 1083 3838 superius
1119 3769 1282 3823 nominatis
1310 3776 1341 3824 et

39 3858 196 3928 exceptis;
216 3863 247 3912 et
266 3865 329 3913 tam
348 3859 403 3912 fiat
416 3863 518 3928 postea
530 3858 688 3929 repertitic
702 3857 966 3924 contributionum,
980 3857 1157 3927 porticuum,
1170 3863 1202 3911 et
1214 3859 1340 3912 aliorum

37 3947 190 4000 similium
209 3945 396 4018 publicorum
414 3963 546 4014 onerum,
565 3948 602 4002 ad
621 3952 722 4017 portas
741 3947 829 4014 2425;
849 3953 949 4016 portas
971 3951 1072 4000 autem
1095 3951 1157 4000 tam
1185 3948 1217 4000 in
1245 3947 1341 4018 Regio

37 4035 136 4090 fundo
163 4053 244 4090 nunc
272 4037 345 4107 ipsis
373 4035 545 4104 defalcatas,
574 4053 663 4106 quam
685 4036 717 4088 in
739 4034 864 4088 Albensi
884 4041 914 4088 et
932 4035 969 4088 de
988 4034 1124 4088 Kiuullo
1143 4035 1340 4093 Comitatibus

37 4140 150 4196 cessas,
160 4132 338 4180 convertant
351 4127 383 4178 in
396 4125 590 4180 sublevamen
603 4125 734 4178 maxime
748 4122 930 4178 afflictorum
940 4131 971 4177 et
980 4124 1168 4178 ruinatorum
1178 4124 1340 4182 Saxonicae

38 4213 264 4268 Universitatis
285 4214 424 4284 locorum,
447 4213 523 4268 bona
542 4215 726 4268 conscientia
743 4213 813 4267 illas
835 4214 867 4266 in
886 4229 941 4266 sua
960 4212 1197 4283 Congregatione
1224 4215 1340 4288 dispen-

35 4302 153 4371 sand03
184 4305 412 4374 repertitionem
445 4322 516 4360 vero
543 4305 628 4358 illam
664 4304 816 4359 Gubernio
844 4322 879 4358 ac
907 4302 1133 4358 Comissariatui
1160 4305 1261 4377 Regni
1288 4324 1340 4378 pro

36 4393 207 4446 directione
226 4392 356 4447 tradant.
375 4394 401 4447 8.
426 4393 565 4463 Fugitivi
592 4394 698 4448 rustici
727 4399 790 4448 tam
818 4410 855 4446 ex
883 4391 1081 4448 Comitatibus
1110 4401 1140 4448 et
1168 4394 1280 4449 Siculia
1307 4397 1339 4450 in

36 4479 176 4551 Regium
194 4480 331 4550 fundum,
351 4499 440 4552 quam
465 4481 537 4535 hinc
564 4481 638 4536 illuc
666 4487 866 4552 transeuntes,
895 4484 1036 4554 utrinque
1061 4485 1209 4554 reciproce
1236 4501 1339 4539 secun-

36 4569 114 4624 dum
143 4568 287 4624 articulos
313 4570 459 4625 hactenus
487 4572 614 4642 scriptos
641 4571 805 4626 reddantur
820 4611 826 4626 .
840 4611 868 4628 ..
896 4572 998 4626 Midon
1029 4589 1047 4625 a
1077 4571 1179 4645 kirtly
1208 4577 1339 4645 megerd-

34 4659 147 4714 sitettc
166 4677 184 4714 a
202 4658 284 4714 salusa
303 4658 483 4714 serelmekre
502 4677 516 4714 s
536 4678 553 4714 a
572 4660 678 4730 porttk
704 4661 896 4717 felosztesera
924 4661 1087 4718 vonatkoad
1116 4661 1339 4735 egyeasegeket,
