3182 5208
181 251 226 316 34

181 441 220 512 τό
245 443 279 511 δὲ
303 441 396 530 θέμα
420 443 614 532 Ιαβδιερτιμ
638 442 810 526 πλησίαζει
835 449 904 521 τοῖς
928 442 1110 536 ὑποφόροις
1133 442 1264 534 κωρίοις
1282 467 1394 533 χωρας
1418 438 1476 524 τῆς

175 550 325 636 Ῥωσίας,
351 557 419 628 τοῖς
437 550 472 618 τό
497 535 673 630 θόλτίνοις
704 552 761 620 καί
776 552 1006 642 Δερβλενίνοις
1028 553 1085 620 καῖ
1101 550 1308 634 Λενζενίνοις
1321 554 1381 620 καί
1406 560 1487 630 τοῖς,

180 663 306 737 λοιποῖς
339 657 522 744 Σκλάβοις.
560 657 751 748 ἀπῴκισται
783 659 820 728 δέ
852 655 1110 742 ἢΙΙατζινακία
1134 659 1168 728 ἐκ
1190 659 1247 746 μὲν
1271 657 1392 742 Οόζίας
1415 661 1473 727 καῖ

181 765 356 857 Χαζαρίας
384 763 462 836 ὁδὸν
495 766 620 857 ἥμερῶν
651 767 758 852 πέντε,
792 767 825 836 ἐκ
856 768 894 834 δέ
917 767 1072 846 Ἀλανίας
1105 762 1230 859 ἡμερῶν
1261 767 1305 854 ἐξ,
1335 765 1412 834 ἀπό,
1434 755 1476 835 Υδέ

181 875 358 964 Μορδίας1
388 871 468 942 όδόν
491 868 616 964 ἡμερῶν
638 874 729 958 δέκα,
753 872 821 944 ἀπό
845 875 880 944 δὲ
896 874 1025 952 Ρωσίας
1049 872 1130 944 όδόν
1153 873 1273 964 ἡμέρας
1295 881 1382 962 μιᾶς,
1405 871 1475 942 ἀπό

181 983 217 1048 δέ
245 981 410 1072 Τουρκίας
442 979 522 1050 όδδν
556 977 657 1072 ἥμερῶ
692 979 866 1070 τεσσάρων,
889 978 959 1048 ἀπὸ
983 980 1019 1050 δὲ
1052 981 1267 1070 Βουλγαρίας
1290 981 1369 1050 ὁδον
1393 981 1474 1069 ἢμό-

179 1116 240 1180 ρας
262 1091 371 1176 ἥμισυ·
395 1090 454 1156 καί
475 1089 521 1167 εἷς
539 1091 702 1177 Χερσῶνα
724 1089 782 1174 μίν
806 1087 897 1156 ἐστιν
920 1085 1070 1176 ἐγγιοτα,
1094 1086 1137 1166 εἷς
1159 1089 1197 1155 δέ
1222 1087 1281 1172 τὴν
1297 1089 1475 1179 Βόσπορον

179 1196 419 1287 πλησιίστερον.

285 1303 411 1372 Ἰστὲον
444 1301 499 1372 δτι
531 1301 619 1372 κατὰ
654 1303 714 1374 τόν
745 1301 860 1394 καιρόν
895 1299 933 1373 δν
965 1302 996 1370 οῖ
1031 1305 1283 1388 Πατζινακῖται
1314 1301 1382 1374 ἀπό
1418 1309 1476 1386 τοῖς

179 1411 266 1492 ἐδιοίς
291 1415 403 1501 χώρας
426 1409 679 1498 ἐξεδιῶχθηυαν,
704 1410 842 1491 θελήσει
867 1411 951 1487 τινός
970 1409 1003 1492 ἐξ
1024 1407 1139 1479 ἀυτῶν
1162 1411 1217 1478 καῖ
1241 1410 1347 1502 οἰκείᾳ
1363 1410 1475 1504 γνώμη

111 1508 112 1512 ¹
179 1519 392 1608 ἐναπὲμειναν
425 1518 526 1587 ἐκεῖσε
549 1521 606 1588 καῖ
632 1524 705 1596 τοῖς,
723 1517 907 1606 λεγομένοις
933 1514 1050 1599 Οόζοις
1082 1522 1282 1610 συνῴκησαν,
1309 1521 1369 1586 καὶ
1391 1517 1473 1604 μέχ-

178 1635 272 1719 ριτοῦ
308 1635 366 1694 νῦν
394 1623 475 1694 εἰσὶν
500 1625 533 1692 ἐν
555 1624 685 1708 αὐτοῖς,
711 1622 842 1709 ἐχοντες
875 1630 1019 1696 τοιαῦτα
1051 1627 1266 1716 γνωρίσματα
1288 1625 1369 1694 ῶστε
1393 1627 1472 1694 δια-

174 1736 380 1827 χωρίζεσθαι
413 1735 528 1814 αότοῖς
558 1737 615 1804 καί
650 1740 804 1804 νοεῖσθαι
838 1736 923 1815 τίνες
957 1761 991 1804 τε
1026 1727 1109 1816 ἦσαν
1147 1736 1205 1804 καί
1243 1744 1312 1815 πῶς
1349 1733 1476 1812 αὐτοὺς

177 1838 446 1924 ἀποσπασθῆναι
481 1853 547 1911 τῶν
580 1844 671 1912 ίδίων
704 1844 836 1932 συνέβη·
871 1839 913 1912 τά
938 1839 1003 1934 γόρ
1025 1842 1147 1931 ῖμάτια
1169 1843 1283 1912 αὐτῶν
1306 1841 1370 1914 εἶσὶ
1393 1844 1484 1912 κόν-,

181 1979 281 2042 τενρα
305 1952 398 2044 μέχρι
426 1953 589 2039 γονοίτων,
610 1953 668 2020 καῖ
700 1950 744 2020 τὰ
768 1952 907 2038 μανίκια
938 1949 1053 2020 αὐτῶν
1084 1949 1154 2018 ἀπὸ
1188 1961 1254 2022 τῶν
1286 1952 1476 2040 βραχιόνων

178 2061 435 2148 ἀποκεκομμὲνα,
460 2057 503 2138 ῶς
529 2060 636 2142 δηθεν
660 2057 695 2127 ἐκ
721 2065 844 2126 τούτου
872 2060 1058 2146 δεικνυντες,
1092 2057 1147 2126 δτι
1179 2055 1247 2126 ἀπό
1282 2066 1348 2126 τῶν
1382 2057 1474 2126 ἰδίων

180 2171 237 2236 καὶ
261 2169 440 2261 ὁμοφύλων
463 2166 691 2248 ἀπεκόπησαν.
782 2237 786 2242 ,
977 2169 981 2178 ’

283 2276 409 2344 Ἰστέον
442 2275 498 2344 ότι
532 2268 631 2344 ἐνθεν
655 2269 716 2342 τοῦ
739 2275 941 2364 Δανάπρεως
974 2267 1128 2360 ποταμοό
1155 2270 1235 2363 πρὸς
1260 2269 1299 2340 τό
1322 2271 1472 2358 ἀποβλέ-

179 2408 241 2452 πον
269 2384 361 2474 μέρος
390 2381 449 2466 τίγν
482 2381 700 2474 Βουλγαρίαν
732 2383 776 2460 είς
802 2379 844 2449 τοὶ
877 2380 1052 2472 περάματα
1087 2373 1148 2448 τοῦ
1179 2373 1289 2450 αὐτόν
1322 2387 1473 2463 ποταμοῖ

179 2493 263 2560 εἰσίν
281 2489 525 2582 ἐρημόκαστρα,
542 2491 685 2580 κοίστρον
710 2484 839 2580 πρῶτον
864 2486 904 2556 τό
928 2487 1125 2572 ὀνομασθὲν
1149 2486 1239 2576 παρὰ
1259 2480 1322 2556 τῶν
1338 2487 1473 2568 Πατζι-

182 2609 322 2668 νακιτῶν
336 2595 486 2688 ’Ἀσπρου
501 2596 556 2666 διὰ
583 2595 622 2665 τό
642 2595 717 2676 τοὺς
740 2598 862 2676 λίθους
885 2591 995 2666 αὐτοῦ
1011 2596 1200 2690 φαίνεσθαι
1224 2594 1476 2678 καταλεόκοιις,’

178 2705 322 2794 κάστρον
346 2707 498 2797 δεότερον
524 2703 563 2772 τὸ
593 2698 803 2792 Τονγγοῖται,
836 2707 979 2795 κάστρον
1012 2705 1126 2794 τρίτον
1152 2701 1190 2772 τό
1215 2703 1474 2791 Κρακνακοίται,

179 2813 326 2903 κόοτρον
350 2813 513 2902 τέταρτον
539 2809 578 2878 τὸ
595 2811 835 2897 Σαλμαιαίται,
859 2812 1005 2900 κάστρον
1030 2811 1179 2896 πέμπτον
1200 2809 1240 2878 τό
1257 2809 1473 2890 Σακακάται,

178 2920 322 3012 κόστρον
354 2919 450 2988 ἕκτον
474 2924 506 2986 Γ
502 2918 704 2987 ιαιουκάται.
736 2918 771 3006 ἐν
804 2921 921 2998 αὐτοῖς
944 2921 980 2988 δέ
1005 2928 1073 2998 τοῖς
1108 2912 1175 2986 τῶν
1198 2919 1474 3010 παλαιοκοίστρων

178 3028 358 3118 κτίσμασιν
390 3026 600 3116 ἓνρίσκονται
623 3028 679 3094 καί
702 3027 876 3108 ἐκκλησιῶν
899 3027 1113 3117 γνωρίσματοί
1138 3052 1211 3095 τινα
1245 3030 1300 3096 καί
1335 3029 1473 3119 σταυροὶ

179 3137 330 3218 λαξευτολ
355 3136 399 3213 είς
427 3135 549 3214 λίθους
573 3137 735 3226 πορίνους·
758 3133 845 3207 ὅθεν
868 3136 925 3202 καί
949 3161 1031 3213 τινες
1063 3135 1248 3226 παράδοσιν
1272 3128 1410 3217 ἐχουσιν
1433 3132 1475 3212 ῶς

175 3243 331 3332 Ῥωμαῖοί
355 3267 435 3309 ποτε
462 3239 522 3320 τός
544 3244 717 3321 κατοικίας
741 3237 835 3326 εἶχον
858 3243 969 3312 ἐκεῖσε.

236 3358 239 3364 “
282 3350 408 3418 Ἰστέον
442 3347 497 3417 ότι
531 3355 674 3439 Κάγκαρ
699 3349 921 3436 ὀνομάζονται
956 3349 988 3417 οῖ
1022 3351 1287 3432 Πατζινακῖται,
1310 3347 1375 3418 ἀλλ
1399 3349 1475 3431 οόχὶ

179 3459 309 3541 πάντες,
342 3456 427 3537 πλὴν
462 3455 479 3526 δ
507 3449 571 3526 τῶν
595 3467 694 3547 τριῶν
717 3457 877 3544 θεμάτων
901 3458 992 3540 λαός,
1019 3465 1078 3525 τοῦ
1102 3455 1300 3546 Ἰαβδιηρτί,
1324 3457 1379 3524 καῖ
1414 3450 1475 3526 τοῦ

183 3565 455 3656 Κοναρτζιτζοόρ
482 3567 539 3632 καί
568 3573 629 3634 τοῦ
655 3565 930 3652 Χαβουξιγγυλά,
965 3563 1007 3642 ῶς
1038 3563 1260 3656 ἀνδρειότεροι
1299 3565 1354 3632 καί
1379 3562 1472 3652 εόγε-

179 3677 320 3766 νέστεροι
347 3685 412 3744 τῶν
436 3678 569 3744 λοιπῶν·
595 3683 696 3742 τοῦτο
730 3671 797 3762 γάρ
818 3677 915 3756 δηλοῖ
939 3675 955 3756 ἢ
991 3667 1053 3742 τοί·
1089 3673 1233 3764 Κάγγαρ
1256 3672 1472 3764 προσηγορία.

660 3857 906 3927 -Κεφάλαιον
934 3851 981 3924 λη’.

183 3959 292 4052 Περὶ
319 3971 393 4042 τῆς
427 3961 725 4046 γενεαλογίας
750 3969 827 4027 τοῦ
861 3953 1031 4038 ἐθνονς
1056 3968 1138 4028 τῶν
1168 3960 1376 4050 Τοόρκων
1399 3965 1473 4029 καὶ

603 4065 714 4134 ὅθεν
748 4067 1049 4154 κατάγονται.

279 4207 356 4276 Ὅτι
382 4206 420 4278 τό
447 4219 512 4276 τῶν
534 4210 690 4300 Τοόρκων
713 4207 816 4289 ἐθνος
840 4209 980 4290 πλησίον
1005 4219 1062 4290 τῆς
1080 4210 1254 4300 Χαζαρίας
1272 4207 1311 4280 τό
1328 4209 1478 4281 παλαιόν·

180 4313 239 4400 τόν
260 4315 454 4399 κατόικησιν
477 4316 620 4388 ἐποιεῖτο
644 4317 687 4398 είς
713 4325 773 4388 τόν
800 4323 905 4386 τόπον
922 4315 982 4387 τόν
1009 4317 1290 4406 ἐπονομαζόμενον
1324 4321 1474 4407 Λεβεδίοι

288 4471 296 4498 ¹
315 4461 341 4516 A
360 4460 537 4516 mordvinok
557 4464 690 4534 orszhga.

285 4547 527 4623 ·va16szinfileg
545 4570 563 4606 a
582 4549 706 4608 kbsssbbi
721 4553 846 4608 Neszter
865 4553 1017 4624 Fejbrvltr‚
1038 4570 1055 4605 a
1075 4553 1136 4608 mai
1155 4553 1337 4610 Akkorman.
