<?xml version="1.0" encoding="UTF-8"?>
<!DOCTYPE html PUBLIC "-//W3C//DTD XHTML 1.0 Transitional//EN"
    "http://www.w3.org/TR/xhtml1/DTD/xhtml1-transitional.dtd">
<html xmlns="http://www.w3.org/1999/xhtml" xml:lang="en" lang="en">
 <head>
  <title>
</title>
<meta http-equiv="Content-Type" content="text/html;charset=utf-8" />
  <meta name='ocr-system' content='tesseract 3.04.00' />
  <meta name='ocr-capabilities' content='ocr_page ocr_carea ocr_par ocr_line ocrx_word'/>
</head>
<body>
  <div class='ocr_page' id='page_1' title='image "./enchiridionfont00marcgoog_0449.png"; bbox 0 0 3138 5212; ppageno 0'>
   <div class='ocr_carea' id='block_1_1' title="bbox 1273 351 1340 416">
    <p class='ocr_par' dir='ltr' id='par_1_1' title="bbox 1273 351 1340 416">
     <span class='ocr_line' id='line_1_1' title="bbox 1273 351 1340 416; baseline 0.03 -2"><span class='ocrx_word' id='word_1_1' title='bbox 1273 351 1340 416; x_wconf 79' lang='lat'>427</span> 
     </span>
    </p>
   </div>
   <div class='ocr_carea' id='block_1_2' title="bbox 57 547 1341 1062">
    <p class='ocr_par' dir='ltr' id='par_1_2' title="bbox 57 547 1341 740">
     <span class='ocr_line' id='line_1_2' title="bbox 57 547 1341 631; baseline 0.001 -19"><span class='ocrx_word' id='word_1_2' title='bbox 57 547 197 631; x_wconf 87' lang='lat' dir='ltr'>judicem</span> <span class='ocrx_word' id='word_1_3' title='bbox 220 548 432 613; x_wconf 88' lang='lat' dir='ltr'>ordinarium</span> <span class='ocrx_word' id='word_1_4' title='bbox 454 549 557 612; x_wconf 87' lang='lat' dir='ltr'>simul</span> <span class='ocrx_word' id='word_1_5' title='bbox 580 571 658 612; x_wconf 92' lang='lat' dir='ltr'>oum</span> <span class='ocrx_word' id='word_1_6' title='bbox 681 569 742 612; x_wconf 87' lang='lat' dir='ltr'>sua</span> <span class='ocrx_word' id='word_1_7' title='bbox 766 550 929 612; x_wconf 79' lang='lat' dir='ltr'><strong>comitiva</strong></span> <span class='ocrx_word' id='word_1_8' title='bbox 963 551 998 612; x_wconf 89' lang='lat' dir='ltr'>in</span> <span class='ocrx_word' id='word_1_9' title='bbox 1030 570 1146 612; x_wconf 87' lang='lat' dir='ltr'>omnes</span> <span class='ocrx_word' id='word_1_10' title='bbox 1179 551 1341 613; x_wconf 86' lang='lat' dir='ltr'>civitates</span> 
     </span>
     <span class='ocr_line' id='line_1_3' title="bbox 60 655 808 740; baseline 0 -22"><span class='ocrx_word' id='word_1_11' title='bbox 60 668 88 718; x_wconf 85' lang='lat' dir='ltr'>et</span> <span class='ocrx_word' id='word_1_12' title='bbox 109 663 218 720; x_wconf 86' lang='lat' dir='ltr'>castra</span> <span class='ocrx_word' id='word_1_13' title='bbox 242 677 374 740; x_wconf 84' lang='lat' dir='ltr'>semper</span> <span class='ocrx_word' id='word_1_14' title='bbox 397 657 628 720; x_wconf 75' lang='lat' dir='ltr'><strong>intromittere</strong></span> <span class='ocrx_word' id='word_1_15' title='bbox 652 655 808 720; x_wconf 89' lang='lat' dir='ltr'>debeant.</span> 
     </span>
    </p>

    <p class='ocr_par' dir='ltr' id='par_1_3' title="bbox 58 762 1341 1062">
     <span class='ocr_line' id='line_1_4' title="bbox 155 762 1341 846; baseline 0.001 -20"><span class='ocrx_word' id='word_1_16' title='bbox 155 763 302 828; x_wconf 85' lang='lat' dir='ltr'>Domum</span> <span class='ocrx_word' id='word_1_17' title='bbox 325 769 496 827; x_wconf 86' lang='lat' dir='ltr'>statutum</span> <span class='ocrx_word' id='word_1_18' title='bbox 520 769 580 846; x_wconf 87' lang='lat' dir='ltr'>est,</span> <span class='ocrx_word' id='word_1_19' title='bbox 604 769 643 826; x_wconf 90' lang='lat' dir='ltr'>ut</span> <span class='ocrx_word' id='word_1_20' title='bbox 666 784 768 846; x_wconf 86' lang='lat' dir='ltr'>super</span> <span class='ocrx_word' id='word_1_21' title='bbox 790 762 874 827; x_wconf 91' lang='lat' dir='ltr'>haeo</span> <span class='ocrx_word' id='word_1_22' title='bbox 893 765 1007 828; x_wconf 88' lang='lat' dir='ltr'>omnia</span> <span class='ocrx_word' id='word_1_23' title='bbox 1023 763 1143 828; x_wconf 90' lang='lat' dir='ltr'>literae</span> <span class='ocrx_word' id='word_1_24' title='bbox 1159 762 1341 828; x_wconf 85' lang='lat' dir='ltr'>confician-</span> 
     </span>
     <span class='ocr_line' id='line_1_5' title="bbox 58 869 1341 956; baseline 0.002 -23"><span class='ocrx_word' id='word_1_25' title='bbox 58 879 108 934; x_wconf 89' lang='lat' dir='ltr'>tur</span> <span class='ocrx_word' id='word_1_26' title='bbox 128 874 265 935; x_wconf 90' lang='lat' dir='ltr'>nomine</span> <span class='ocrx_word' id='word_1_27' title='bbox 288 873 394 936; x_wconf 91' lang='lat' dir='ltr'>trium</span> <span class='ocrx_word' id='word_1_28' title='bbox 417 873 596 934; x_wconf 88' lang='lat' dir='ltr'>nationum</span> <span class='ocrx_word' id='word_1_29' title='bbox 619 872 717 954; x_wconf 90' lang='lat' dir='ltr'>regni</span> <span class='ocrx_word' id='word_1_30' title='bbox 737 869 995 936; x_wconf 79' lang='lat' dir='ltr'>Transilvaniae</span> <span class='ocrx_word' id='word_1_31' title='bbox 1012 870 1076 935; x_wconf 89' lang='lat' dir='ltr'>sub</span> <span class='ocrx_word' id='word_1_32' title='bbox 1092 871 1206 956; x_wconf 89' lang='lat' dir='ltr'>sigillo</span> <span class='ocrx_word' id='word_1_33' title='bbox 1222 879 1341 936; x_wconf 88' lang='lat' dir='ltr'>auten·</span> 
     </span>
     <span class='ocr_line' id='line_1_6' title="bbox 58 975 775 1062; baseline 0 -22"><span class='ocrx_word' id='word_1_34' title='bbox 58 977 118 1040; x_wconf 87' lang='lat' dir='ltr'>tieo</span> <span class='ocrx_word' id='word_1_35' title='bbox 140 978 283 1062; x_wconf 87' lang='lat' dir='ltr'>capituli</span> <span class='ocrx_word' id='word_1_36' title='bbox 307 975 468 1042; x_wconf 87' lang='lat' dir='ltr'>Albensis</span> <span class='ocrx_word' id='word_1_37' title='bbox 492 977 775 1041; x_wconf 77' lang='lat' dir='ltr'>Transilvaniae.⁸</span> 
     </span>
    </p>
   </div>
   <div class='ocr_carea' id='block_1_3' title="bbox 51 1185 642 3221">
    <p class='ocr_par' dir='ltr' id='par_1_4' title="bbox 56 1185 641 1616">
     <span class='ocr_line' id='line_1_7' title="bbox 104 1185 641 1257; baseline -0.002 -18"><span class='ocrx_word' id='word_1_38' title='bbox 104 1185 321 1257; x_wconf 75' lang='lat' dir='ltr'>⁸Kiegeszitik</span> <span class='ocrx_word' id='word_1_39' title='bbox 341 1205 358 1240; x_wconf 93' lang='lat' dir='ltr'>a</span> <span class='ocrx_word' id='word_1_40' title='bbox 380 1186 484 1240; x_wconf 72' lang='lat' dir='ltr'>hirom</span> <span class='ocrx_word' id='word_1_41' title='bbox 511 1191 641 1240; x_wconf 88' lang='lat' dir='ltr'>nemzet-</span> 
     </span>
     <span class='ocr_line' id='line_1_8' title="bbox 56 1275 641 1348; baseline 0 -19"><span class='ocrx_word' id='word_1_42' title='bbox 56 1276 142 1330; x_wconf 83' lang='lat' dir='ltr'>neke</span> <span class='ocrx_word' id='word_1_43' title='bbox 170 1275 223 1330; x_wconf 72' lang='lat' dir='ltr'>iret</span> <span class='ocrx_word' id='word_1_44' title='bbox 250 1276 461 1348; x_wconf 73' lang='lat' dir='ltr'>orszaggyiiies</span> <span class='ocrx_word' id='word_1_45' title='bbox 489 1275 641 1330; x_wconf 76' lang='lat' dir='ltr'>hattroza-</span> 
     </span>
     <span class='ocr_line' id='line_1_9' title="bbox 57 1365 640 1437; baseline 0 -19"><span class='ocrx_word' id='word_1_46' title='bbox 57 1366 151 1420; x_wconf 88' lang='lat' dir='ltr'>taiban</span> <span class='ocrx_word' id='word_1_47' title='bbox 165 1365 273 1436; x_wconf 88' lang='lat' dir='ltr'>foglalt</span> <span class='ocrx_word' id='word_1_48' title='bbox 285 1366 402 1437; x_wconf 79' lang='lat' dir='ltr'>unidjtt</span> <span class='ocrx_word' id='word_1_49' title='bbox 414 1385 448 1420; x_wconf 84' lang='lat' dir='ltr'>az</span> <span class='ocrx_word' id='word_1_50' title='bbox 462 1368 540 1420; x_wconf 86' lang='lat'>1544.</span> <span class='ocrx_word' id='word_1_51' title='bbox 554 1365 640 1436; x_wconf 74' lang='lat' dir='ltr'>april.</span> 
     </span>
     <span class='ocr_line' id='line_1_10' title="bbox 56 1453 640 1528; baseline 0 -20"><span class='ocrx_word' id='word_1_52' title='bbox 56 1454 132 1508; x_wconf 71' lang='lat' dir='ltr'>id-e&#39;n</span> <span class='ocrx_word' id='word_1_53' title='bbox 153 1455 270 1510; x_wconf 73' lang='lat' dir='ltr'>Tordan</span> <span class='ocrx_word' id='word_1_54' title='bbox 291 1461 399 1510; x_wconf 84' lang='lat' dir='ltr'>tertott</span> <span class='ocrx_word' id='word_1_55' title='bbox 417 1453 640 1528; x_wconf 71' lang='lat' dir='ltr'>orszeggyflle&#39;s-</span> 
     </span>
     <span class='ocr_line' id='line_1_11' title="bbox 56 1545 440 1616; baseline 0.003 -19"><span class='ocrx_word' id='word_1_56' title='bbox 56 1545 106 1598; x_wconf 86' lang='lat' dir='ltr'>nek</span> <span class='ocrx_word' id='word_1_57' title='bbox 125 1545 290 1598; x_wconf 80' lang='lat' dir='ltr'>kovetkezd</span> <span class='ocrx_word' id='word_1_58' title='bbox 309 1545 440 1616; x_wconf 89' lang='lat' dir='ltr'>pontjai:</span> 
     </span>
    </p>

    <p class='ocr_par' dir='ltr' id='par_1_5' title="bbox 51 1631 642 3221">
     <span class='ocr_line' id='line_1_12' title="bbox 103 1631 641 1702; baseline 0.002 -17"><span class='ocrx_word' id='word_1_59' title='bbox 103 1632 125 1685; x_wconf 95' lang='lat' dir='ltr'>I.</span> <span class='ocrx_word' id='word_1_60' title='bbox 165 1631 417 1697; x_wconf 85' lang='lat' dir='ltr'>Quomodmodum</span> <span class='ocrx_word' id='word_1_61' title='bbox 459 1638 533 1702; x_wconf 92' lang='lat' dir='ltr'>tum,</span> <span class='ocrx_word' id='word_1_62' title='bbox 574 1651 641 1687; x_wconf 89' lang='lat' dir='ltr'>oum</span> 
     </span>
     <span class='ocr_line' id='line_1_13' title="bbox 56 1721 641 1778; baseline 0.003 -4"><span class='ocrx_word' id='word_1_63' title='bbox 56 1721 330 1776; x_wconf 79' lang='lat' dir='ltr'>Reverendissimus</span> <span class='ocrx_word' id='word_1_64' title='bbox 361 1722 579 1778; x_wconf 79' lang='lat' dir='ltr'>Thesaurarius</span> <span class='ocrx_word' id='word_1_65' title='bbox 609 1724 641 1776; x_wconf 91' lang='lat' dir='ltr'>in</span> 
     </span>
     <span class='ocr_line' id='line_1_14' title="bbox 55 1809 641 1882; baseline 0 -18"><span class='ocrx_word' id='word_1_66' title='bbox 55 1809 315 1866; x_wconf 87' lang='lat' dir='ltr'>Locumtenentem</span> <span class='ocrx_word' id='word_1_67' title='bbox 335 1813 485 1866; x_wconf 88' lang='lat' dir='ltr'>communi</span> <span class='ocrx_word' id='word_1_68' title='bbox 497 1812 641 1882; x_wconf 86' lang='lat' dir='ltr'>suffragio</span> 
     </span>
     <span class='ocr_line' id='line_1_15' title="bbox 54 1899 641 1970; baseline 0.002 -17"><span class='ocrx_word' id='word_1_69' title='bbox 54 1900 186 1953; x_wconf 82' lang='lat' dir='ltr'>ordinum</span> <span class='ocrx_word' id='word_1_70' title='bbox 205 1899 295 1953; x_wconf 89' lang='lat' dir='ltr'>huius</span> <span class='ocrx_word' id='word_1_71' title='bbox 320 1899 419 1970; x_wconf 81' lang='lat' dir='ltr'>Regni</span> <span class='ocrx_word' id='word_1_72' title='bbox 446 1902 641 1954; x_wconf 80' lang='lat' dir='ltr'>renunciatus</span> 
     </span>
     <span class='ocr_line' id='line_1_16' title="bbox 55 1989 640 2060; baseline 0 -18"><span class='ocrx_word' id='word_1_73' title='bbox 55 1997 133 2058; x_wconf 88' lang='lat' dir='ltr'>esset,</span> <span class='ocrx_word' id='word_1_74' title='bbox 155 1989 276 2043; x_wconf 90' lang='lat' dir='ltr'>Domini</span> <span class='ocrx_word' id='word_1_75' title='bbox 296 1989 478 2060; x_wconf 86' lang='lat' dir='ltr'>Regnioolae</span> <span class='ocrx_word' id='word_1_76' title='bbox 492 1990 640 2044; x_wconf 87' lang='lat' dir='ltr'>communi</span> 
     </span>
     <span class='ocr_line' id='line_1_17' title="bbox 55 2078 640 2148; baseline 0 -16"><span class='ocrx_word' id='word_1_77' title='bbox 55 2079 173 2134; x_wconf 87' lang='lat' dir='ltr'>oonsilio</span> <span class='ocrx_word' id='word_1_78' title='bbox 191 2085 223 2133; x_wconf 89' lang='lat' dir='ltr'>et</span> <span class='ocrx_word' id='word_1_79' title='bbox 250 2078 407 2132; x_wconf 83' lang='lat' dir='ltr'>voluntate</span> <span class='ocrx_word' id='word_1_80' title='bbox 435 2078 640 2148; x_wconf 85' lang='lat' dir='ltr'>decreverunt,</span> 
     </span>
     <span class='ocr_line' id='line_1_18' title="bbox 54 2168 640 2238; baseline 0.002 -18"><span class='ocrx_word' id='word_1_81' title='bbox 54 2171 173 2238; x_wconf 90' lang='lat' dir='ltr'>nequis</span> <span class='ocrx_word' id='word_1_82' title='bbox 200 2169 264 2222; x_wconf 89' lang='lat' dir='ltr'>sine</span> <span class='ocrx_word' id='word_1_83' title='bbox 283 2169 362 2222; x_wconf 87' lang='lat' dir='ltr'>scitu</span> <span class='ocrx_word' id='word_1_84' title='bbox 385 2168 640 2222; x_wconf 88' lang='lat' dir='ltr'>Reverendissimi</span> 
     </span>
     <span class='ocr_line' id='line_1_19' title="bbox 54 2256 641 2328; baseline 0 -18"><span class='ocrx_word' id='word_1_85' title='bbox 54 2256 284 2311; x_wconf 88' lang='lat' dir='ltr'>Loountenentis</span> <span class='ocrx_word' id='word_1_86' title='bbox 312 2262 399 2310; x_wconf 85' lang='lat' dir='ltr'>extra</span> <span class='ocrx_word' id='word_1_87' title='bbox 426 2257 566 2328; x_wconf 83' lang='lat' dir='ltr'>Regnum</span> <span class='ocrx_word' id='word_1_88' title='bbox 591 2257 641 2311; x_wconf 84' lang='lat' dir='ltr'>vel</span> 
     </span>
     <span class='ocr_line' id='line_1_20' title="bbox 53 2345 641 2414; baseline 0.005 -17"><span class='ocrx_word' id='word_1_89' title='bbox 53 2347 174 2400; x_wconf 84' lang='lat' dir='ltr'>nuncios</span> <span class='ocrx_word' id='word_1_90' title='bbox 200 2345 250 2399; x_wconf 85' lang='lat' dir='ltr'>vel</span> <span class='ocrx_word' id='word_1_91' title='bbox 277 2345 383 2400; x_wconf 88' lang='lat' dir='ltr'>literas</span> <span class='ocrx_word' id='word_1_92' title='bbox 413 2347 557 2414; x_wconf 85' lang='lat' dir='ltr'>mitteret,</span> <span class='ocrx_word' id='word_1_93' title='bbox 586 2345 641 2400; x_wconf 88' lang='lat' dir='ltr'>hoo</span> 
     </span>
     <span class='ocr_line' id='line_1_21' title="bbox 54 2433 640 2489; baseline 0.007 -5"><span class='ocrx_word' id='word_1_94' title='bbox 54 2433 125 2488; x_wconf 86' lang='lat' dir='ltr'>idem</span> <span class='ocrx_word' id='word_1_95' title='bbox 144 2435 238 2489; x_wconf 87' lang='lat' dir='ltr'>etiam</span> <span class='ocrx_word' id='word_1_96' title='bbox 252 2436 284 2488; x_wconf 89' lang='lat' dir='ltr'>in</span> <span class='ocrx_word' id='word_1_97' title='bbox 297 2435 365 2488; x_wconf 90' lang='lat' dir='ltr'>istis</span> <span class='ocrx_word' id='word_1_98' title='bbox 384 2433 520 2488; x_wconf 82' lang='lat' dir='ltr'>Comitiis</span> <span class='ocrx_word' id='word_1_99' title='bbox 541 2441 640 2488; x_wconf 89' lang='lat' dir='ltr'>ratum</span> 
     </span>
     <span class='ocr_line' id='line_1_22' title="bbox 53 2525 641 2594; baseline 0.003 -18"><span class='ocrx_word' id='word_1_100' title='bbox 53 2528 79 2576; x_wconf 88' lang='lat' dir='ltr'>et</span> <span class='ocrx_word' id='word_1_101' title='bbox 96 2526 219 2579; x_wconf 87' lang='lat' dir='ltr'>firmum</span> <span class='ocrx_word' id='word_1_102' title='bbox 243 2541 307 2580; x_wconf 89' lang='lat' dir='ltr'>esse</span> <span class='ocrx_word' id='word_1_103' title='bbox 335 2525 497 2578; x_wconf 90' lang='lat' dir='ltr'>voluerunt</span> <span class='ocrx_word' id='word_1_104' title='bbox 524 2527 577 2594; x_wconf 91' lang='lat' dir='ltr'>ita,</span> <span class='ocrx_word' id='word_1_105' title='bbox 605 2529 641 2578; x_wconf 93' lang='lat' dir='ltr'>ut</span> 
     </span>
     <span class='ocr_line' id='line_1_23' title="bbox 53 2614 641 2683; baseline 0.003 -17"><span class='ocrx_word' id='word_1_106' title='bbox 53 2615 97 2681; x_wconf 91' lang='lat' dir='ltr'>qui</span> <span class='ocrx_word' id='word_1_107' title='bbox 108 2615 295 2670; x_wconf 88' lang='lat' dir='ltr'>contrarium</span> <span class='ocrx_word' id='word_1_108' title='bbox 305 2614 376 2668; x_wconf 89' lang='lat' dir='ltr'>huio</span> <span class='ocrx_word' id='word_1_109' title='bbox 387 2615 514 2668; x_wconf 84' lang='lat' dir='ltr'>Decreto</span> <span class='ocrx_word' id='word_1_110' title='bbox 526 2615 641 2683; x_wconf 81' lang='lat' dir='ltr'>feeerit,</span> 
     </span>
     <span class='ocr_line' id='line_1_24' title="bbox 53 2703 641 2776; baseline 0 -20"><span class='ocrx_word' id='word_1_111' title='bbox 53 2703 98 2758; x_wconf 88' lang='lat' dir='ltr'>ille</span> <span class='ocrx_word' id='word_1_112' title='bbox 129 2721 225 2776; x_wconf 85' lang='lat' dir='ltr'>poena</span> <span class='ocrx_word' id='word_1_113' title='bbox 253 2703 368 2775; x_wconf 88' lang='lat' dir='ltr'>Capitis</span> <span class='ocrx_word' id='word_1_114' title='bbox 391 2705 460 2775; x_wconf 86' lang='lat' dir='ltr'>jure</span> <span class='ocrx_word' id='word_1_115' title='bbox 490 2704 641 2758; x_wconf 76' lang='lat' dir='ltr'>mediante</span> 
     </span>
     <span class='ocr_line' id='line_1_25' title="bbox 53 2793 642 2864; baseline -0.003 -17"><span class='ocrx_word' id='word_1_116' title='bbox 53 2796 200 2863; x_wconf 89' lang='lat' dir='ltr'>puniatur.</span> <span class='ocrx_word' id='word_1_117' title='bbox 225 2793 286 2859; x_wconf 58' lang='lat' dir='ltr'>Qui,</span> <span class='ocrx_word' id='word_1_118' title='bbox 311 2810 382 2848; x_wconf 88' lang='lat' dir='ltr'>vero</span> <span class='ocrx_word' id='word_1_119' title='bbox 410 2793 546 2864; x_wconf 85' lang='lat' dir='ltr'>publicae</span> <span class='ocrx_word' id='word_1_120' title='bbox 571 2793 642 2846; x_wconf 89' lang='lat' dir='ltr'>huic</span> 
     </span>
     <span class='ocr_line' id='line_1_26' title="bbox 52 2882 642 2937; baseline 0 -3"><span class='ocrx_word' id='word_1_121' title='bbox 52 2882 230 2936; x_wconf 89' lang='lat' dir='ltr'>ordinationi</span> <span class='ocrx_word' id='word_1_122' title='bbox 249 2899 324 2937; x_wconf 87' lang='lat' dir='ltr'>ausu</span> <span class='ocrx_word' id='word_1_123' title='bbox 343 2883 502 2936; x_wconf 90' lang='lat' dir='ltr'>temerario</span> <span class='ocrx_word' id='word_1_124' title='bbox 526 2888 642 2935; x_wconf 85' lang='lat' dir='ltr'>contra-</span> 
     </span>
     <span class='ocr_line' id='line_1_27' title="bbox 52 2971 642 3040; baseline 0 -16"><span class='ocrx_word' id='word_1_125' title='bbox 52 2973 160 3039; x_wconf 78' lang='lat' dir='ltr'>venire,</span> <span class='ocrx_word' id='word_1_126' title='bbox 181 2988 276 3040; x_wconf 89' lang='lat' dir='ltr'>neque</span> <span class='ocrx_word' id='word_1_127' title='bbox 295 2971 411 3026; x_wconf 87' lang='lat' dir='ltr'>Iudicio</span> <span class='ocrx_word' id='word_1_128' title='bbox 429 2988 525 3040; x_wconf 91' lang='lat' dir='ltr'>neque</span> <span class='ocrx_word' id='word_1_129' title='bbox 537 2971 642 3024; x_wconf 89' lang='lat' dir='ltr'>autho-</span> 
     </span>
     <span class='ocr_line' id='line_1_28' title="bbox 52 3060 641 3131; baseline 0.005 -20"><span class='ocrx_word' id='word_1_130' title='bbox 52 3061 131 3114; x_wconf 83' lang='lat' dir='ltr'>ritati</span> <span class='ocrx_word' id='word_1_131' title='bbox 145 3060 403 3116; x_wconf 88' lang='lat' dir='ltr'>Reverendissimi</span> <span class='ocrx_word' id='word_1_132' title='bbox 418 3078 520 3131; x_wconf 86' lang='lat' dir='ltr'>parere</span> <span class='ocrx_word' id='word_1_133' title='bbox 540 3061 641 3130; x_wconf 90' lang='lat' dir='ltr'>vellet,</span> 
     </span>
     <span class='ocr_line' id='line_1_29' title="bbox 51 3149 641 3221; baseline 0.005 -19"><span class='ocrx_word' id='word_1_134' title='bbox 51 3149 95 3202; x_wconf 89' lang='lat' dir='ltr'>sed</span> <span class='ocrx_word' id='word_1_135' title='bbox 115 3167 147 3205; x_wconf 88' lang='lat' dir='ltr'>se</span> <span class='ocrx_word' id='word_1_136' title='bbox 169 3157 373 3205; x_wconf 83' lang='lat' dir='ltr'>contumacem</span> <span class='ocrx_word' id='word_1_137' title='bbox 394 3150 481 3221; x_wconf 89' lang='lat' dir='ltr'>plane</span> <span class='ocrx_word' id='word_1_138' title='bbox 508 3152 641 3205; x_wconf 88' lang='lat' dir='ltr'>ostende-</span> 
     </span>
    </p>
   </div>
   <div class='ocr_carea' id='block_1_4' title="bbox 748 1187 1343 3206">
    <p class='ocr_par' dir='ltr' id='par_1_6' title="bbox 748 1187 1341 1419">
     <span class='ocr_line' id='line_1_30' title="bbox 749 1187 1341 1258; baseline 0.003 -19"><span class='ocrx_word' id='word_1_139' title='bbox 749 1192 804 1255; x_wconf 86' lang='lat' dir='ltr'>ret,</span> <span class='ocrx_word' id='word_1_140' title='bbox 824 1187 895 1242; x_wconf 84' lang='lat' dir='ltr'>talis</span> <span class='ocrx_word' id='word_1_141' title='bbox 919 1188 987 1258; x_wconf 86' lang='lat' dir='ltr'>jure</span> <span class='ocrx_word' id='word_1_142' title='bbox 1016 1189 1166 1242; x_wconf 90' lang='lat' dir='ltr'>mediante</span> <span class='ocrx_word' id='word_1_143' title='bbox 1185 1187 1223 1242; x_wconf 88' lang='lat' dir='ltr'>ad</span> <span class='ocrx_word' id='word_1_144' title='bbox 1242 1203 1341 1242; x_wconf 88' lang='lat' dir='ltr'>exem-</span> 
     </span>
     <span class='ocr_line' id='line_1_31' title="bbox 749 1275 1339 1346; baseline 0.003 -18"><span class='ocrx_word' id='word_1_145' title='bbox 749 1275 832 1346; x_wconf 88' lang='lat' dir='ltr'>pium</span> <span class='ocrx_word' id='word_1_146' title='bbox 877 1277 1004 1331; x_wconf 88' lang='lat' dir='ltr'>aliorum</span> <span class='ocrx_word' id='word_1_147' title='bbox 1051 1278 1339 1332; x_wconf 89' lang='lat' dir='ltr'>animadversionem</span> 
     </span>
     <span class='ocr_line' id='line_1_32' title="bbox 748 1364 861 1419; baseline 0 -1"><span class='ocrx_word' id='word_1_148' title='bbox 748 1364 861 1419; x_wconf 89' lang='lat' dir='ltr'>subeat.</span> 
     </span>
    </p>

    <p class='ocr_par' dir='ltr' id='par_1_7' title="bbox 748 1453 1343 3206">
     <span class='ocr_line' id='line_1_33' title="bbox 804 1453 1343 1510; baseline -0.002 -3"><span class='ocrx_word' id='word_1_149' title='bbox 804 1453 843 1508; x_wconf 89' lang='lat' dir='ltr'>H.</span> <span class='ocrx_word' id='word_1_150' title='bbox 864 1454 938 1508; x_wconf 87' lang='lat' dir='ltr'>Cum</span> <span class='ocrx_word' id='word_1_151' title='bbox 958 1472 1017 1508; x_wconf 87' lang='lat' dir='ltr'>una</span> <span class='ocrx_word' id='word_1_152' title='bbox 1035 1455 1121 1510; x_wconf 87' lang='lat' dir='ltr'>nobis</span> <span class='ocrx_word' id='word_1_153' title='bbox 1145 1453 1282 1508; x_wconf 88' lang='lat' dir='ltr'>omnibus</span> <span class='ocrx_word' id='word_1_154' title='bbox 1300 1455 1343 1507; x_wconf 86' lang='lat' dir='ltr'>sit</span> 
     </span>
     <span class='ocr_line' id='line_1_34' title="bbox 749 1542 1342 1613; baseline 0 -18"><span class='ocrx_word' id='word_1_155' title='bbox 749 1544 847 1612; x_wconf 86' lang='lat' dir='ltr'>patria</span> <span class='ocrx_word' id='word_1_156' title='bbox 865 1560 1013 1613; x_wconf 90' lang='lat' dir='ltr'>unamque</span> <span class='ocrx_word' id='word_1_157' title='bbox 1033 1544 1070 1598; x_wconf 89' lang='lat' dir='ltr'>ab</span> <span class='ocrx_word' id='word_1_158' title='bbox 1088 1543 1226 1598; x_wconf 90' lang='lat' dir='ltr'>omnibus</span> <span class='ocrx_word' id='word_1_159' title='bbox 1245 1542 1342 1596; x_wconf 91' lang='lat' dir='ltr'>ohari-</span> 
     </span>
     <span class='ocr_line' id='line_1_35' title="bbox 749 1632 1340 1702; baseline -0.002 -17"><span class='ocrx_word' id='word_1_160' title='bbox 749 1638 843 1686; x_wconf 89' lang='lat' dir='ltr'>tatem</span> <span class='ocrx_word' id='word_1_161' title='bbox 854 1632 908 1685; x_wconf 86' lang='lat' dir='ltr'>illa</span> <span class='ocrx_word' id='word_1_162' title='bbox 917 1633 1073 1701; x_wconf 84' lang='lat' dir='ltr'>desideret,</span> <span class='ocrx_word' id='word_1_163' title='bbox 1087 1649 1207 1686; x_wconf 88' lang='lat' dir='ltr'>neeesse</span> <span class='ocrx_word' id='word_1_164' title='bbox 1220 1637 1266 1686; x_wconf 90' lang='lat' dir='ltr'>est</span> <span class='ocrx_word' id='word_1_165' title='bbox 1275 1633 1340 1702; x_wconf 89' lang='lat' dir='ltr'>pari</span> 
     </span>
     <span class='ocr_line' id='line_1_36' title="bbox 748 1723 1343 1794; baseline 0 -18"><span class='ocrx_word' id='word_1_166' title='bbox 748 1724 848 1776; x_wconf 90' lang='lat' dir='ltr'>studio</span> <span class='ocrx_word' id='word_1_167' title='bbox 860 1727 891 1776; x_wconf 89' lang='lat' dir='ltr'>et</span> <span class='ocrx_word' id='word_1_168' title='bbox 909 1723 1069 1794; x_wconf 88' lang='lat' dir='ltr'>diligentia</span> <span class='ocrx_word' id='word_1_169' title='bbox 1088 1739 1207 1778; x_wconf 86' lang='lat' dir='ltr'>oausam</span> <span class='ocrx_word' id='word_1_170' title='bbox 1226 1724 1343 1793; x_wconf 81' lang='lat' dir='ltr'>patriae</span> 
     </span>
     <span class='ocr_line' id='line_1_37' title="bbox 749 1813 1342 1884; baseline 0 -18"><span class='ocrx_word' id='word_1_171' title='bbox 749 1813 877 1882; x_wconf 88' lang='lat' dir='ltr'>quilibet</span> <span class='ocrx_word' id='word_1_172' title='bbox 891 1813 1033 1867; x_wconf 88' lang='lat' dir='ltr'>tuendam</span> <span class='ocrx_word' id='word_1_173' title='bbox 1042 1815 1187 1884; x_wconf 89' lang='lat' dir='ltr'>suscipiat</span> <span class='ocrx_word' id='word_1_174' title='bbox 1196 1829 1342 1882; x_wconf 87' lang='lat' dir='ltr'>nemoque</span> 
     </span>
     <span class='ocr_line' id='line_1_38' title="bbox 748 1901 1341 1972; baseline -0.003 -16"><span class='ocrx_word' id='word_1_175' title='bbox 748 1919 779 1956; x_wconf 86' lang='lat' dir='ltr'>se</span> <span class='ocrx_word' id='word_1_176' title='bbox 799 1901 836 1955; x_wconf 91' lang='lat' dir='ltr'>ab</span> <span class='ocrx_word' id='word_1_177' title='bbox 855 1901 903 1955; x_wconf 90' lang='lat' dir='ltr'>his</span> <span class='ocrx_word' id='word_1_178' title='bbox 922 1917 997 1971; x_wconf 91' lang='lat' dir='ltr'>quae</span> <span class='ocrx_word' id='word_1_179' title='bbox 1017 1903 1272 1956; x_wconf 84' lang='lat' dir='ltr'>conservationem</span> <span class='ocrx_word' id='word_1_180' title='bbox 1292 1918 1341 1972; x_wconf 90' lang='lat' dir='ltr'>pa-</span> 
     </span>
     <span class='ocr_line' id='line_1_39' title="bbox 749 1991 1342 2062; baseline 0 -18"><span class='ocrx_word' id='word_1_181' title='bbox 749 1993 826 2045; x_wconf 86' lang='lat' dir='ltr'>triae</span> <span class='ocrx_word' id='word_1_182' title='bbox 850 1992 1016 2062; x_wconf 86' lang='lat' dir='ltr'>reepiciunt</span> <span class='ocrx_word' id='word_1_183' title='bbox 1048 1991 1203 2046; x_wconf 87' lang='lat' dir='ltr'>subducat.</span> <span class='ocrx_word' id='word_1_184' title='bbox 1234 1991 1342 2060; x_wconf 91' lang='lat' dir='ltr'>Itaque</span> 
     </span>
     <span class='ocr_line' id='line_1_40' title="bbox 748 2080 1340 2152; baseline -0.003 -18"><span class='ocrx_word' id='word_1_185' title='bbox 748 2082 812 2134; x_wconf 87' lang='lat' dir='ltr'>sive</span> <span class='ocrx_word' id='word_1_186' title='bbox 831 2080 1042 2150; x_wconf 85' lang='lat' dir='ltr'>defensionem,</span> <span class='ocrx_word' id='word_1_187' title='bbox 1067 2082 1131 2136; x_wconf 88' lang='lat' dir='ltr'>sive</span> <span class='ocrx_word' id='word_1_188' title='bbox 1150 2081 1340 2152; x_wconf 85' lang='lat' dir='ltr'>pecuniarem</span> 
     </span>
     <span class='ocr_line' id='line_1_41' title="bbox 748 2169 1341 2240; baseline -0.003 -16"><span class='ocrx_word' id='word_1_189' title='bbox 748 2169 935 2238; x_wconf 87' lang='lat' dir='ltr'>solutionem,</span> <span class='ocrx_word' id='word_1_190' title='bbox 954 2171 1018 2224; x_wconf 89' lang='lat' dir='ltr'>sive</span> <span class='ocrx_word' id='word_1_191' title='bbox 1040 2171 1153 2240; x_wconf 84' lang='lat' dir='ltr'>aliquid</span> <span class='ocrx_word' id='word_1_192' title='bbox 1169 2169 1250 2224; x_wconf 90' lang='lat' dir='ltr'>aliud</span> <span class='ocrx_word' id='word_1_193' title='bbox 1264 2171 1341 2222; x_wconf 75' lang='lat' dir='ltr'>eius</span> 
     </span>
     <span class='ocr_line' id='line_1_42' title="bbox 748 2259 1340 2330; baseline -0.003 -17"><span class='ocrx_word' id='word_1_194' title='bbox 748 2261 816 2313; x_wconf 92' lang='lat' dir='ltr'>dem</span> <span class='ocrx_word' id='word_1_195' title='bbox 836 2261 977 2329; x_wconf 87' lang='lat' dir='ltr'>temporis</span> <span class='ocrx_word' id='word_1_196' title='bbox 990 2260 1121 2314; x_wconf 86' lang='lat' dir='ltr'>conditio</span> <span class='ocrx_word' id='word_1_197' title='bbox 1134 2259 1340 2330; x_wconf 86' lang='lat' dir='ltr'>postulaverit,</span> 
     </span>
     <span class='ocr_line' id='line_1_43' title="bbox 749 2347 1341 2417; baseline -0.003 -15"><span class='ocrx_word' id='word_1_198' title='bbox 749 2349 947 2402; x_wconf 89' lang='lat' dir='ltr'>deliberatum</span> <span class='ocrx_word' id='word_1_199' title='bbox 967 2354 1020 2417; x_wconf 88' lang='lat' dir='ltr'>est,</span> <span class='ocrx_word' id='word_1_200' title='bbox 1040 2355 1075 2402; x_wconf 88' lang='lat' dir='ltr'>ut</span> <span class='ocrx_word' id='word_1_201' title='bbox 1088 2347 1232 2402; x_wconf 90' lang='lat' dir='ltr'>eiusmodi</span> <span class='ocrx_word' id='word_1_202' title='bbox 1251 2363 1341 2400; x_wconf 89' lang='lat' dir='ltr'>onera</span> 
     </span>
     <span class='ocr_line' id='line_1_44' title="bbox 749 2436 1340 2507; baseline -0.003 -17"><span class='ocrx_word' id='word_1_203' title='bbox 749 2438 873 2507; x_wconf 86' lang='lat' dir='ltr'>patriae,</span> <span class='ocrx_word' id='word_1_204' title='bbox 884 2437 973 2506; x_wconf 85' lang='lat' dir='ltr'>juxta</span> <span class='ocrx_word' id='word_1_205' title='bbox 986 2440 1141 2507; x_wconf 89' lang='lat' dir='ltr'>antiquam</span> <span class='ocrx_word' id='word_1_206' title='bbox 1153 2436 1340 2492; x_wconf 88' lang='lat' dir='ltr'>consuetudi-</span> 
     </span>
     <span class='ocr_line' id='line_1_45' title="bbox 749 2527 1342 2598; baseline -0.003 -18"><span class='ocrx_word' id='word_1_207' title='bbox 749 2543 818 2580; x_wconf 91' lang='lat' dir='ltr'>nem</span> <span class='ocrx_word' id='word_1_208' title='bbox 844 2527 952 2598; x_wconf 86' lang='lat' dir='ltr'>Regni,</span> <span class='ocrx_word' id='word_1_209' title='bbox 980 2544 1082 2581; x_wconf 91' lang='lat' dir='ltr'>omnes</span> <span class='ocrx_word' id='word_1_210' title='bbox 1109 2533 1170 2582; x_wconf 90' lang='lat' dir='ltr'>tres</span> <span class='ocrx_word' id='word_1_211' title='bbox 1197 2527 1342 2580; x_wconf 88' lang='lat' dir='ltr'>Nationes</span> 
     </span>
     <span class='ocr_line' id='line_1_46' title="bbox 750 2615 1340 2687; baseline -0.002 -19"><span class='ocrx_word' id='word_1_212' title='bbox 750 2616 916 2684; x_wconf 88' lang='lat' dir='ltr'>aequaliter</span> <span class='ocrx_word' id='word_1_213' title='bbox 944 2615 1105 2687; x_wconf 88' lang='lat' dir='ltr'>perferant,</span> <span class='ocrx_word' id='word_1_214' title='bbox 1127 2634 1194 2670; x_wconf 89' lang='lat' dir='ltr'>oum</span> <span class='ocrx_word' id='word_1_215' title='bbox 1214 2615 1340 2682; x_wconf 87' lang='lat' dir='ltr'>utilitas,</span> 
     </span>
     <span class='ocr_line' id='line_1_47' title="bbox 750 2706 1342 2776; baseline -0.003 -18"><span class='ocrx_word' id='word_1_216' title='bbox 750 2722 825 2774; x_wconf 89' lang='lat' dir='ltr'>quae</span> <span class='ocrx_word' id='word_1_217' title='bbox 845 2723 882 2759; x_wconf 91' lang='lat' dir='ltr'>ex</span> <span class='ocrx_word' id='word_1_218' title='bbox 902 2708 1125 2760; x_wconf 86' lang='lat' dir='ltr'>conservatione</span> <span class='ocrx_word' id='word_1_219' title='bbox 1153 2706 1252 2776; x_wconf 85' lang='lat' dir='ltr'>Regni</span> <span class='ocrx_word' id='word_1_220' title='bbox 1278 2719 1342 2757; x_wconf 86' lang='lat' dir='ltr'>esse</span> 
     </span>
     <span class='ocr_line' id='line_1_48' title="bbox 751 2796 1341 2864; baseline -0.002 -19"><span class='ocrx_word' id='word_1_221' title='bbox 751 2796 914 2864; x_wconf 82' lang='lat' dir='ltr'>consueuit,</span> <span class='ocrx_word' id='word_1_222' title='bbox 934 2796 970 2849; x_wconf 91' lang='lat' dir='ltr'>ad</span> <span class='ocrx_word' id='word_1_223' title='bbox 990 2813 1091 2850; x_wconf 90' lang='lat' dir='ltr'>omnes</span> <span class='ocrx_word' id='word_1_224' title='bbox 1110 2813 1147 2850; x_wconf 90' lang='lat' dir='ltr'>ex</span> <span class='ocrx_word' id='word_1_225' title='bbox 1166 2810 1259 2863; x_wconf 89' lang='lat' dir='ltr'>aequo</span> <span class='ocrx_word' id='word_1_226' title='bbox 1277 2809 1341 2862; x_wconf 90' lang='lat' dir='ltr'>per-</span> 
     </span>
     <span class='ocr_line' id='line_1_49' title="bbox 751 2879 1341 2953; baseline -0.008 -16"><span class='ocrx_word' id='word_1_227' title='bbox 751 2885 855 2938; x_wconf 87' lang='lat' dir='ltr'>tineat.</span> <span class='ocrx_word' id='word_1_228' title='bbox 875 2885 989 2938; x_wconf 90' lang='lat' dir='ltr'>Kiadta</span> <span class='ocrx_word' id='word_1_229' title='bbox 1008 2885 1142 2953; x_wconf 85' lang='lat' dir='ltr'>Seiwert,</span> <span class='ocrx_word' id='word_1_230' title='bbox 1164 2887 1261 2938; x_wconf 88' lang='lat' dir='ltr'>Acten</span> <span class='ocrx_word' id='word_1_231' title='bbox 1280 2879 1341 2933; x_wconf 89' lang='lat' dir='ltr'>und</span> 
     </span>
     <span class='ocr_line' id='line_1_50' title="bbox 752 2971 1341 3045; baseline -0.007 -19"><span class='ocrx_word' id='word_1_232' title='bbox 752 2973 849 3027; x_wconf 86' lang='lat' dir='ltr'>Daten</span> <span class='ocrx_word' id='word_1_233' title='bbox 863 2975 936 3028; x_wconf 80' lang='lat' dir='ltr'>tiber</span> <span class='ocrx_word' id='word_1_234' title='bbox 948 2975 996 3028; x_wconf 90' lang='lat' dir='ltr'>die</span> <span class='ocrx_word' id='word_1_235' title='bbox 1009 2973 1190 3045; x_wconf 87' lang='lat' dir='ltr'>gesetziiche</span> <span class='ocrx_word' id='word_1_236' title='bbox 1204 2971 1341 3040; x_wconf 87' lang='lat' dir='ltr'>Stellung</span> 
     </span>
     <span class='ocr_line' id='line_1_51' title="bbox 752 3058 1341 3132; baseline -0.008 -16"><span class='ocrx_word' id='word_1_237' title='bbox 752 3063 812 3116; x_wconf 90' lang='lat' dir='ltr'>und</span> <span class='ocrx_word' id='word_1_238' title='bbox 831 3064 889 3117; x_wconf 90' lang='lat' dir='ltr'>den</span> <span class='ocrx_word' id='word_1_239' title='bbox 908 3063 1157 3132; x_wconf 80' lang='lat' dir='ltr'>Wirkungskreis</span> <span class='ocrx_word' id='word_1_240' title='bbox 1185 3062 1237 3114; x_wconf 90' lang='lat' dir='ltr'>der</span> <span class='ocrx_word' id='word_1_241' title='bbox 1257 3058 1341 3113; x_wconf 72' lang='lat' dir='ltr'>sach-</span> 
     </span>
     <span class='ocr_line' id='line_1_52' title="bbox 751 3147 1343 3206; baseline -0.01 -1"><span class='ocrx_word' id='word_1_242' title='bbox 751 3152 869 3206; x_wconf 82' lang='lat' dir='ltr'>sischen</span> <span class='ocrx_word' id='word_1_243' title='bbox 898 3151 1237 3206; x_wconf 75' lang='lat' dir='ltr'>Nations-Universitat.</span> <span class='ocrx_word' id='word_1_244' title='bbox 1259 3147 1343 3203; x_wconf 90' lang='grc'>40.1.</span> 
     </span>
    </p>
   </div>
   <div class='ocr_carea' id='block_1_5' title="bbox 0 0 1574 5212">
    <p class='ocr_par' dir='ltr' id='par_1_8' title="bbox 0 0 1574 5212">
     <span class='ocr_line' id='line_1_53' title="bbox 0 0 1574 5212; baseline 0 0"><span class='ocrx_word' id='word_1_245' title='bbox 0 0 1574 5212; x_wconf 95' lang='lat' dir='ltr'> </span> 
     </span>
    </p>
   </div>
  </div>
 </body>
</html>
