3144 5218
233 355 299 422 526

228 551 388 637 majestas
426 553 572 639 singulis
611 554 736 620 diaetis
775 552 924 635 plenarie
958 549 1198 636 complanabit,
1232 549 1360 635 absque
1396 547 1527 632 injuria

228 659 530 745 ev'angelicorum.⁵

337 765 377 830 V.
405 763 639 831 Accordatum
661 787 795 851 quoque
820 771 881 846 est,
905 771 944 828 ut
973 786 1033 828 sua
1067 760 1227 846 majestas
1260 769 1379 828 contra
1413 771 1530 828 trans

227 893 399 958 gressores
422 879 641 954 statutorum,
664 876 770 936 etiam
794 874 830 935 in
853 873 993 956 negotio
1009 869 1195 956 religionis,
1211 873 1248 934 in
1264 869 1383 934 futura
1399 870 1531 935 diaeta.

228 981 284 1044 vel
309 979 507 1044 Articulum
530 979 560 1042 8.
594 979 682 1043 decr.
707 979 736 1043 6.
762 979 931 1044 Uladislai
955 981 1046 1062 regis
1076 977 1310 1041 renovandum
1342 985 1377 1040 et
1410 976 1531 1041 obser-

228 1088 381 1152 vandum
405 1085 549 1168 curabit,
573 1085 629 1150 vel
652 1089 757 1150 etiam
781 1085 989 1170 condignam
1017 1105 1159 1167 poenam
1192 1105 1270 1147 cum
1303 1091 1396 1148 certo
1430 1107 1533 1148 exse-

227 1203 345 1260 cutore
369 1200 519 1258 statuere
543 1193 770 1279 dignabitur.⁶

337 1404 394 1456 *A
413 1402 506 1472 tokaji
534 1403 641 1474 gyttle's
670 1404 765 1458 errdl:
793 1403 909 1469 Quibus
938 1403 1117 1474 praemissis,
1146 1403 1250 1472 vigore
1279 1407 1469 1454 statutorum
1498 1410 1532 1454 et

229 1493 472 1546 confirmatarum
495 1495 725 1564 praemissarum
744 1493 920 1547 libertatum
944 1493 1038 1563 regni,
1059 1493 1104 1544 uti
1124 1492 1212 1544 iustis
1230 1495 1329 1544 status
1354 1491 1532 1561 evangelici

229 1583 358 1652 querelis
372 1583 524 1652 majestati
537 1601 607 1637 suae
620 1586 840 1638 sacratissimae
854 1583 1023 1636 humillime
1037 1582 1190 1650 exhibitis
1204 1582 1299 1652 iisque
1314 1582 1345 1634 in
1359 1583 1533 1634 novissima

228 1672 329 1725 diaeta
357 1673 529 1728 Posoniensi
558 1675 629 1727 anni
660 1675 737 1742 1638,
767 1692 818 1745 per
847 1673 965 1744 publica
993 1673 1153 1727 eorundem
1173 1670 1356 1726 Gravamina
1376 1671 1478 1734 fusius
1498 1683 1534 1726 et

229 1759 414 1816 luculentius
433 1761 602 1827 declaratis,
623 1761 833 1832 majestatique
853 1779 923 1816 suae
944 1763 1095 1833 porrectis,
1114 1759 1282 1830 supplicare
1302 1761 1412 1814 iterato
1443 1778 1532 1832 pree-

228 1850 324 1904 dictos
349 1849 482 1903 dominos
510 1850 677 1919 regnicolas
709 1851 859 1919 majestati
891 1867 963 1904 suae
994 1850 1222 1914 sacratissimae,
1253 1848 1396 1918 dignetur
1423 1852 1532 1902 omnia

230 1941 392 2011 praemissa
411 1956 468 1992 nou
489 1939 574 1992 modo
594 1940 756 1994 clementer
775 1941 970 2012 complanare,
995 1940 1213 1994 verumetiam
1241 1955 1291 1992 eas
1319 1938 1535 2009 complanatas

230 2030 353 2084 realiter
373 2028 528 2081 affectuari
552 2027 658 2082 facere.

337 2120 393 2190 (Aa
415 2119 541 2172 toaeiki
571 2119 738 2188 protesttns
767 2118 912 2172 sa'relmek
945 2117 1058 2171 szdltak
1090 2121 1112 2172 1.
1142 2119 1167 2170 A
1185 2117 1398 2189 jobbtgyoktdl
1428 2118 1537 2173 elvett

230 2206 462 2277 templomokrdl.
481 2207 507 2259 2.
527 2209 553 2259 A
568 2207 808 2276 templomokuak
827 2224 845 2259 a
864 2207 991 2277 kegytiri
1006 2206 1150 2260 tarsaktdl
1164 2205 1196 2260 e's
1208 2207 1295 2260 kbzos
1308 2207 1539 2263 birtokosolttdl

230 2297 297 2350 vald
316 2295 497 2350 elvetelardl.
526 2298 551 2351 3.
571 2300 598 2351 A
614 2297 845 2368 jobbtgyohnak
866 2298 1018 2351 erdszakos
1046 2297 1315 2352 katholiztustrol.
1343 2301 1368 2352 4.
1389 2299 1434 2350 Az
1455 2315 1537 2369 egy-

230 2385 324 2438 lutzak
353 2383 418 2454 regi
443 2384 633 2440 birtokainak
662 2384 889 2455 elfoglaltstrdl.
918 2387 943 2438 5.
963 2383 1089 2456 Ne'mely
1116 2385 1224 2440 azabad
1253 2386 1310 2442 kir.
1338 2386 1537 2441 vtrosokban

230 2473 478 2544 templomdpitcsi
512 2475 704 2530 tilalmakrol.
735 2477 759 2528 6.
789 2476 816 2528 Α
845 2475 1013 2546 protesttns
1041 2474 1181 2545 papoktdl
1209 2493 1227 2528 a
1255 2475 1429 2530 tizanhatod
1464 2476 1538 2532 resa

229 2560 412 2616 elve'teldrb'l.
432 2564 457 2616 t.
476 2565 503 2616 A
523 2563 690 2634 protesttns
704 2562 860 2634 papoknak
873 2581 890 2616 a
903 2561 1095 2616 szentszekek
1109 2561 1154 2616 ele
1168 2563 1235 2617 valo
1248 2563 1539 2620 hurczolunsarol.

231 2654 264 2706 L.
283 2652 470 2724 Zsilinszky:
490 2656 517 2708 A
540 2673 664 2726 magyar
686 2652 935 2724 orsztggyttlesek
958 2653 1129 2724 valltsttgyi
1151 2653 1335 2725 targyaltsai
1358 2655 1397 2708 II.
1417 2655 1538 2711 hatath

337 2771 347 2799 ⁸
367 2763 394 2814 A
414 2762 508 2832 tokaji
526 2763 634 2834 gyttles
653 2763 748 2818 errdl:
769 2761 814 2816 Ut
832 2767 934 2815 autem
954 2762 1183 2831 praemissorum
1201 2767 1385 2816 statutorum
1398 2763 1540 2818 violatio

230 2852 342 2904 futuris
356 2868 470 2922 quoque
491 2853 673 2923 temporibus
692 2851 850 2904 formidine
870 2852 962 2904 etiam
983 2867 1092 2921 poenae
1112 2852 1208 2922 magis
1227 2854 1398 2922 praecaveri
1412 2854 1539 2910 valeat.

230 2947 393 3010 mutuaque
426 2943 505 2996 inter
535 2960 566 2997 se
599 2942 817 3012 regnicolarum
849 2940 1003 2994 concordia
1034 2940 1151 2994 firmius
1188 2941 1343 3010 coalescat,
1380 2942 1539 3011 dignetur

231 3029 372 3098 majestas
391 3047 446 3084 sua
464 3033 657 3085 sacratissina
677 3032 707 3084 in
728 3031 897 3100 exemplum
917 3030 1044 3084 aliorum
1057 3032 1286 3100 praemissorum
1299 3047 1412 3101 quoque
1427 3039 1538 3088 statu-

230 3125 328 3172 torum
351 3119 519 3190 violatores
548 3126 609 3173 tam
639 3121 800 3186 modernos,
829 3137 919 3189 quam
947 3121 978 3172 in
1007 3119 1145 3172 futurum
1173 3121 1338 3174 existentes
1365 3136 1400 3172 ea
1431 3138 1536 3191 poena

230 3207 394 3278 puniendos
413 3207 510 3262 facere
530 3226 605 3279 quae
628 3208 773 3262 Uladislai
793 3208 874 3276 regis
892 3213 949 3260 art.
968 3208 993 3260 8.
1013 3207 1090 3260 decr.
1116 3209 1133 3260 6
1161 3213 1264 3262 contra
1291 3214 1406 3262 statuta
1438 3216 1536 3282 regni

230 3303 386 3367 peccantes
419 3314 558 3367 expressa
590 3298 705 3364 fuisset,
737 3297 859 3366 praevia
890 3301 991 3350 tamen
1023 3297 1216 3366 inquisitione
1253 3299 1536 3353 commissariorum

230 3386 386 3455 utriusque
405 3391 504 3440 status
523 3404 644 3442 romano
662 3387 778 3440 scilicet
797 3385 938 3439 catholici
960 3393 990 3440 et
1013 3387 1189 3457 evangelici,
1211 3388 1248 3440 ad
1277 3389 1443 3458 praemissa
1473 3389 1536 3442 suh

230 3476 380 3544 praesenti
393 3475 491 3530 adhuc
505 3482 637 3531 tractatu
651 3476 855 3547 eligendorum
868 3481 899 3528 et
912 3475 1170 3546 expediendorum.
1183 3479 1211 3530 A
1224 3477 1279 3530 kir.
1293 3469 1426 3531 biztosok
1441 3494 1514 3532 erre
1528 3496 1535 3530 :

230 3564 294 3618 Hoc
332 3581 446 3636 quoque
479 3568 686 3621 tristissimum
717 3566 802 3620 nobis
832 3565 950 3632 accidit,
983 3571 1138 3636 potestque
1169 3565 1311 3635 accidere,
1343 3565 1418 3637 quod
1462 3578 1535 3638 post

230 3654 367 3708 exhibita
386 3657 545 3726 postulata,
564 3657 675 3726 scripto
694 3655 871 3725 adjungunt,
891 3655 1043 3722 nimirum,
1063 3661 1098 3708 ut
1119 3655 1231 3708 domiui
1260 3654 1408 3720 catholici,
1441 3673 1534 3726 quos-

230 3762 346 3815 cunque
365 3748 397 3800 in
417 3749 588 3818 praemissis
608 3747 704 3800 tribus
724 3747 843 3816 punctis
861 3745 1063 3811 offendissent,
1087 3747 1173 3800 iuxta
1200 3751 1255 3798 art.
1283 3746 1308 3798 8.
1337 3745 1413 3798 decr.
1445 3749 1531 3800 sexti

232 3835 381 3890 Uladislai
403 3836 492 3905 regis,
511 3851 612 3889 omnes
631 3836 813 3905 puniantur;
832 3835 887 3890 hoc
907 3835 1056 3904 postulato
1075 3836 1164 3902 enim,
1184 3836 1338 3888 universos
1360 3834 1421 3887 fere
1452 3835 1533 3890 dnos

230 3924 391 3980 catholicos
420 3926 571 3980 eliminari
599 3932 630 3979 et
649 3927 794 3997 extirpari
814 3927 948 3995 cupiunt,
968 3931 999 3978 et
1018 3924 1138 3995 quidem
1157 3925 1194 3978 cd
1218 3924 1386 3995 simplicem
1406 3929 1530 3979 tantam

229 4012 411 4068 delationem
440 4014 569 4068 Vrarum
598 4014 680 4067 Dom.
700 4014 857 4068 asserendo
875 4019 906 4066 et
926 4014 1001 4066 illud
1023 4013 1216 4067 violationem
1235 4013 1432 4066 articulorum
1452 4031 1530 4081 esse,

229 4101 265 4154 de
288 4119 346 4170 quo
374 4104 404 4154 in
433 4103 698 4157 constitutionibus
725 4119 763 4156 ne
791 4108 935 4173 punctum
964 4102 1083 4172 quidem
1112 4101 1256 4172 habetur;
1285 4103 1346 4155 imo
1373 4105 1528 4156 contraria

231 4192 418 4246 inveniemus
447 4197 508 4246 tam
529 4195 560 4245 in
580 4192 695 4246 iuribus
724 4210 813 4263 quam
841 4193 1035 4246 libertatibus
1063 4194 1173 4246 nostris
1201 4193 1343 4263 antiquis,
1373 4209 1463 4262 quarn
1491 4194 1527 4246 in

230 4281 303 4349 ipsis
321 4281 352 4333 in
372 4281 506 4334 savorem
525 4283 655 4352 ipsorum
674 4299 691 4335 a
711 4282 795 4335 nobis
821 4281 1057 4335 concessionibus
1085 4283 1182 4350 lactis,
1211 4299 1286 4352 quae
1309 4294 1528 4352 apparuerunt.

231 4379 293 4422 tarn
312 4386 349 4424 ex
368 4371 449 4424 dicta
469 4370 673 4440 pacificatione
694 4370 867 4438 Viennensi,
887 4387 976 4442 quam
996 4387 1034 4423 ex
1047 4371 1177 4440 allegato
1190 4370 1339 4424 Matthiae
1352 4369 1528 4425 archiducis

230 4459 461 4528 interpretativo
488 4459 657 4529 diplomate.
678 4459 717 4512 Et
737 4459 809 4512 licet
835 4465 937 4513 contra
965 4476 1058 4512 novas
1086 4459 1154 4512 illas
1183 4460 1392 4526 concessiones,
1421 4459 1526 4528 aliqua

231 4549 434 4616 contigissent,
449 4550 560 4602 haecne
580 4555 625 4602 est
645 4551 703 4617 viu,
723 4554 777 4601 aut
796 4567 888 4619 poena
908 4549 1034 4602 eorum?
1057 4565 1151 4618 neque
1165 4549 1312 4603 articulus
1324 4549 1377 4602 ille
1392 4563 1527 4617 unquam

126 4679 129 4686 .
231 4636 261 4686 in
282 4653 337 4688 usu
357 4637 458 4704 suerit,
477 4638 527 4690 sed
547 4655 642 4708 neque
671 4637 863 4708 qualiumque
885 4643 1068 4690 statutorum
1097 4637 1289 4691 violationem
1317 4633 1528 4694 concernebat.
