<?xml version="1.0" encoding="UTF-8"?>
<!DOCTYPE html PUBLIC "-//W3C//DTD XHTML 1.0 Transitional//EN"
    "http://www.w3.org/TR/xhtml1/DTD/xhtml1-transitional.dtd">
<html xmlns="http://www.w3.org/1999/xhtml" xml:lang="en" lang="en">
 <head>
  <title>
</title>
<meta http-equiv="Content-Type" content="text/html;charset=utf-8" />
  <meta name='ocr-system' content='tesseract 3.04.00' />
  <meta name='ocr-capabilities' content='ocr_page ocr_carea ocr_par ocr_line ocrx_word'/>
</head>
<body>
  <div class='ocr_page' id='page_1' title='image "./enchiridionfont00marcgoog_0448.png"; bbox 0 0 3138 5212; ppageno 0'>
   <div class='ocr_carea' id='block_1_1' title="bbox 225 341 293 407">
    <p class='ocr_par' dir='ltr' id='par_1_1' title="bbox 225 341 293 407">
     <span class='ocr_line' id='line_1_1' title="bbox 225 341 293 407; baseline -0.015 0"><span class='ocrx_word' id='word_1_1' title='bbox 225 341 293 407; x_wconf 81' lang='lat'><strong>426</strong></span> 
     </span>
    </p>
   </div>
   <div class='ocr_carea' id='block_1_2' title="bbox 126 539 1567 1268">
    <p class='ocr_par' dir='ltr' id='par_1_2' title="bbox 126 529 1567 837">
     <span class='ocr_line' id='line_1_2' title="bbox 226 539 1516 622; baseline 0 -18"><span class='ocrx_word' id='word_1_2' title='bbox 226 547 344 604; x_wconf 87' lang='lat' dir='ltr'><strong>contra</strong></span> <span class='ocrx_word' id='word_1_3' title='bbox 369 547 531 622; x_wconf 85' lang='lat' dir='ltr'><strong>receptos,</strong></span> <span class='ocrx_word' id='word_1_4' title='bbox 555 546 638 603; x_wconf 91' lang='lat' dir='ltr'><strong>tunc</strong></span> <span class='ocrx_word' id='word_1_5' title='bbox 661 539 776 604; x_wconf 84' lang='lat' dir='ltr'><strong>Judex</strong></span> <span class='ocrx_word' id='word_1_6' title='bbox 800 539 866 604; x_wconf 91' lang='lat' dir='ltr'><strong>loci</strong></span> <span class='ocrx_word' id='word_1_7' title='bbox 885 539 1067 604; x_wconf 89' lang='lat' dir='ltr'><strong>Justitiam</strong></span> <span class='ocrx_word' id='word_1_8' title='bbox 1099 548 1134 603; x_wconf 90' lang='lat' dir='ltr'><strong>et</strong></span> <span class='ocrx_word' id='word_1_9' title='bbox 1167 539 1346 605; x_wconf 87' lang='lat' dir='ltr'><strong>Judioium</strong></span> <span class='ocrx_word' id='word_1_10' title='bbox 1378 539 1516 622; x_wconf 85' lang='lat' dir='ltr'><strong>faciant,</strong></span> 
     </span>
     <span class='ocr_line' id='line_1_3' title="bbox 226 645 1517 732; baseline 0.002 -22"><span class='ocrx_word' id='word_1_11' title='bbox 226 655 260 711; x_wconf 91' lang='lat' dir='ltr'><strong>et</strong></span> <span class='ocrx_word' id='word_1_12' title='bbox 293 647 385 732; x_wconf 91' lang='lat' dir='ltr'><strong>quod</strong></span> <span class='ocrx_word' id='word_1_13' title='bbox 417 647 514 712; x_wconf 84' lang='lat' dir='ltr'><strong>Jurie</strong></span> <span class='ocrx_word' id='word_1_14' title='bbox 546 645 653 710; x_wconf 88' lang='lat' dir='ltr'><strong>fuerit</strong></span> <span class='ocrx_word' id='word_1_15' title='bbox 685 653 875 732; x_wconf 78' lang='lat' dir='ltr'>exequatur</span> <span class='ocrx_word' id='word_1_16' title='bbox 906 648 936 711; x_wconf 91' lang='lat' dir='ltr'><strong>si</strong></span> <span class='ocrx_word' id='word_1_17' title='bbox 969 669 1029 729; x_wconf 91' lang='lat' dir='ltr'><strong>per</strong></span> <span class='ocrx_word' id='word_1_18' title='bbox 1053 646 1177 711; x_wconf 89' lang='lat' dir='ltr'><strong>bonam</strong></span> <span class='ocrx_word' id='word_1_19' title='bbox 1200 647 1418 712; x_wconf 75' lang='lat' dir='ltr'>concordiam</span> <span class='ocrx_word' id='word_1_20' title='bbox 1442 669 1517 712; x_wconf 87' lang='lat' dir='ltr'><strong>con·</strong></span> 
     </span>
     <span class='ocr_line' id='line_1_4' title="bbox 126 755 643 837; baseline -0.002 -20"><span class='ocrx_word' id='word_1_21' title='bbox 126 775 130 784; x_wconf 92' lang='lat'>·</span> <span class='ocrx_word' id='word_1_22' title='bbox 226 756 342 817; x_wconf 90' lang='lat' dir='ltr'><strong>venire</strong></span> <span class='ocrx_word' id='word_1_23' title='bbox 366 775 435 818; x_wconf 91' lang='lat' dir='ltr'><strong>non</strong></span> <span class='ocrx_word' id='word_1_24' title='bbox 459 755 643 837; x_wconf 86' lang='lat' dir='ltr'><strong>potuerint.</strong></span> 
     </span>
    </p>

    <p class='ocr_par' dir='ltr' id='par_1_3' title="bbox 225 859 1567 1268">
     <span class='ocr_line' id='line_1_5' title="bbox 334 859 1516 947; baseline 0.001 -21"><span class='ocrx_word' id='word_1_25' title='bbox 334 862 371 927; x_wconf 85' lang='lat' dir='ltr'><strong>Si</strong></span> <span class='ocrx_word' id='word_1_26' title='bbox 404 883 481 925; x_wconf 92' lang='lat' dir='ltr'><strong>cum</strong></span> <span class='ocrx_word' id='word_1_27' title='bbox 513 859 670 924; x_wconf 77' lang='lat' dir='ltr'>hostibus</span> <span class='ocrx_word' id='word_1_28' title='bbox 703 861 928 944; x_wconf 89' lang='lat' dir='ltr'><strong>pugnandum</strong></span> <span class='ocrx_word' id='word_1_29' title='bbox 960 859 1049 926; x_wconf 86' lang='lat' dir='ltr'><strong>foret</strong></span> <span class='ocrx_word' id='word_1_30' title='bbox 1082 869 1117 926; x_wconf 89' lang='lat' dir='ltr'><strong>et</strong></span> <span class='ocrx_word' id='word_1_31' title='bbox 1145 862 1277 947; x_wconf 90' lang='lat' dir='ltr'><strong>aliquid</strong></span> <span class='ocrx_word' id='word_1_32' title='bbox 1301 861 1516 927; x_wconf 76' lang='lat' dir='ltr'><strong>infelicitatis</strong></span> 
     </span>
     <span class='ocr_line' id='line_1_6' title="bbox 226 968 1567 1055; baseline 0.001 -22"><span class='ocrx_word' id='word_1_33' title='bbox 226 970 330 1054; x_wconf 89' lang='lat' dir='ltr'><strong>(quod</strong></span> <span class='ocrx_word' id='word_1_34' title='bbox 363 969 446 1032; x_wconf 88' lang='lat' dir='ltr'><strong>deus</strong></span> <span class='ocrx_word' id='word_1_35' title='bbox 474 970 624 1052; x_wconf 88' lang='lat' dir='ltr'><strong>optimus</strong></span> <span class='ocrx_word' id='word_1_36' title='bbox 656 968 806 1046; x_wconf 85' lang='lat' dir='ltr'><strong>avertat)</strong></span> <span class='ocrx_word' id='word_1_37' title='bbox 839 971 1011 1052; x_wconf 81' lang='lat' dir='ltr'><strong>cuippiam</strong></span> <span class='ocrx_word' id='word_1_38' title='bbox 1044 977 1104 1034; x_wconf 88' lang='lat' dir='ltr'><strong>aut</strong></span> <span class='ocrx_word' id='word_1_39' title='bbox 1137 970 1354 1055; x_wconf 79' lang='lat' dir='ltr'><strong>quibuspiam</strong></span> <span class='ocrx_word' id='word_1_40' title='bbox 1387 975 1516 1036; x_wconf 90' lang='lat' dir='ltr'><strong>contin-</strong></span> <span class='ocrx_word' id='word_1_41' title='bbox 1566 981 1567 1054; x_wconf 58' lang='grc' dir='ltr'>ξ</span> 
     </span>
     <span class='ocr_line' id='line_1_7' title="bbox 225 1075 1515 1162; baseline 0.001 -21"><span class='ocrx_word' id='word_1_42' title='bbox 225 1086 331 1162; x_wconf 87' lang='lat' dir='ltr'><strong>geret,</strong></span> <span class='ocrx_word' id='word_1_43' title='bbox 363 1083 447 1140; x_wconf 91' lang='lat' dir='ltr'><strong>tunc</strong></span> <span class='ocrx_word' id='word_1_44' title='bbox 479 1078 505 1140; x_wconf 92' lang='lat' dir='ltr'><strong>ii</strong></span> <span class='ocrx_word' id='word_1_45' title='bbox 533 1075 577 1141; x_wconf 95' lang='lat' dir='ltr'><strong>ob</strong></span> <span class='ocrx_word' id='word_1_46' title='bbox 600 1099 635 1140; x_wconf 88' lang='lat' dir='ltr'><strong>se</strong></span> <span class='ocrx_word' id='word_1_47' title='bbox 656 1079 747 1160; x_wconf 89' lang='lat' dir='ltr'><strong>ipsos</strong></span> <span class='ocrx_word' id='word_1_48' title='bbox 770 1084 805 1140; x_wconf 88' lang='lat' dir='ltr'><strong>et</strong></span> <span class='ocrx_word' id='word_1_49' title='bbox 828 1098 889 1140; x_wconf 90' lang='lat' dir='ltr'><strong>sua</strong></span> <span class='ocrx_word' id='word_1_50' title='bbox 913 1078 1145 1142; x_wconf 82' lang='lat' dir='ltr'><strong>conservanda</strong></span> <span class='ocrx_word' id='word_1_51' title='bbox 1168 1080 1379 1161; x_wconf 88' lang='lat' dir='ltr'><strong>recipiantur</strong></span> <span class='ocrx_word' id='word_1_52' title='bbox 1401 1079 1441 1142; x_wconf 95' lang='lat' dir='ltr'><strong>in</strong></span> <span class='ocrx_word' id='word_1_53' title='bbox 1463 1101 1515 1142; x_wconf 89' lang='lat' dir='ltr'><strong>eas</strong></span> 
     </span>
     <span class='ocr_line' id='line_1_8' title="bbox 226 1181 1079 1268; baseline -0.001 -19"><span class='ocrx_word' id='word_1_54' title='bbox 226 1186 432 1249; x_wconf 75' lang='lat' dir='ltr'><strong>munitiones</strong></span> <span class='ocrx_word' id='word_1_55' title='bbox 456 1204 540 1268; x_wconf 91' lang='lat' dir='ltr'><strong>quas</strong></span> <span class='ocrx_word' id='word_1_56' title='bbox 564 1205 661 1248; x_wconf 88' lang='lat' dir='ltr'><strong>casus</strong></span> <span class='ocrx_word' id='word_1_57' title='bbox 684 1190 719 1247; x_wconf 89' lang='lat' dir='ltr'><strong>et</strong></span> <span class='ocrx_word' id='word_1_58' title='bbox 744 1181 881 1247; x_wconf 83' lang='lat' dir='ltr'><strong>fortuna</strong></span> <span class='ocrx_word' id='word_1_59' title='bbox 905 1183 1079 1248; x_wconf 88' lang='lat' dir='ltr'><strong>obtulerit.</strong></span> 
     </span>
    </p>
   </div>
   <div class='ocr_carea' id='block_1_3' title="bbox 220 1293 1516 3526">
    <p class='ocr_par' dir='ltr' id='par_1_4' title="bbox 220 1293 1514 2230">
     <span class='ocr_line' id='line_1_9' title="bbox 333 1293 1514 1378; baseline 0.001 -23"><span class='ocrx_word' id='word_1_60' title='bbox 333 1293 511 1356; x_wconf 81' lang='lat' dir='ltr'><strong>Statutum</strong></span> <span class='ocrx_word' id='word_1_61' title='bbox 535 1299 586 1354; x_wconf 90' lang='lat' dir='ltr'><strong>est</strong></span> <span class='ocrx_word' id='word_1_62' title='bbox 609 1299 650 1355; x_wconf 88' lang='lat' dir='ltr'><strong>ut</strong></span> <span class='ocrx_word' id='word_1_63' title='bbox 673 1311 772 1355; x_wconf 89' lang='lat' dir='ltr'><strong>nemo</strong></span> <span class='ocrx_word' id='word_1_64' title='bbox 796 1312 948 1376; x_wconf 88' lang='lat' dir='ltr'><strong>unquam</strong></span> <span class='ocrx_word' id='word_1_65' title='bbox 971 1293 1007 1355; x_wconf 93' lang='lat' dir='ltr'><strong>in</strong></span> <span class='ocrx_word' id='word_1_66' title='bbox 1031 1295 1162 1376; x_wconf 88' lang='lat' dir='ltr'><strong>patriae</strong></span> <span class='ocrx_word' id='word_1_67' title='bbox 1187 1295 1372 1376; x_wconf 89' lang='lat' dir='ltr'><strong>perniciem</strong></span> <span class='ocrx_word' id='word_1_68' title='bbox 1400 1293 1514 1378; x_wconf 87' lang='lat' dir='ltr'><strong>aliqua</strong></span> 
     </span>
     <span class='ocr_line' id='line_1_10' title="bbox 226 1397 1514 1486; baseline 0 -22"><span class='ocrx_word' id='word_1_69' title='bbox 226 1400 368 1464; x_wconf 89' lang='lat' dir='ltr'><strong>consilia</strong></span> <span class='ocrx_word' id='word_1_70' title='bbox 401 1406 435 1462; x_wconf 89' lang='lat' dir='ltr'><strong>ot</strong></span> <span class='ocrx_word' id='word_1_71' title='bbox 468 1400 736 1482; x_wconf 85' lang='lat' dir='ltr'><strong>conspirationes</strong></span> <span class='ocrx_word' id='word_1_72' title='bbox 769 1401 871 1480; x_wconf 91' lang='lat' dir='ltr'><strong>ineat,</strong></span> <span class='ocrx_word' id='word_1_73' title='bbox 903 1419 1013 1483; x_wconf 90' lang='lat' dir='ltr'><strong>neque</strong></span> <span class='ocrx_word' id='word_1_74' title='bbox 1047 1397 1214 1464; x_wconf 86' lang='lat' dir='ltr'><strong>factiones</strong></span> <span class='ocrx_word' id='word_1_75' title='bbox 1237 1402 1435 1482; x_wconf 79' lang='lat' dir='ltr'><strong>exsuscitet,</strong></span> <span class='ocrx_word' id='word_1_76' title='bbox 1459 1403 1514 1486; x_wconf 92' lang='lat' dir='ltr'><strong>qui</strong></span> 
     </span>
     <span class='ocr_line' id='line_1_11' title="bbox 226 1505 1514 1592; baseline 0.001 -21"><span class='ocrx_word' id='word_1_77' title='bbox 226 1511 254 1571; x_wconf 91' lang='lat' dir='ltr'><strong>si</strong></span> <span class='ocrx_word' id='word_1_78' title='bbox 293 1506 522 1590; x_wconf 89' lang='lat' dir='ltr'><strong>deprehensus</strong></span> <span class='ocrx_word' id='word_1_79' title='bbox 560 1513 595 1569; x_wconf 90' lang='lat' dir='ltr'><strong>et</strong></span> <span class='ocrx_word' id='word_1_80' title='bbox 634 1505 800 1590; x_wconf 84' lang='lat' dir='ltr'><strong>legitimis</strong></span> <span class='ocrx_word' id='word_1_81' title='bbox 840 1505 986 1570; x_wconf 90' lang='lat' dir='ltr'><strong>testibus</strong></span> <span class='ocrx_word' id='word_1_82' title='bbox 1025 1509 1203 1571; x_wconf 88' lang='lat' dir='ltr'><strong>convictus</strong></span> <span class='ocrx_word' id='word_1_83' title='bbox 1245 1529 1359 1572; x_wconf 90' lang='lat' dir='ltr'><strong>coram</strong></span> <span class='ocrx_word' id='word_1_84' title='bbox 1397 1505 1514 1592; x_wconf 87' lang='lat' dir='ltr'><strong>judice</strong></span> 
     </span>
     <span class='ocr_line' id='line_1_12' title="bbox 225 1611 1513 1697; baseline 0.002 -19"><span class='ocrx_word' id='word_1_85' title='bbox 225 1615 393 1678; x_wconf 89' lang='lat' dir='ltr'><strong>ordinaris</strong></span> <span class='ocrx_word' id='word_1_86' title='bbox 416 1615 515 1697; x_wconf 89' lang='lat' dir='ltr'><strong>regni</strong></span> <span class='ocrx_word' id='word_1_87' title='bbox 539 1611 654 1693; x_wconf 87' lang='lat' dir='ltr'><strong>fuerit,</strong></span> <span class='ocrx_word' id='word_1_88' title='bbox 678 1619 761 1676; x_wconf 91' lang='lat' dir='ltr'><strong>tuno</strong></span> <span class='ocrx_word' id='word_1_89' title='bbox 786 1615 949 1696; x_wconf 90' lang='lat' dir='ltr'><strong>puniatur</strong></span> <span class='ocrx_word' id='word_1_90' title='bbox 965 1613 1087 1677; x_wconf 89' lang='lat' dir='ltr'><strong>ultimo</strong></span> <span class='ocrx_word' id='word_1_91' title='bbox 1104 1614 1270 1697; x_wconf 89' lang='lat' dir='ltr'><strong>supplicio</strong></span> <span class='ocrx_word' id='word_1_92' title='bbox 1286 1623 1321 1679; x_wconf 89' lang='lat' dir='ltr'><strong>et</strong></span> <span class='ocrx_word' id='word_1_93' title='bbox 1338 1619 1513 1680; x_wconf 88' lang='lat' dir='ltr'><strong>ammittat</strong></span> 
     </span>
     <span class='ocr_line' id='line_1_13' title="bbox 225 1719 1514 1806; baseline -0.001 -20"><span class='ocrx_word' id='word_1_94' title='bbox 225 1722 322 1800; x_wconf 84' lang='lat' dir='ltr'><strong>bona,</strong></span> <span class='ocrx_word' id='word_1_95' title='bbox 341 1742 426 1806; x_wconf 87' lang='lat' dir='ltr'><strong>quae</strong></span> <span class='ocrx_word' id='word_1_96' title='bbox 450 1741 547 1783; x_wconf 89' lang='lat' dir='ltr'><strong>suam</strong></span> <span class='ocrx_word' id='word_1_97' title='bbox 571 1741 749 1803; x_wconf 89' lang='lat' dir='ltr'><strong>personam</strong></span> <span class='ocrx_word' id='word_1_98' title='bbox 772 1727 990 1803; x_wconf 86' lang='lat' dir='ltr'><strong>concernunt,</strong></span> <span class='ocrx_word' id='word_1_99' title='bbox 1013 1719 1118 1784; x_wconf 85' lang='lat' dir='ltr'><strong>salvis</strong></span> <span class='ocrx_word' id='word_1_100' title='bbox 1141 1721 1218 1784; x_wconf 92' lang='lat' dir='ltr'><strong>aliis</strong></span> <span class='ocrx_word' id='word_1_101' title='bbox 1244 1720 1341 1785; x_wconf 89' lang='lat' dir='ltr'><strong>bonis</strong></span> <span class='ocrx_word' id='word_1_102' title='bbox 1374 1743 1514 1786; x_wconf 90' lang='lat' dir='ltr'><strong>uxorem</strong></span> 
     </span>
     <span class='ocr_line' id='line_1_14' title="bbox 224 1824 1512 1914; baseline 0 -22"><span class='ocrx_word' id='word_1_103' title='bbox 224 1836 259 1892; x_wconf 90' lang='lat' dir='ltr'><strong>et</strong></span> <span class='ocrx_word' id='word_1_104' title='bbox 282 1828 371 1892; x_wconf 91' lang='lat' dir='ltr'><strong>filios</strong></span> <span class='ocrx_word' id='word_1_105' title='bbox 386 1848 504 1892; x_wconf 92' lang='lat' dir='ltr'><strong>eorum</strong></span> <span class='ocrx_word' id='word_1_106' title='bbox 520 1824 811 1891; x_wconf 87' lang='lat' dir='ltr'><strong>concernentibus.</strong></span> <span class='ocrx_word' id='word_1_107' title='bbox 829 1826 925 1890; x_wconf 88' lang='lat' dir='ltr'><strong>Bona</strong></span> <span class='ocrx_word' id='word_1_108' title='bbox 941 1847 1022 1890; x_wconf 90' lang='lat' dir='ltr'><strong>vero</strong></span> <span class='ocrx_word' id='word_1_109' title='bbox 1038 1827 1236 1892; x_wconf 89' lang='lat' dir='ltr'><strong>huiusmodi</strong></span> <span class='ocrx_word' id='word_1_110' title='bbox 1252 1832 1512 1914; x_wconf 83' lang='lat' dir='ltr'><strong>transgressoris</strong></span> 
     </span>
     <span class='ocr_line' id='line_1_15' title="bbox 220 1929 1514 2019; baseline 0.002 -21"><span class='ocrx_word' id='word_1_111' title='bbox 220 1932 328 2018; x_wconf 88' lang='lat' dir='ltr'><strong>judex</strong></span> <span class='ocrx_word' id='word_1_112' title='bbox 356 1934 471 2017; x_wconf 84' lang='lat' dir='ltr'><strong>Regni</strong></span> <span class='ocrx_word' id='word_1_113' title='bbox 503 1932 695 1996; x_wconf 90' lang='lat' dir='ltr'><strong>ordinarius</strong></span> <span class='ocrx_word' id='word_1_114' title='bbox 728 1934 834 2014; x_wconf 89' lang='lat' dir='ltr'><strong>possit</strong></span> <span class='ocrx_word' id='word_1_115' title='bbox 867 1931 1021 1997; x_wconf 86' lang='lat' dir='ltr'><strong>conferre</strong></span> <span class='ocrx_word' id='word_1_116' title='bbox 1051 1929 1152 2015; x_wconf 82' lang='lat' dir='ltr'><strong>juxta</strong></span> <span class='ocrx_word' id='word_1_117' title='bbox 1175 1937 1354 2019; x_wconf 88' lang='lat' dir='ltr'><strong>antiquam</strong></span> <span class='ocrx_word' id='word_1_118' title='bbox 1378 1958 1514 2000; x_wconf 85' lang='lat' dir='ltr'><strong>consve-</strong></span> 
     </span>
     <span class='ocr_line' id='line_1_16' title="bbox 224 2037 1514 2125; baseline 0.003 -21"><span class='ocrx_word' id='word_1_119' title='bbox 224 2041 380 2104; x_wconf 89' lang='lat' dir='ltr'><strong>tudinem</strong></span> <span class='ocrx_word' id='word_1_120' title='bbox 403 2039 653 2104; x_wconf 86' lang='lat' dir='ltr'><strong>Waivodarum</strong></span> <span class='ocrx_word' id='word_1_121' title='bbox 675 2045 711 2102; x_wconf 88' lang='lat' dir='ltr'><strong>ct</strong></span> <span class='ocrx_word' id='word_1_122' title='bbox 734 2037 866 2123; x_wconf 88' lang='lat' dir='ltr'><strong>reliqua</strong></span> <span class='ocrx_word' id='word_1_123' title='bbox 890 2038 978 2103; x_wconf 90' lang='lat' dir='ltr'><strong>bona</strong></span> <span class='ocrx_word' id='word_1_124' title='bbox 1001 2042 1031 2104; x_wconf 86' lang='lat' dir='ltr'><strong>si</strong></span> <span class='ocrx_word' id='word_1_125' title='bbox 1054 2061 1141 2125; x_wconf 89' lang='lat' dir='ltr'><strong>quae</strong></span> <span class='ocrx_word' id='word_1_126' title='bbox 1157 2040 1400 2125; x_wconf 86' lang='lat' dir='ltr'><strong>superfuerint,</strong></span> <span class='ocrx_word' id='word_1_127' title='bbox 1418 2045 1514 2108; x_wconf 92' lang='lat' dir='ltr'><strong>Prin·</strong></span> 
     </span>
     <span class='ocr_line' id='line_1_17' title="bbox 224 2143 610 2230; baseline -0.005 -20"><span class='ocrx_word' id='word_1_128' title='bbox 224 2169 301 2230; x_wconf 89' lang='lat' dir='ltr'><strong>ceps</strong></span> <span class='ocrx_word' id='word_1_129' title='bbox 325 2149 423 2230; x_wconf 89' lang='lat' dir='ltr'><strong>regni</strong></span> <span class='ocrx_word' id='word_1_130' title='bbox 447 2143 610 2209; x_wconf 84' lang='lat' dir='ltr'><strong>conferat.</strong></span> 
     </span>
    </p>

    <p class='ocr_par' dir='ltr' id='par_1_5' title="bbox 223 2253 1516 2768">
     <span class='ocr_line' id='line_1_18' title="bbox 332 2253 1514 2342; baseline 0.004 -24"><span class='ocrx_word' id='word_1_131' title='bbox 332 2254 381 2319; x_wconf 89' lang='lat' dir='ltr'><strong>Ut</strong></span> <span class='ocrx_word' id='word_1_132' title='bbox 414 2253 574 2319; x_wconf 78' lang='lat' dir='ltr'><strong>obvietur</strong></span> <span class='ocrx_word' id='word_1_133' title='bbox 606 2256 821 2337; x_wconf 86' lang='lat' dir='ltr'><strong>privatorum</strong></span> <span class='ocrx_word' id='word_1_134' title='bbox 853 2255 998 2318; x_wconf 88' lang='lat' dir='ltr'><strong>diversis</strong></span> <span class='ocrx_word' id='word_1_135' title='bbox 1030 2255 1154 2320; x_wconf 86' lang='lat' dir='ltr'><strong>studiis</strong></span> <span class='ocrx_word' id='word_1_136' title='bbox 1187 2263 1223 2320; x_wconf 90' lang='lat' dir='ltr'><strong>et</strong></span> <span class='ocrx_word' id='word_1_137' title='bbox 1256 2258 1514 2342; x_wconf 79' lang='lat' dir='ltr'><strong>cupiditatibus,</strong></span> 
     </span>
     <span class='ocr_line' id='line_1_19' title="bbox 224 2359 1514 2447; baseline 0.004 -21"><span class='ocrx_word' id='word_1_138' title='bbox 224 2369 395 2427; x_wconf 88' lang='lat' dir='ltr'><strong>statutum</strong></span> <span class='ocrx_word' id='word_1_139' title='bbox 429 2368 489 2442; x_wconf 91' lang='lat' dir='ltr'><strong>est,</strong></span> <span class='ocrx_word' id='word_1_140' title='bbox 522 2367 562 2424; x_wconf 92' lang='lat' dir='ltr'><strong>ut</strong></span> <span class='ocrx_word' id='word_1_141' title='bbox 594 2361 709 2425; x_wconf 88' lang='lat' dir='ltr'><strong>nullus</strong></span> <span class='ocrx_word' id='word_1_142' title='bbox 742 2359 932 2445; x_wconf 84' lang='lat' dir='ltr'><strong>cujuspiam</strong></span> <span class='ocrx_word' id='word_1_143' title='bbox 956 2369 1067 2426; x_wconf 88' lang='lat' dir='ltr'><strong>status</strong></span> <span class='ocrx_word' id='word_1_144' title='bbox 1091 2371 1125 2427; x_wconf 90' lang='lat' dir='ltr'><strong>et</strong></span> <span class='ocrx_word' id='word_1_145' title='bbox 1149 2363 1356 2429; x_wconf 91' lang='lat' dir='ltr'><strong>conditionis</strong></span> <span class='ocrx_word' id='word_1_146' title='bbox 1379 2369 1514 2447; x_wconf 88' lang='lat' dir='ltr'><strong>existat,</strong></span> 
     </span>
     <span class='ocr_line' id='line_1_20' title="bbox 223 2469 1516 2554; baseline 0.005 -22"><span class='ocrx_word' id='word_1_147' title='bbox 223 2471 349 2533; x_wconf 89' lang='lat' dir='ltr'><strong>audeat</strong></span> <span class='ocrx_word' id='word_1_148' title='bbox 373 2490 451 2532; x_wconf 93' lang='lat' dir='ltr'><strong>cum</strong></span> <span class='ocrx_word' id='word_1_149' title='bbox 475 2471 620 2551; x_wconf 87' lang='lat' dir='ltr'><strong>pernitie</strong></span> <span class='ocrx_word' id='word_1_150' title='bbox 654 2472 784 2552; x_wconf 88' lang='lat' dir='ltr'><strong>patriae</strong></span> <span class='ocrx_word' id='word_1_151' title='bbox 816 2469 955 2554; x_wconf 86' lang='lat' dir='ltr'><strong>aliquod</strong></span> <span class='ocrx_word' id='word_1_152' title='bbox 989 2471 1204 2536; x_wconf 90' lang='lat' dir='ltr'><strong>commodum</strong></span> <span class='ocrx_word' id='word_1_153' title='bbox 1236 2494 1295 2536; x_wconf 87' lang='lat' dir='ltr'><strong>seu</strong></span> <span class='ocrx_word' id='word_1_154' title='bbox 1327 2473 1516 2539; x_wconf 86' lang='lat' dir='ltr'><strong>utilitatem</strong></span> 
     </span>
     <span class='ocr_line' id='line_1_21' title="bbox 225 2577 1515 2666; baseline 0.004 -25"><span class='ocrx_word' id='word_1_155' title='bbox 225 2580 395 2661; x_wconf 87' lang='lat' dir='ltr'><strong>privatam</strong></span> <span class='ocrx_word' id='word_1_156' title='bbox 418 2598 567 2660; x_wconf 89' lang='lat' dir='ltr'><strong>querere,</strong></span> <span class='ocrx_word' id='word_1_157' title='bbox 591 2577 835 2662; x_wconf 80' lang='lat' dir='ltr'><strong>Transgressor</strong></span> <span class='ocrx_word' id='word_1_158' title='bbox 856 2599 938 2642; x_wconf 85' lang='lat' dir='ltr'><strong>vero</strong></span> <span class='ocrx_word' id='word_1_159' title='bbox 962 2581 1140 2644; x_wconf 85' lang='lat' dir='ltr'><strong>convictus</strong></span> <span class='ocrx_word' id='word_1_160' title='bbox 1163 2580 1326 2664; x_wconf 86' lang='lat' dir='ltr'><strong>legitime,</strong></span> <span class='ocrx_word' id='word_1_161' title='bbox 1350 2589 1390 2646; x_wconf 91' lang='lat' dir='ltr'><strong>ut</strong></span> <span class='ocrx_word' id='word_1_162' title='bbox 1423 2605 1515 2666; x_wconf 87' lang='lat' dir='ltr'><strong>prae-</strong></span> 
     </span>
     <span class='ocr_line' id='line_1_22' title="bbox 224 2683 1015 2768; baseline 0.003 -20"><span class='ocrx_word' id='word_1_163' title='bbox 224 2687 364 2748; x_wconf 90' lang='lat' dir='ltr'><strong>missum</strong></span> <span class='ocrx_word' id='word_1_164' title='bbox 388 2691 448 2764; x_wconf 84' lang='lat' dir='ltr'><strong>est,</strong></span> <span class='ocrx_word' id='word_1_165' title='bbox 473 2705 574 2766; x_wconf 89' lang='lat' dir='ltr'><strong>penes</strong></span> <span class='ocrx_word' id='word_1_166' title='bbox 597 2685 810 2768; x_wconf 89' lang='lat' dir='ltr'><strong>supradictos</strong></span> <span class='ocrx_word' id='word_1_167' title='bbox 834 2683 1015 2750; x_wconf 88' lang='lat' dir='ltr'><strong>officiatur.</strong></span> 
     </span>
    </p>

    <p class='ocr_par' dir='ltr' id='par_1_6' title="bbox 223 2790 1515 3092">
     <span class='ocr_line' id='line_1_23' title="bbox 329 2790 1515 2877; baseline 0.007 -23"><span class='ocrx_word' id='word_1_168' title='bbox 329 2790 514 2854; x_wconf 88' lang='lat' dir='ltr'><strong>Decretum</strong></span> <span class='ocrx_word' id='word_1_169' title='bbox 538 2799 598 2872; x_wconf 88' lang='lat' dir='ltr'><strong>est,</strong></span> <span class='ocrx_word' id='word_1_170' title='bbox 614 2792 704 2876; x_wconf 93' lang='lat' dir='ltr'><strong>quod</strong></span> <span class='ocrx_word' id='word_1_171' title='bbox 722 2814 820 2857; x_wconf 90' lang='lat' dir='ltr'><strong>nemo</strong></span> <span class='ocrx_word' id='word_1_172' title='bbox 836 2793 961 2857; x_wconf 88' lang='lat' dir='ltr'><strong>audeat</strong></span> <span class='ocrx_word' id='word_1_173' title='bbox 978 2815 1038 2858; x_wconf 91' lang='lat' dir='ltr'><strong>suo</strong></span> <span class='ocrx_word' id='word_1_174' title='bbox 1054 2796 1162 2877; x_wconf 89' lang='lat' dir='ltr'><strong>ipsius</strong></span> <span class='ocrx_word' id='word_1_175' title='bbox 1180 2795 1321 2858; x_wconf 91' lang='lat' dir='ltr'><strong>consilio</strong></span> <span class='ocrx_word' id='word_1_176' title='bbox 1339 2803 1374 2860; x_wconf 91' lang='lat' dir='ltr'><strong>et</strong></span> <span class='ocrx_word' id='word_1_177' title='bbox 1390 2806 1515 2862; x_wconf 90' lang='lat' dir='ltr'><strong>conatu</strong></span> 
     </span>
     <span class='ocr_line' id='line_1_24' title="bbox 223 2897 1515 2988; baseline 0.006 -28"><span class='ocrx_word' id='word_1_178' title='bbox 223 2898 265 2960; x_wconf 91' lang='lat' dir='ltr'><strong>de</strong></span> <span class='ocrx_word' id='word_1_179' title='bbox 290 2900 485 2981; x_wconf 88' lang='lat' dir='ltr'><strong>principatu</strong></span> <span class='ocrx_word' id='word_1_180' title='bbox 507 2897 637 2983; x_wconf 87' lang='lat' dir='ltr'><strong>aliquid</strong></span> <span class='ocrx_word' id='word_1_181' title='bbox 662 2907 821 2982; x_wconf 85' lang='lat' dir='ltr'><strong>statuere,</strong></span> <span class='ocrx_word' id='word_1_182' title='bbox 845 2901 904 2964; x_wconf 92' lang='lat' dir='ltr'><strong>sed</strong></span> <span class='ocrx_word' id='word_1_183' title='bbox 929 2901 1031 2964; x_wconf 90' lang='lat' dir='ltr'><strong>simul</strong></span> <span class='ocrx_word' id='word_1_184' title='bbox 1055 2923 1132 2966; x_wconf 91' lang='lat' dir='ltr'><strong>cum</strong></span> <span class='ocrx_word' id='word_1_185' title='bbox 1156 2903 1313 2967; x_wconf 91' lang='lat' dir='ltr'><strong>omnibus</strong></span> <span class='ocrx_word' id='word_1_186' title='bbox 1330 2905 1515 2988; x_wconf 87' lang='lat' dir='ltr'><strong>regnicolis</strong></span> 
     </span>
     <span class='ocr_line' id='line_1_25' title="bbox 224 3004 1513 3092; baseline 0.006 -25"><span class='ocrx_word' id='word_1_187' title='bbox 224 3006 395 3068; x_wconf 89' lang='lat' dir='ltr'><strong>communi</strong></span> <span class='ocrx_word' id='word_1_188' title='bbox 419 3004 665 3070; x_wconf 84' lang='lat' dir='ltr'><strong>deliberatione</strong></span> <span class='ocrx_word' id='word_1_189' title='bbox 689 3006 723 3069; x_wconf 93' lang='lat' dir='ltr'><strong>id</strong></span> <span class='ocrx_word' id='word_1_190' title='bbox 749 3014 881 3090; x_wconf 85' lang='lat' dir='ltr'><strong>agatur,</strong></span> <span class='ocrx_word' id='word_1_191' title='bbox 906 3028 1012 3090; x_wconf 90' lang='lat' dir='ltr'><strong>poena</strong></span> <span class='ocrx_word' id='word_1_192' title='bbox 1037 3007 1197 3072; x_wconf 87' lang='lat' dir='ltr'><strong>similiter</strong></span> <span class='ocrx_word' id='word_1_193' title='bbox 1219 3007 1283 3072; x_wconf 91' lang='lat' dir='ltr'><strong>sub</strong></span> <span class='ocrx_word' id='word_1_194' title='bbox 1309 3013 1513 3092; x_wconf 69' lang='lat' dir='ltr'><strong>praemissal</strong></span> 
     </span>
    </p>

    <p class='ocr_par' dir='ltr' id='par_1_7' title="bbox 222 3111 1515 3526">
     <span class='ocr_line' id='line_1_26' title="bbox 329 3111 1515 3200; baseline 0.007 -26"><span class='ocrx_word' id='word_1_195' title='bbox 329 3111 515 3176; x_wconf 89' lang='lat' dir='ltr'><strong>Decretum</strong></span> <span class='ocrx_word' id='word_1_196' title='bbox 555 3120 615 3194; x_wconf 90' lang='lat' dir='ltr'><strong>est,</strong></span> <span class='ocrx_word' id='word_1_197' title='bbox 659 3120 698 3176; x_wconf 92' lang='lat' dir='ltr'><strong>ut</strong></span> <span class='ocrx_word' id='word_1_198' title='bbox 739 3115 933 3199; x_wconf 90' lang='lat' dir='ltr'><strong>quicunque</strong></span> <span class='ocrx_word' id='word_1_199' title='bbox 974 3121 1240 3200; x_wconf 87' lang='lat' dir='ltr'><strong>transgressores</strong></span> <span class='ocrx_word' id='word_1_200' title='bbox 1282 3117 1515 3200; x_wconf 88' lang='lat' dir='ltr'><strong>praefatorum</strong></span> 
     </span>
     <span class='ocr_line' id='line_1_27' title="bbox 222 3219 1513 3307; baseline 0.008 -27"><span class='ocrx_word' id='word_1_201' title='bbox 222 3219 445 3283; x_wconf 90' lang='lat' dir='ltr'><strong>articulorum</strong></span> <span class='ocrx_word' id='word_1_202' title='bbox 472 3226 507 3282; x_wconf 89' lang='lat' dir='ltr'><strong>et</strong></span> <span class='ocrx_word' id='word_1_203' title='bbox 540 3220 739 3284; x_wconf 89' lang='lat' dir='ltr'><strong>concordiae</strong></span> <span class='ocrx_word' id='word_1_204' title='bbox 772 3219 944 3286; x_wconf 87' lang='lat' dir='ltr'><strong>fraternae</strong></span> <span class='ocrx_word' id='word_1_205' title='bbox 976 3222 1195 3307; x_wconf 87' lang='lat' dir='ltr'><strong>intellexerit,</strong></span> <span class='ocrx_word' id='word_1_206' title='bbox 1234 3224 1314 3288; x_wconf 89' lang='lat' dir='ltr'><strong>talis</strong></span> <span class='ocrx_word' id='word_1_207' title='bbox 1352 3233 1513 3290; x_wconf 91' lang='lat' dir='ltr'><strong>teneatur</strong></span> 
     </span>
     <span class='ocr_line' id='line_1_28' title="bbox 222 3325 1515 3416; baseline 0.007 -28"><span class='ocrx_word' id='word_1_208' title='bbox 222 3325 341 3389; x_wconf 85' lang='lat' dir='ltr'><strong>Judioi</strong></span> <span class='ocrx_word' id='word_1_209' title='bbox 357 3326 529 3390; x_wconf 87' lang='lat' dir='ltr'><strong>ordinario</strong></span> <span class='ocrx_word' id='word_1_210' title='bbox 546 3329 643 3410; x_wconf 90' lang='lat' dir='ltr'><strong>regni</strong></span> <span class='ocrx_word' id='word_1_211' title='bbox 663 3331 803 3410; x_wconf 89' lang='lat' dir='ltr'><strong>aperire.</strong></span> <span class='ocrx_word' id='word_1_212' title='bbox 827 3329 942 3393; x_wconf 85' lang='lat' dir='ltr'><strong>Judex</strong></span> <span class='ocrx_word' id='word_1_213' title='bbox 967 3351 1047 3394; x_wconf 86' lang='lat' dir='ltr'><strong>vero</strong></span> <span class='ocrx_word' id='word_1_214' title='bbox 1071 3331 1264 3394; x_wconf 91' lang='lat' dir='ltr'><strong>ordinarius</strong></span> <span class='ocrx_word' id='word_1_215' title='bbox 1293 3332 1448 3416; x_wconf 89' lang='lat' dir='ltr'><strong>Principi</strong></span> <span class='ocrx_word' id='word_1_216' title='bbox 1481 3341 1515 3397; x_wconf 91' lang='lat' dir='ltr'><strong>et</strong></span> 
     </span>
     <span class='ocr_line' id='line_1_29' title="bbox 223 3431 1514 3526; baseline 0.009 -32"><span class='ocrx_word' id='word_1_217' title='bbox 223 3431 461 3496; x_wconf 81' lang='lat' dir='ltr'><strong>consiliosius</strong></span> <span class='ocrx_word' id='word_1_218' title='bbox 499 3432 692 3514; x_wconf 81' lang='lat' dir='ltr'><strong>patefaciat.</strong></span> <span class='ocrx_word' id='word_1_219' title='bbox 727 3435 906 3499; x_wconf 86' lang='lat' dir='ltr'><strong>Statutum</strong></span> <span class='ocrx_word' id='word_1_220' title='bbox 938 3444 999 3518; x_wconf 90' lang='lat' dir='ltr'><strong>est,</strong></span> <span class='ocrx_word' id='word_1_221' title='bbox 1032 3444 1072 3500; x_wconf 91' lang='lat' dir='ltr'><strong>ut</strong></span> <span class='ocrx_word' id='word_1_222' title='bbox 1104 3439 1293 3520; x_wconf 88' lang='lat' dir='ltr'><strong>principem</strong></span> <span class='ocrx_word' id='word_1_223' title='bbox 1326 3445 1361 3503; x_wconf 90' lang='lat' dir='ltr'><strong>et</strong></span> <span class='ocrx_word' id='word_1_224' title='bbox 1399 3440 1514 3526; x_wconf 87' lang='lat' dir='ltr'><strong>Regni</strong></span> 
     </span>
    </p>
   </div>
   <div class='ocr_carea' id='block_1_4' title="bbox 923 3737 1515 3901">
    <p class='ocr_par' dir='ltr' id='par_1_8' title="bbox 923 3737 1515 3901">
     <span class='ocr_line' id='line_1_30' title="bbox 924 3737 1515 3795; baseline 0.008 -5"><span class='ocrx_word' id='word_1_225' title='bbox 924 3737 1021 3792; x_wconf 89' lang='lat' dir='ltr'><strong>filium</strong></span> <span class='ocrx_word' id='word_1_226' title='bbox 1039 3739 1222 3792; x_wconf 88' lang='lat' dir='ltr'><strong>serenissimi</strong></span> <span class='ocrx_word' id='word_1_227' title='bbox 1250 3737 1363 3792; x_wconf 90' lang='lat' dir='ltr'><strong>domini</strong></span> <span class='ocrx_word' id='word_1_228' title='bbox 1389 3739 1515 3795; x_wconf 87' lang='lat' dir='ltr'><strong>Joannis</strong></span> 
     </span>
     <span class='ocr_line' id='line_1_31' title="bbox 923 3828 1514 3901; baseline 0.003 -19"><span class='ocrx_word' id='word_1_229' title='bbox 923 3829 1017 3898; x_wconf 85' lang='lat' dir='ltr'><strong>Regis</strong></span> <span class='ocrx_word' id='word_1_230' title='bbox 1056 3828 1186 3881; x_wconf 91' lang='lat' dir='ltr'><strong>voluerit</strong></span> <span class='ocrx_word' id='word_1_231' title='bbox 1226 3845 1361 3898; x_wconf 88' lang='lat' dir='ltr'><strong>praeesse</strong></span> <span class='ocrx_word' id='word_1_232' title='bbox 1401 3829 1514 3901; x_wconf 83' lang='lat' dir='ltr'><strong>Regno,</strong></span> 
     </span>
    </p>
   </div>
   <div class='ocr_carea' id='block_1_5' title="bbox 222 3730 816 3898">
    <p class='ocr_par' dir='ltr' id='par_1_9' title="bbox 222 3730 816 3898">
     <span class='ocr_line' id='line_1_32' title="bbox 278 3730 815 3805; baseline 0.007 -21"><span class='ocrx_word' id='word_1_233' title='bbox 278 3743 287 3769; x_wconf 59' lang='grc' dir='ltr'>τ</span> <span class='ocrx_word' id='word_1_234' title='bbox 306 3730 474 3803; x_wconf 74' lang='lat' dir='ltr'><strong>Kiogdszr&#39;ti</strong></span> <span class='ocrx_word' id='word_1_235' title='bbox 488 3750 504 3787; x_wconf 90' lang='lat' dir='ltr'><strong>o</strong></span> <span class='ocrx_word' id='word_1_236' title='bbox 518 3739 622 3805; x_wconf 90' lang='lat' dir='ltr'><strong>pontot</strong></span> <span class='ocrx_word' id='word_1_237' title='bbox 635 3752 649 3790; x_wconf 88' lang='lat' dir='ltr'><strong>s</strong></span> <span class='ocrx_word' id='word_1_238' title='bbox 662 3734 815 3788; x_wconf 76' lang='lat' dir='ltr'><strong>tltaltban</strong></span> 
     </span>
     <span class='ocr_line' id='line_1_33' title="bbox 222 3821 816 3898; baseline 0.005 -22"><span class='ocrx_word' id='word_1_239' title='bbox 222 3841 239 3876; x_wconf 88' lang='lat' dir='ltr'><strong>a</strong></span> <span class='ocrx_word' id='word_1_240' title='bbox 267 3821 371 3876; x_wconf 73' lang='lat' dir='ltr'><strong>hirom</strong></span> <span class='ocrx_word' id='word_1_241' title='bbox 398 3829 516 3898; x_wconf 80' lang='lat' dir='ltr'><strong>nomast</strong></span> <span class='ocrx_word' id='word_1_242' title='bbox 545 3824 660 3894; x_wconf 78' lang='lat' dir='ltr'><strong>unitjat</strong></span> <span class='ocrx_word' id='word_1_243' title='bbox 688 3842 722 3877; x_wconf 89' lang='lat' dir='ltr'><strong>az</strong></span> <span class='ocrx_word' id='word_1_244' title='bbox 746 3825 816 3879; x_wconf 78' lang='lat'>1543</span> 
     </span>
    </p>
   </div>
   <div class='ocr_carea' id='block_1_6' title="bbox 220 3911 815 4700">
    <p class='ocr_par' dir='ltr' id='par_1_10' title="bbox 220 3911 815 4700">
     <span class='ocr_line' id='line_1_34' title="bbox 221 3911 815 3967; baseline 0.002 -3"><span class='ocrx_word' id='word_1_245' title='bbox 221 3911 342 3964; x_wconf 76' lang='lat' dir='ltr'><strong>februtr</strong></span> <span class='ocrx_word' id='word_1_246' title='bbox 373 3912 460 3965; x_wconf 75' lang='lat' dir='ltr'><strong>asan</strong></span> <span class='ocrx_word' id='word_1_247' title='bbox 492 3912 670 3967; x_wconf 79' lang='lat' dir='ltr'><strong>Kolozsutrt</strong></span> <span class='ocrx_word' id='word_1_248' title='bbox 708 3917 815 3966; x_wconf 85' lang='lat' dir='ltr'><strong>tartott</strong></span> 
     </span>
     <span class='ocr_line' id='line_1_35' title="bbox 221 3999 814 4073; baseline 0.005 -20"><span class='ocrx_word' id='word_1_249' title='bbox 221 3999 431 4071; x_wconf 71' lang='lat' dir='ltr'><strong>orszbggytlles</strong></span> <span class='ocrx_word' id='word_1_250' title='bbox 471 4002 635 4057; x_wconf 76' lang='lat' dir='ltr'><strong>kdvetlrezd</strong></span> <span class='ocrx_word' id='word_1_251' title='bbox 673 4001 814 4073; x_wconf 73' lang='lat' dir='ltr'><strong>vc&#39;gzese:</strong></span> 
     </span>
     <span class='ocr_line' id='line_1_36' title="bbox 223 4090 815 4160; baseline 0.01 -20"><span class='ocrx_word' id='word_1_252' title='bbox 223 4090 285 4143; x_wconf 78' lang='lat' dir='ltr'><strong>»Ex</strong></span> <span class='ocrx_word' id='word_1_253' title='bbox 304 4091 433 4160; x_wconf 88' lang='lat' dir='ltr'><strong>singulis</strong></span> <span class='ocrx_word' id='word_1_254' title='bbox 452 4092 625 4146; x_wconf 88' lang='lat' dir='ltr'><strong>nationibus</strong></span> <span class='ocrx_word' id='word_1_255' title='bbox 653 4094 815 4146; x_wconf 90' lang='lat' dir='ltr'><strong>mittantur</strong></span> 
     </span>
     <span class='ocr_line' id='line_1_37' title="bbox 221 4180 815 4252; baseline 0.005 -18"><span class='ocrx_word' id='word_1_256' title='bbox 221 4180 334 4250; x_wconf 90' lang='lat' dir='ltr'><strong>singuli</strong></span> <span class='ocrx_word' id='word_1_257' title='bbox 369 4181 480 4234; x_wconf 91' lang='lat' dir='ltr'><strong>Nuncii</strong></span> <span class='ocrx_word' id='word_1_258' title='bbox 520 4182 556 4234; x_wconf 91' lang='lat' dir='ltr'><strong>ad</strong></span> <span class='ocrx_word' id='word_1_259' title='bbox 600 4183 815 4252; x_wconf 82' lang='lat' dir='ltr'><strong>Imperatorem</strong></span> 
     </span>
     <span class='ocr_line' id='line_1_38' title="bbox 222 4271 813 4344; baseline 0.008 -21"><span class='ocrx_word' id='word_1_260' title='bbox 222 4271 387 4326; x_wconf 87' lang='lat' dir='ltr'><strong>Turcarum</strong></span> <span class='ocrx_word' id='word_1_261' title='bbox 424 4291 491 4326; x_wconf 88' lang='lat' dir='ltr'><strong>oum</strong></span> <span class='ocrx_word' id='word_1_262' title='bbox 529 4273 626 4327; x_wconf 90' lang='lat' dir='ltr'><strong>Censu</strong></span> <span class='ocrx_word' id='word_1_263' title='bbox 657 4275 813 4344; x_wconf 78' lang='lat' dir='ltr'><strong>oil&#39;erendo,</strong></span> 
     </span>
     <span class='ocr_line' id='line_1_39' title="bbox 221 4365 814 4435; baseline 0.008 -22"><span class='ocrx_word' id='word_1_264' title='bbox 221 4379 309 4430; x_wconf 84' lang='lat' dir='ltr'><strong>quern</strong></span> <span class='ocrx_word' id='word_1_265' title='bbox 346 4368 463 4433; x_wconf 88' lang='lat' dir='ltr'><strong>portare</strong></span> <span class='ocrx_word' id='word_1_266' title='bbox 494 4366 623 4418; x_wconf 90' lang='lat' dir='ltr'><strong>nuncius</strong></span> <span class='ocrx_word' id='word_1_267' title='bbox 657 4365 814 4435; x_wconf 87' lang='lat' dir='ltr'><strong>Reginalis</strong></span> 
     </span>
     <span class='ocr_line' id='line_1_40' title="bbox 221 4450 813 4520; baseline 0.007 -18"><span class='ocrx_word' id='word_1_268' title='bbox 221 4450 390 4504; x_wconf 85' lang='lat' dir='ltr'><strong>Maiestatis</strong></span> <span class='ocrx_word' id='word_1_269' title='bbox 419 4452 515 4520; x_wconf 88' lang='lat' dir='ltr'><strong>debet,</strong></span> <span class='ocrx_word' id='word_1_270' title='bbox 544 4459 574 4506; x_wconf 88' lang='lat' dir='ltr'><strong>et</strong></span> <span class='ocrx_word' id='word_1_271' title='bbox 603 4453 744 4506; x_wconf 87' lang='lat' dir='ltr'><strong>mandata</strong></span> <span class='ocrx_word' id='word_1_272' title='bbox 770 4469 813 4506; x_wconf 89' lang='lat' dir='ltr'><strong>re-</strong></span> 
     </span>
     <span class='ocr_line' id='line_1_41' title="bbox 220 4539 812 4612; baseline 0.005 -20"><span class='ocrx_word' id='word_1_273' title='bbox 220 4540 306 4593; x_wconf 85' lang='lat' dir='ltr'><strong>ferre.</strong></span> <span class='ocrx_word' id='word_1_274' title='bbox 327 4539 374 4593; x_wconf 92' lang='lat' dir='ltr'><strong>Ibi</strong></span> <span class='ocrx_word' id='word_1_275' title='bbox 387 4539 486 4594; x_wconf 90' lang='lat' dir='ltr'><strong>oblato</strong></span> <span class='ocrx_word' id='word_1_276' title='bbox 499 4559 588 4595; x_wconf 87' lang='lat' dir='ltr'><strong>censu</strong></span> <span class='ocrx_word' id='word_1_277' title='bbox 603 4546 732 4610; x_wconf 88' lang='lat' dir='ltr'><strong>agantur</strong></span> <span class='ocrx_word' id='word_1_278' title='bbox 745 4559 812 4612; x_wconf 85' lang='lat' dir='ltr'><strong>gra-</strong></span> 
     </span>
     <span class='ocr_line' id='line_1_42' title="bbox 221 4628 811 4700; baseline 0.007 -20"><span class='ocrx_word' id='word_1_279' title='bbox 221 4629 280 4681; x_wconf 88' lang='lat' dir='ltr'><strong>tiae</strong></span> <span class='ocrx_word' id='word_1_280' title='bbox 318 4628 495 4699; x_wconf 77' lang='lat' dir='ltr'><strong>imperatori</strong></span> <span class='ocrx_word' id='word_1_281' title='bbox 528 4631 700 4698; x_wconf 84' lang='lat' dir='ltr'><strong>Turcarum,</strong></span> <span class='ocrx_word' id='word_1_282' title='bbox 736 4631 811 4700; x_wconf 89' lang='lat' dir='ltr'><strong>quod</strong></span> 
     </span>
    </p>
   </div>
   <div class='ocr_carea' id='block_1_7' title="bbox 920 3915 1516 4704">
    <p class='ocr_par' dir='ltr' id='par_1_11' title="bbox 920 3915 1516 4704">
     <span class='ocr_line' id='line_1_43' title="bbox 923 3915 1515 3989; baseline 0 -18"><span class='ocrx_word' id='word_1_283' title='bbox 923 3917 1148 3988; x_wconf 89' lang='lat' dir='ltr'><strong>supplicareque</strong></span> <span class='ocrx_word' id='word_1_284' title='bbox 1167 3915 1243 3985; x_wconf 91' lang='lat' dir='ltr'><strong>quod</strong></span> <span class='ocrx_word' id='word_1_285' title='bbox 1257 3917 1282 3970; x_wconf 90' lang='lat' dir='ltr'><strong>si</strong></span> <span class='ocrx_word' id='word_1_286' title='bbox 1296 3916 1378 3970; x_wconf 89' lang='lat' dir='ltr'><strong>filius</strong></span> <span class='ocrx_word' id='word_1_287' title='bbox 1400 3917 1515 3989; x_wconf 84' lang='lat' dir='ltr'><strong>Regiae</strong></span> 
     </span>
     <span class='ocr_line' id='line_1_44' title="bbox 923 4006 1514 4078; baseline 0.002 -18"><span class='ocrx_word' id='word_1_288' title='bbox 923 4007 1092 4060; x_wconf 87' lang='lat' dir='ltr'><strong>Maiestatis</strong></span> <span class='ocrx_word' id='word_1_289' title='bbox 1111 4023 1127 4059; x_wconf 90' lang='lat' dir='ltr'><strong>e</strong></span> <span class='ocrx_word' id='word_1_290' title='bbox 1146 4007 1226 4061; x_wconf 84' lang='lat' dir='ltr'><strong>vivis</strong></span> <span class='ocrx_word' id='word_1_291' title='bbox 1245 4006 1403 4060; x_wconf 87' lang='lat' dir='ltr'><strong>excederet</strong></span> <span class='ocrx_word' id='word_1_292' title='bbox 1426 4007 1514 4078; x_wconf 90' lang='lat' dir='ltr'><strong>(quod</strong></span> 
     </span>
     <span class='ocr_line' id='line_1_45' title="bbox 922 4095 1515 4166; baseline 0 -16"><span class='ocrx_word' id='word_1_293' title='bbox 922 4098 995 4151; x_wconf 89' lang='lat' dir='ltr'><strong>deus</strong></span> <span class='ocrx_word' id='word_1_294' title='bbox 1013 4097 1144 4165; x_wconf 77' lang='lat' dir='ltr'><strong>avertat)</strong></span> <span class='ocrx_word' id='word_1_295' title='bbox 1172 4095 1315 4166; x_wconf 83' lang='lat' dir='ltr'><strong>dignetur</strong></span> <span class='ocrx_word' id='word_1_296' title='bbox 1341 4095 1515 4151; x_wconf 84' lang='lat' dir='ltr'><strong>libertatem</strong></span> 
     </span>
     <span class='ocr_line' id='line_1_46' title="bbox 922 4186 1516 4242; baseline -0.002 -1"><span class='ocrx_word' id='word_1_297' title='bbox 922 4193 1053 4241; x_wconf 89' lang='lat' dir='ltr'><strong>nostram</strong></span> <span class='ocrx_word' id='word_1_298' title='bbox 1081 4186 1180 4240; x_wconf 87' lang='lat' dir='ltr'><strong>literis</strong></span> <span class='ocrx_word' id='word_1_299' title='bbox 1199 4187 1261 4240; x_wconf 89' lang='lat' dir='ltr'><strong>suis</strong></span> <span class='ocrx_word' id='word_1_300' title='bbox 1286 4186 1462 4242; x_wconf 84' lang='lat' dir='ltr'><strong>confirmare</strong></span> <span class='ocrx_word' id='word_1_301' title='bbox 1482 4193 1516 4242; x_wconf 92' lang='lat' dir='ltr'><strong>ut</strong></span> 
     </span>
     <span class='ocr_line' id='line_1_47' title="bbox 922 4275 1515 4347; baseline 0 -17"><span class='ocrx_word' id='word_1_302' title='bbox 922 4293 1037 4347; x_wconf 88' lang='lat' dir='ltr'><strong>semper</strong></span> <span class='ocrx_word' id='word_1_303' title='bbox 1066 4277 1209 4346; x_wconf 86' lang='lat' dir='ltr'><strong>possimus</strong></span> <span class='ocrx_word' id='word_1_304' title='bbox 1240 4275 1372 4346; x_wconf 88' lang='lat' dir='ltr'><strong>aliquem</strong></span> <span class='ocrx_word' id='word_1_305' title='bbox 1400 4277 1515 4332; x_wconf 89' lang='lat' dir='ltr'><strong>Princi-</strong></span> 
     </span>
     <span class='ocr_line' id='line_1_48' title="bbox 923 4365 1515 4435; baseline 0.003 -17"><span class='ocrx_word' id='word_1_306' title='bbox 923 4383 997 4435; x_wconf 88' lang='lat' dir='ltr'><strong>pem,</strong></span> <span class='ocrx_word' id='word_1_307' title='bbox 1017 4382 1105 4434; x_wconf 87' lang='lat' dir='ltr'><strong>quem</strong></span> <span class='ocrx_word' id='word_1_308' title='bbox 1127 4365 1310 4420; x_wconf 87' lang='lat' dir='ltr'><strong>voluerimus</strong></span> <span class='ocrx_word' id='word_1_309' title='bbox 1323 4382 1360 4419; x_wconf 86' lang='lat' dir='ltr'><strong>ex</strong></span> <span class='ocrx_word' id='word_1_310' title='bbox 1373 4369 1515 4420; x_wconf 85' lang='lat' dir='ltr'><strong>nostrati-</strong></span> 
     </span>
     <span class='ocr_line' id='line_1_49' title="bbox 923 4455 1513 4527; baseline 0.005 -19"><span class='ocrx_word' id='word_1_311' title='bbox 923 4455 977 4508; x_wconf 89' lang='lat' dir='ltr'><strong>bus</strong></span> <span class='ocrx_word' id='word_1_312' title='bbox 1008 4455 1146 4509; x_wconf 84' lang='lat' dir='ltr'><strong>Nationis</strong></span> <span class='ocrx_word' id='word_1_313' title='bbox 1178 4455 1341 4525; x_wconf 86' lang='lat' dir='ltr'><strong>Hungarae</strong></span> <span class='ocrx_word' id='word_1_314' title='bbox 1376 4456 1513 4527; x_wconf 71' lang='lat' dir='ltr'><strong>eligeres</strong></span> 
     </span>
     <span class='ocr_line' id='line_1_50' title="bbox 923 4543 1516 4615; baseline 0.007 -19"><span class='ocrx_word' id='word_1_315' title='bbox 923 4544 1065 4615; x_wconf 78' lang='lat' dir='ltr'><strong>(Sziltgyi</strong></span> <span class='ocrx_word' id='word_1_316' title='bbox 1095 4544 1215 4612; x_wconf 78' lang='lat' dir='ltr'><strong>Stndor,</strong></span> <span class='ocrx_word' id='word_1_317' title='bbox 1244 4543 1366 4615; x_wconf 70' lang='lat' dir='ltr'><strong>Erdelyi</strong></span> <span class='ocrx_word' id='word_1_318' title='bbox 1397 4546 1516 4615; x_wconf 75' lang='lat' dir='ltr'><strong>orsztg-</strong></span> 
     </span>
     <span class='ocr_line' id='line_1_51' title="bbox 920 4632 1351 4704; baseline 0.005 -18"><span class='ocrx_word' id='word_1_319' title='bbox 920 4632 1038 4704; x_wconf 78' lang='lat' dir='ltr'><strong>gytile&#39;si</strong></span> <span class='ocrx_word' id='word_1_320' title='bbox 1058 4633 1203 4688; x_wconf 87' lang='lat' dir='ltr'><strong>emle&#39;kek.</strong></span> <span class='ocrx_word' id='word_1_321' title='bbox 1223 4633 1254 4700; x_wconf 68' lang='lat'><strong>1,</strong></span> <span class='ocrx_word' id='word_1_322' title='bbox 1280 4635 1351 4704; x_wconf 75' lang='grc'>176.)</span> 
     </span>
    </p>
   </div>
   <div class='ocr_carea' id='block_1_8' title="bbox 0 0 1574 5212">
    <p class='ocr_par' dir='ltr' id='par_1_12' title="bbox 0 0 1574 5212">
     <span class='ocr_line' id='line_1_52' title="bbox 0 0 1574 5212; baseline 0 1"><span class='ocrx_word' id='word_1_323' title='bbox 0 0 1574 5212; x_wconf 95' lang='lat' dir='ltr'><strong> </strong></span> 
     </span>
    </p>
   </div>
  </div>
 </body>
</html>
