3144 5218
1283 355 1348 420 569

51 551 85 612 in
109 546 273 613 Comitiis
304 549 523 614 Budensibus
551 545 605 615 Ao
639 549 727 614 1518
758 547 888 614 11117.
920 550 981 636 qui
1014 555 1095 638 quia
1127 573 1169 617 ex
1194 553 1348 638 generali

50 657 199 722 Decreta
230 649 397 721 exmissus
420 663 482 739 est,
506 657 637 741 placuit
668 677 855 742 apponere:
888 658 1109 725 Thesaurarii
1134 679 1215 725 vero
1238 665 1348 724 nomi-

50 769 126 829 nati
149 766 193 828 ad
217 763 424 828 fidelitatem
455 765 587 850 Regiae
621 765 706 830 Mtis
734 759 982 831 observandam
1006 775 1041 831 et
1064 769 1102 831 in
1124 766 1226 832 rebus
1249 771 1348 851 regni

49 872 117 937 sibi
149 874 338 936 commissis
370 871 631 937 executionibus
663 871 867 957 peragendis
899 879 934 937 et
966 872 1165 938 libertatem
1191 873 1290 960 regni
1313 881 1347 938 et

52 979 308 1066 regnicolarum
335 981 528 1064 tutandam,
560 979 798 1046 Iuramentum
830 987 1002 1064 praestare
1035 989 1205 1047 tenentur.
1228 982 1297 1060 Qui
1319 985 1349 1046 si

50 1090 87 1151 in
113 1085 377 1151 executionibus
411 1089 604 1170 praemissis
636 1087 853 1174 negligentes
886 1087 1026 1171 fuerint,
1057 1087 1235 1155 eteorum
1266 1084 1349 1154 fidei

49 1192 238 1278 officioque
262 1198 346 1258 satis
368 1217 438 1260 non
462 1195 602 1278 fuerint,
626 1203 752 1260 extunc
777 1197 814 1260 in
829 1203 976 1260 ventura
992 1195 1116 1261 Diaeta
1132 1199 1244 1280 eapite
1261 1197 1349 1280 plec-

50 1307 176 1365 tantur
199 1307 234 1365 et
258 1305 454 1384 puniantur.
487 1301 544 1366 Ad
567 1301 651 1368 haec
683 1303 861 1367 accederet
892 1306 998 1367 etiam
1020 1303 1213 1368 subsidium
1237 1311 1349 1369 extra-

49 1409 267 1473 ordinarium
305 1408 530 1474 Dominorum
568 1409 837 1496 Regnicolarum
876 1417 1012 1494 praeter
1049 1429 1151 1494 supra
1185 1419 1348 1477 annotata

48 1517 166 1580 media
185 1537 217 1579 v.
236 1535 286 1601 g.:
309 1519 399 1581 siout
418 1539 438 1580 a
457 1518 549 1580 vinis
572 1537 707 1602 quoque
726 1513 829 1600 juxta
852 1518 951 1603 regni
975 1523 1106 1581 statuta
1130 1521 1225 1604 regia
1249 1523 1349 1584 trice-

49 1626 140 1687 sima
164 1643 225 1706 pro
250 1621 485 1688 Confiniorum
507 1625 710 1688 necessitate
734 1623 898 1688 solvitur:
924 1644 963 1687 eo
988 1624 1088 1687 modo
1112 1623 1156 1688 ab
1171 1624 1249 1689 aliis
1267 1647 1349 1710 quo-

48 1752 117 1814 que
144 1729 324 1815 quibusvis
342 1729 444 1794 rebus
466 1731 628 1814 venditis,
652 1730 708 1794 vel
733 1730 924 1795 vendendis
948 1727 1181 1816 cujuscunque
1198 1735 1348 1796 nominis

49 1839 108 1902 vel
133 1839 260 1921 speciei
283 1837 423 1920 fuerint,
456 1837 575 1903 eadem
598 1838 711 1902 media
734 1839 908 1902 tricesima
941 1837 1140 1902 solveretur.
1167 1837 1348 1902 Praeterea

50 1953 168 2029 posset
200 1945 339 2029 aliquod
372 1946 478 2009 etiam
509 1943 723 2009 frumentum
746 1945 790 2009 ad
815 1949 954 2027 portas⁴
974 1947 1113 2028 imponi,
1136 1965 1203 2029 quo
1229 1949 1348 2010 exacto

52 2059 169 2134 posset
192 2051 228 2115 id
254 2054 290 2114 in
313 2051 518 2116 solutionem
542 2049 778 2115 Confiniorum
801 2051 877 2115 dari
900 2072 970 2116 non
993 2053 1066 2115 sine
1091 2051 1195 2116 lucro.

163 2159 229 2223 Est
253 2161 358 2222 etiam
381 2166 543 2243 quaestus
565 2158 647 2222 salis
666 2162 702 2222 in
726 2159 916 2244 Hungaria,
943 2179 983 2222 ao
1005 2165 1079 2222 tam
1101 2156 1146 2222 ab
1168 2157 1223 2222 his
1245 2181 1349 2244 quam

52 2265 97 2331 ab
123 2267 202 2330 aliis
234 2264 415 2350 quibusvis
447 2265 549 2330 rebus
573 2269 609 2330 in
633 2265 707 2331 foro
739 2264 919 2330 venalibus
951 2269 1029 2351 quis
1052 2273 1187 2330 vetaret
1212 2269 1348 2352 exigere

52 2375 168 2438 levem
192 2372 343 2456 aliquem
375 2393 514 2437 censum
539 2394 598 2456 pro
623 2374 745 2438 iisdem
768 2371 1003 2438 confiniariis?
1027 2393 1173 2457 quorum
1196 2377 1349 2438 omnium

52 2481 182 2544 solutio
221 2477 415 2542 ementibus
447 2483 570 2562 potine,
602 2501 705 2564 quam
738 2478 969 2544 vendentibus
1002 2477 1185 2564 regnicolis
1217 2501 1350 2562 compe-

53 2594 163 2668 teret;
184 2609 248 2650 nec
265 2594 316 2650 est
333 2607 461 2651 novum
477 2590 514 2651 in
530 2585 737 2652 Christianis
759 2591 874 2673 regnis
890 2594 925 2651 et
942 2590 1129 2670 provinciis
1151 2584 1350 2671 hujusmodi

54 2692 294 2759 exactionibus
318 2696 371 2758 uti
394 2701 434 2758 ut
458 2694 571 2776 palam
603 2703 664 2776 est,
687 2702 722 2758 et
746 2696 854 2778 siquis
878 2695 914 2757 in
937 2691 1080 2758 Polonia
1107 2701 1265 2758 versatus
1288 2701 1349 2777 est,

54 2801 242 2886 aliquando
265 2803 379 2884 potuit
412 2801 531 2865 audire
555 2807 590 2864 et
614 2805 762 2884 experiri
794 2799 1066 2866 contributiones
1094 2801 1179 2885 illas,
1202 2823 1289 2886 quae
1314 2805 1350 2865 in

54 2929 162 2996 regno
195 2929 234 2971 eo
268 2929 328 2990 pro
360 2907 449 2972 bono
481 2913 654 2974 communi
686 2908 894 2992 reipublicae
926 2911 1085 2994 ingentes
1118 2911 1350 2992 imponuntur,

55 3039 139 3102 quas
161 3018 226 3099 ipsi
242 3015 356 3080 Pobor
378 3019 567 3081 nominant.
590 3017 738 3081 Demum
762 3023 875 3100 posset
893 3019 999 3080 etiam
1015 3019 1088 3080 sine
1104 3018 1197 3080 omni
1214 3013 1349 3099 injuria,

56 3125 182 3188 damno
216 3129 251 3186 et
286 3121 494 3206 praejudicio
528 3123 593 3188 DD
627 3123 878 3209 regnicolarum
916 3131 990 3188 tam
1022 3121 1350 3206 Ecclesiasticorum,

55 3255 160 3317 quarn
176 3231 411 3314 saecularium,
428 3253 506 3296 cum
521 3234 672 3296 maximo
687 3235 786 3317 regni
801 3231 890 3296 bono
904 3239 939 3296 et
952 3231 1182 3295 emolumento
1195 3228 1297 3311 effici,
1311 3237 1350 3293 ut

56 3339 127 3403 Dni
151 3359 286 3423 quoque
310 3337 470 3418 Praelati,
489 3337 653 3422 Abbates,
670 3339 870 3422 Praepositi,
887 3337 1173 3422 Beneficiariique
1196 3333 1350 3420 majores,

56 3449 116 3530 qui
141 3446 272 3510 scilicet
296 3443 507 3510 Banderium
530 3467 599 3510 non
622 3445 760 3529 habent,
788 3447 911 3511 darent
934 3445 1065 3530 aliquid
1090 3467 1109 3508 a
1133 3447 1204 3508 suis
1226 3443 1351 3507 officiis

57 3563 91 3618 et
109 3551 285 3617 beneficiis
304 3550 408 3636 juxta
426 3552 670 3618 limitationem
685 3555 801 3638 regni,
825 3557 879 3617 uti
895 3543 1000 3617 etiam
1015 3552 1178 3615 altarium
1193 3557 1350 3632 rectores

56 3661 232 3742 Canonici,
255 3669 291 3724 et
314 3660 375 3724 alii
398 3663 530 3724 minora
554 3659 719 3724 beneficia
743 3667 901 3724 tenentes
923 3660 1082 3724 adminus
1106 3679 1212 3722 unum
1246 3661 1351 3740 impe-

57 3769 178 3832 rialem
210 3767 339 3854 singuli
377 3767 643 3832 contribuerant.
683 3768 814 3831 Eodem
847 3767 947 3830 modo
979 3765 1119 3830 Domini
1152 3771 1187 3828 et
1218 3762 1351 3827 nobiles

56 3875 256 3956 saeculares,
280 3877 340 3961 qui
356 3875 441 3940 alias
464 3875 675 3939 Banderium
698 3875 837 3960 aliquod
861 3895 930 3938 non
952 3873 1091 3956 habent,
1115 3893 1224 3956 neque
1240 3878 1351 3934 custo

57 3983 118 4046 des
143 4003 203 4065 pro
230 3981 366 4047 arcibus
390 3989 425 4046 61
449 3982 599 4046 castellis
632 3985 702 4046 suis
734 3985 956 4063 intertenent,
979 4003 999 4044 a
1022 3979 1168 4065 singulis
1200 3977 1350 4041 castellis

58 4089 180 4154 asab
204 4093 340 4176 integra
365 4089 468 4154 Curia
490 4089 669 4154 nobilitari
692 4089 724 4153 fl.
746 4091 772 4152 1.
797 4088 903 4152 molas
928 4087 1139 4171 possidentes
1162 4106 1182 4148 a
1205 4083 1351 4170 singulis

57 4195 158 4260 molis
181 4195 213 4260 fl.
240 4197 267 4261 1.
293 4198 536 4280 praedicantes,
560 4219 639 4261 cum
662 4205 697 4261 et
721 4200 872 4279 ipsorum
895 4195 1016 4259 domus
1042 4213 1101 4276 pro
1125 4190 1235 4255 nobili
1252 4213 1351 4275 repu-

58 4309 161 4384 tetur,
181 4323 200 4366 a
220 4303 365 4388 singulis
388 4301 547 4366 domibus
571 4302 602 4366 fi.
627 4303 654 4366 l.
670 4309 705 4366 et
722 4305 771 4365 sic
786 4308 1033 4385 consequenter
1056 4319 1116 4382 pro
1140 4304 1238 4362 tanto
1262 4297 1350 4362 bono

58 4410 290 4474 conservando
314 4419 348 4473 et
373 4408 604 4492 promovendo
629 4407 895 4473 contribuerent.

167 4557 177 4584 ⁴
195 4545 294 4616 Porta,
314 4547 408 4601 akkor
426 4547 490 4601 mtr
509 4564 578 4600 nem
597 4564 656 4617 egy
674 4546 755 4600 telek
773 4563 854 4616 vagy
873 4545 961 4614 kapu,
991 4543 1101 4598 hanem
1120 4561 1154 4598 az
1173 4542 1350 4598 addkirovias

57 4637 164 4691 idealis
184 4636 319 4710 egysege.
