3192 5214
1336 336 1381 404 85

86 538 230 601 servicio
254 543 439 620 tepescant,
462 545 501 602 ut
525 539 672 602 vacandi
694 543 904 606 occasionem
927 539 1086 605 habeant.
1119 537 1172 602 Ne
1195 545 1311 602 autem
1343 537 1381 602 in

1 701 2 719 ,
88 665 245 727 processu
276 652 470 726 temporum
503 666 604 728 super
635 645 691 710 his
722 668 797 732 que,
828 649 871 712 ad
903 648 1067 712 honorem
1099 644 1231 710 Christi
1263 652 1298 710 et
1331 644 1382 710 ibi

87 753 292 838 degencium
323 749 457 836 sibique
496 750 760 818 famulantium
780 755 1069 819 sustentacionem
1107 751 1151 816 ad
1189 751 1381 835 praefatam

86 859 265 936 ecclesiam
302 857 510 924 contulimus
547 858 663 944 aliqua
696 861 876 942 paciantur
908 858 1146 941 calumpniam,
1179 859 1382 944 singulatim

86 973 209 1030 cuncta
232 967 271 1029 in
303 967 473 1048 praesenti
498 961 501 1049 l
527 965 660 1030 cartula
692 969 820 1031 notarii
851 987 954 1032 manu
987 966 1168 1052 adsignata
1200 963 1402 1044 habentur.⁸

87 1072 174 1138 Sunt
199 1074 310 1158 igitur
341 1079 456 1137 aratra
489 1073 571 1138 XX.
604 1094 683 1138 cum
710 1073 787 1138 LX.
809 1071 1062 1138 mansionibus.
1095 1071 1271 1138 Vinitores
1302 1094 1381 1138 cum

88 1181 200 1243 vineis
224 1179 317 1262 XX,
340 1181 473 1264 equites
497 1179 589 1261 XX,
614 1181 798 1262 piscatores
821 1179 875 1263 X,
899 1199 1063 1266 agasones
1081 1179 1130 1262 V,
1151 1178 1292 1244 bubulci
1307 1179 1381 1264 III,

88 1295 240 1368 pastores
264 1291 381 1352 ovium
403 1287 477 1370 m,
501 1285 636 1352 subulci
651 1286 706 1370 H,
729 1289 877 1370 spinarii
894 1286 948 1369 11,
972 1287 1162 1372 coquinarii
1179 1287 1233 1369 H,
1249 1295 1382 1354 sutores

85 1394 140 1476 Π,
159 1393 252 1460 fabri
267 1395 322 1478 H,
337 1393 473 1460 aurifex
489 1394 524 1478 1,
541 1395 711 1460 dolatores
726 1395 780 1478 11,
797 1395 910 1460 molen
923 1390 925 1480 Ι
938 1397 1065 1460 dinarii
1082 1417 1159 1460 cum
1175 1395 1381 1460 molendinis

85 1502 139 1582 Π,
156 1511 313 1568 tornator
328 1502 364 1586 1,
379 1505 664 1570 vestimentorum
682 1501 821 1566 ablutor
835 1502 870 1584 1,
887 1503 988 1567 cerdo
1004 1501 1039 1586 1,
1056 1502 1178 1568 ancille
1195 1503 1249 1586 X,
1267 1511 1382 1586 preter

84 1611 148 1676 heo
172 1619 254 1675 sunt
277 1612 444 1676 emissarii
476 1608 682 1693 XXXHH,
697 1601 700 1611 ’
713 1631 793 1674 cnm
825 1609 974 1674 subditis
1005 1609 1158 1694 equabus
1190 1610 1302 1676 Uacce
1335 1610 1381 1693 G,

85 1741 167 1784 oves
191 1721 418 1804 septingenta,
442 1720 535 1800 porci
558 1717 605 1800 G,
628 1717 759 1800 Apium
780 1739 862 1782 vasa
896 1719 944 1800 L.,
976 1717 1160 1783 Preterhec
1192 1719 1236 1782 ad
1268 1740 1382 1784 neces-

85 1828 174 1892 saria
201 1825 348 1890 fratrum
366 1847 425 1908 per
441 1824 596 1910 singulos
610 1845 717 1888 annos
730 1825 975 1888 constituimus
989 1825 1031 1889 de
1048 1831 1202 1889 armento
1219 1825 1327 1910 regali
1343 1827 1381 1890 L.

85 1933 253 2016 poledros.
275 1933 374 1997 inter
396 1953 513 1996 ornnes
536 1953 683 2016 namque
707 1927 788 1994 sunt
812 1939 988 1996 servorum
1012 1931 1160 2014 ecclesie,
1188 1934 1381 1998 mansiones

82 2039 211 2120 C.,XL.
247 2039 321 2104 Hec
362 2041 476 2102 omnia
518 2019 625 2102 libera
659 2037 843 2102 donatione
876 2038 919 2102 ad
954 2036 1148 2120 praefatum
1180 2037 1381 2105 coenobium

83 2146 305 2230 contulimus,
328 2153 364 2212 et
395 2169 438 2210 ne
470 2147 547 2230 quis
572 2169 631 2230 per
668 2146 925 2210 succedentirun
963 2153 1157 2228 temporum
1182 2142 1186 2232 Ι
1212 2149 1381 2212 curricula

82 2255 219 2340 aliquid
252 2277 294 2318 ex
325 2253 380 2319 his
413 2251 616 2318 defraudare
655 2251 712 2318 vel
751 2253 924 2318 retrahere
963 2256 1088 2319 audeat
1126 2257 1381 2322 interminando

82 2363 306 2428 detestamur.
340 2360 455 2445 Siquis
477 2366 594 2424 autem
617 2359 707 2425 malo
731 2361 938 2442 depravatus
962 2360 1104 2424 consilio
1127 2363 1228 2426 istius
1252 2363 1382 2428 decreti

1 2489 2 2514 1
81 2465 198 2554 trane,¹
210 2489 326 2555 gessor
350 2475 504 2552 repertus
528 2465 644 2552 suerit,
668 2474 900 2552 sequestratus
923 2489 943 2532 a
967 2469 1030 2532 deo
1054 2477 1218 2551 perpetua
1235 2468 1382 2534 feriatur

1 2616 2 2636 .
82 2578 243 2642 vindicta
281 2584 317 2640 et
350 2575 433 2641 ΧΠ.
473 2574 579 2640 libras
617 2575 693 2639 auri
732 2573 923 2658 persolvere
963 2581 1115 2660 cogatur.
1154 2576 1201 2640 Et
1240 2584 1280 2641 ut
1318 2577 1381 2642 hec

1 2729 2 2732 κ
80 2686 271 2768 descriptio
295 2692 370 2749 rata
393 2691 497 2769 atque
520 2678 748 2768 inconluulsa
772 2688 969 2765 permaneat
985 2682 1099 2768 sigillo
1116 2685 1225 2748 nostri
1241 2685 1382 2766 impres-

1 2827 2 2830 *
79 2795 179 2856 sione
204 2793 425 2878 signavimus,
448 2789 675 2876 fidelibusque
699 2789 825 2854 nostris
849 2788 1098 2856 corroboranda
1121 2791 1327 2866 tradidimus

135 2965 159 3038 ἦ·
177 2967 305 3038 Signum
324 2967 481 3021 Benedicti
500 2965 630 3036 archiep.
896 2959 917 3033 †
935 2961 1061 3034 Signum
1080 2963 1180 3018 Mauri
1198 2966 1336 3036 episcopi.

136 3055 159 3126 †
178 3057 306 3128 Signum
324 3057 432 3111 Lazari
450 3057 577 3110 abbatis.
895 3051 916 3124 †
935 3054 995 3126 Sig.
1015 3053 1178 3110 Clementis
1198 3073 1241 3127 op.

135 3145 159 3216 †
178 3145 239 3216 Sig.
259 3145 377 3200 Gilooni
397 3146 535 3200 comitis
895 3141 915 3213 †
935 3142 994 3214 Sig.
1015 3143 1131 3198 Nicolai
1152 3161 1195 3216 ep.

135 3233 159 3304 †
178 3235 240 3306 Sig.
259 3234 358 3289 Zache
378 3236 496 3289 comitis
515 3235 629 3306 palatii.
692 3249 828 3304 Andreas
894 3231 914 3304 i·
934 3233 992 3303 Sig.
1013 3233 1136 3288 Woiteh
1155 3235 1280 3288 comitis.

135 3322 160 3394 †
180 3322 242 3395 Sig.
262 3323 392 3378 Lutovic
411 3323 536 3377 comitis.
896 3321 995 3394 †Sig.
1015 3323 1107 3377 Ernst
1127 3325 1251 3378 comitis.

133 3411 158 3481 †
177 3411 239 3482 Sig.
258 3412 324 3466 Viti
343 3412 469 3466 comitis.
695 3411 739 3481 (P.
768 3411 818 3482 H.)
891 3411 912 3483 †
931 3411 991 3483 sig.
1011 3413 1137 3484 Martini
1157 3415 1282 3467 comitis.

134 3501 159 3573 †
178 3499 239 3572 Sig.
259 3501 348 3555 Helie
368 3501 493 3555 comitis.
895 3499 916 3572 †
935 3501 994 3572 Sig.
1014 3501 1152 3556 Andreae
1172 3504 1296 3558 comitis.

135 3589 159 3662 †
177 3589 239 3660 Sig.
258 3587 370 3642 Fanoel
388 3589 513 3644 comitis.
725 3589 793 3645 Rex
895 3589 915 3662 †
934 3590 993 3662 Sig.
1014 3591 1098 3646 Nane
1117 3593 1262 3662 agasonis.

134 3679 159 3752 †
177 3679 239 3750 Sig.
259 3677 362 3749 (lupen
378 3677 497 3748 judicis.
893 3679 914 3752 †
933 3680 992 3752 Sig.
1012 3680 1105 3735 Proca
1124 3682 1288 3736 insertoris.

134 3769 158 3842 †
178 3767 253 3824 Gelu
271 3769 417 3823 minister.

192 3971 295 4036 Anno
318 3969 496 4036 salutifere
520 3973 767 4036 incarnationis
787 3965 1048 4037 anicinuminis
1066 3973 1130 4038 0011
1147 3972 1380 4057 septemplicis

77 4081 311 4162 universeque
339 4081 522 4142 creationis
554 4078 641 4144 Mill.
674 4079 712 4143 L.
745 4079 785 4144 V.
818 4077 996 4162 feliciter!
1023 4089 1188 4166 regnante
1225 4079 1379 4164 praefato

76 4187 366 4250 victoriosissimo
391 4187 552 4270 principe,
575 4207 664 4250 anno
689 4187 786 4270 regni
818 4188 872 4250 sni
905 4186 1001 4250 VIII.
1034 4195 1069 4251 01
1101 4209 1180 4252 011111
1213 4209 1251 4251 00
1285 4186 1380 4250 nobi-

76 4294 215 4359 lissimo
239 4293 325 4358 dnoe
349 4291 459 4374 Bicla)
484 4295 715 4375 conscriptum
738 4299 789 4356 est
812 4293 877 4357 hoc
902 4293 1123 4380 privilegium
1146 4293 1379 4358 abeatissimo

76 4399 239 4486 praesule
263 4399 405 4466 Nicolao
429 4403 489 4486 qui
512 4407 595 4466 tuno
618 4403 782 4484 temporis
806 4403 918 4465 vicem
951 4401 1155 4483 procurabat
1184 4403 1311 4466 notarii
1343 4404 1380 4465 in

73 4511 177 4573 curia
211 4507 321 4593 regali
352 4510 659 4594 consignatumque
692 4529 796 4572 manu
829 4509 928 4592 regis,
955 4503 960 4583 l
984 4510 1053 4574 iam
1085 4531 1164 4605 septe
1199 4510 1380 4592 prescripti

75 4615 321 4698 praesentibus
345 4613 501 4681 testibus.
