3192 5214
203 305 267 370 166

201 511 236 568 et
267 504 458 586 hominem,
501 505 592 589 quod
635 511 733 570 tanta
767 511 820 568 est
861 505 1045 568 necessitas
1086 511 1121 568 et
1164 503 1367 589 magnitudo
1408 503 1497 570 dicti

199 612 340 696 negotii,
363 613 455 696 quod
479 613 547 676 nisi
571 613 708 676 diversa
731 615 868 677 viarum
902 611 1051 695 pericula
1079 611 1178 676 nobis
1210 613 1497 694 contradicerent,

200 738 269 782 non
301 718 411 784 solum
442 721 586 784 nuncios
618 741 703 804 quos
741 721 922 802 mittimus,
961 721 1185 802 mitteremus,
1218 720 1277 784 sed
1310 721 1417 787 etiam
1449 720 1494 784 ad

203 825 480 907 proclamandum
503 829 540 890 in
565 824 653 890 facie
677 829 785 892 totius
810 826 993 910 Ecclesiae,
1025 829 1069 892 ad
1102 828 1335 892 excusandum
1366 849 1428 892 nos
1459 837 1497 892 et

201 933 460 1017 licentiandum,
483 937 589 998 etiam
614 934 695 1000 licet
719 935 848 1000 invitos
871 935 913 1000 ad
931 935 1204 1017 componendum
1228 956 1306 998 cum
1329 935 1495 1014 Tartaris,

201 1042 230 1104 si
253 1063 355 1124 super
376 1040 440 1106 boc
464 1041 633 1106 auxilium
656 1042 864 1124 impenderit
888 1049 1030 1126 paterna
1062 1044 1227 1108 sanctitas
1250 1049 1286 1108 et
1309 1045 1496 1108 necessitas

200 1149 379 1232 ingruerit,
402 1148 445 1212 ad
471 1147 574 1230 pedes
597 1154 730 1212 vestros
755 1149 980 1232 personaliter
1001 1151 1221 1214 venissemus.
1254 1149 1496 1232 Supplicamus

200 1257 317 1341 igitur,
341 1262 380 1319 ut
403 1254 596 1320 consideret
621 1255 652 1320 S.
676 1263 788 1322 mater
810 1257 961 1338 ecclesia,
986 1264 1021 1321 et
1049 1259 1078 1321 si
1110 1277 1180 1322 non
1212 1263 1338 1340 nostra,
1371 1257 1496 1322 saltem

200 1373 396 1428 sanctorum
418 1364 564 1450 Regum,
598 1365 894 1448 praedecessorum
916 1372 1112 1430 nostrorum
1145 1367 1277 1448 merita,
1309 1367 1369 1450 qui
1394 1365 1495 1449 plena

200 1471 382 1536 devotione
405 1479 440 1535 et
464 1473 657 1536 reverentia
681 1494 715 1536 se
744 1479 779 1536 et
802 1495 902 1537 suum
926 1472 1098 1556 populum,
1128 1495 1187 1555 per
1219 1493 1337 1537 eorum
1361 1473 1495 1556 praedi-

199 1579 370 1643 cationem
392 1577 603 1644 orthodoxae
626 1576 707 1644 fidei
731 1579 963 1664 subiugatum,
989 1581 1081 1644 inter
1103 1586 1234 1644 ceteros
1257 1581 1378 1646 mundi
1402 1583 1495 1665 prin-

199 1689 290 1770 cipes
314 1688 351 1750 in
374 1688 525 1770 puritate
553 1684 636 1752 fidei
659 1693 694 1750 et
718 1687 934 1752 obedientiae
967 1694 1202 1770 servaverunt,
1236 1694 1375 1772 propter
1406 1706 1495 1773 quae

200 1796 266 1861 sibi
292 1803 328 1860 et
351 1798 421 1860 suis
449 1796 708 1880 successoribus,
732 1797 898 1884 quamdiu
920 1798 1050 1863 eisdem
1073 1803 1309 1862 successerunt
1333 1817 1494 1880 prospera

198 1903 399 1986 Apostolica
423 1905 520 1968 sedes
543 1905 739 1988 irrequisita
762 1905 938 1969 interdum
955 1903 1179 1987 promittebat
1194 1925 1329 1970 omnem
1344 1906 1496 1990 gratiam

199 2019 234 2075 et
259 2009 423 2093 favorem,
447 2013 476 2074 si
499 2013 685 2074 necessitas
708 2013 912 2076 immineret.
935 2011 1012 2096 Eya
1035 2013 1146 2096 igitur
1167 2011 1284 2096 gravis
1309 2014 1497 2077 necessitas

198 2139 289 2182 nunc
328 2117 506 2182 imminere
545 2139 605 2201 pro
644 2125 737 2183 certo
785 2105 946 2200 creditur,
994 2120 1125 2201 aperite
1173 2125 1315 2201 paterna
1352 2119 1497 2200 viscera,

199 2246 338 2289 manum
357 2228 585 2308 competentis
595 2224 741 2290 subsidii
752 2247 812 2308 pro
822 2225 1019 2290 defensione
1035 2225 1118 2290 fidei
1133 2231 1169 2290 et
1184 2225 1339 2293 utilitate
1357 2225 1496 2309 publica

198 2334 376 2396 intentae
401 2334 649 2414 prosecutionis
672 2339 825 2416 tempore
850 2331 1064 2418 porrigendo.
1095 2332 1270 2418 Alioquin,
1294 2333 1384 2397 siin
1408 2335 1496 2415 peti-

199 2441 292 2506 tione
324 2447 398 2504 tam
430 2439 617 2506 favorabili
640 2446 675 2504 et
699 2440 942 2505 universaliter
966 2462 1026 2522 pro
1050 2439 1291 2505 obedientibus
1316 2439 1494 2504 Romanae

198 2547 371 2613 Ecclesiae
394 2555 467 2612 tam
490 2552 689 2632 necessaria,
712 2550 803 2636 quod
827 2550 964 2614 credere
988 2571 1059 2614 non
1087 2571 1273 2634 possumus,
1298 2557 1497 2634 pateremur

134 2728 138 2736 Ι
197 2655 381 2739 repulsum,
413 2677 613 2742 cogeremur
644 2677 713 2721 non
739 2662 916 2742 tamquam
939 2655 1006 2722 fflii
1028 2657 1086 2722 sed
1112 2659 1265 2743 privigni
1288 2660 1494 2723 necessitate

198 2764 365 2846 compulsi
387 2768 486 2850 quasi
509 2772 608 2830 extra
631 2787 773 2850 gregem
797 2768 904 2847 patris
927 2765 1067 2846 exclusi,
1093 2765 1258 2851 suffragia
1289 2767 1494 2831 mendicare.

198 2870 328 2934 Datum
351 2874 388 2936 in
410 2872 584 2937 Potoka1‘
607 2874 644 2935 in
667 2872 723 2936 die
748 2872 779 2937 S.
803 2872 948 2936 Martini
971 2873 1121 2956 episcopi
1149 2880 1185 2938 et
1208 2870 1412 2940 confessoris
1437 2873 1495 2938 ΠΙ

197 2976 281 3042 Idus
308 2979 575 3045 Novembriisu

305 3085 336 3150 Ε
360 3085 494 3151 levdlen
517 3093 617 3152 vdrds
641 3088 676 3151 e's
700 3086 768 3152 ke'k
791 3088 945 3173 selymen
961 3085 1048 3173 sugg
1063 3110 1084 3152 a
1100 3087 1214 3172 kirdly
1230 3110 1338 3174 arany
1355 3084 1495 3172 bulldja.

255 3324 275 3352 ¹⁸
293 3313 499 3371 Siros-Patalr⁸
901 3314 944 3368 lrt
974 3313 1120 3370 levelebdl
1152 3315 1285 3380 anunm,
1320 3314 1392 3369 Be'la
1423 3315 1494 3384 tdle,

255 3413 275 3442 ¹¹
295 3404 347 3457 IV.
366 3404 454 3458 Incze
473 3404 538 3458 mar
558 3406 635 3459 1254.
661 3405 791 3460 deczem-
900 3403 988 3458 Incze
1007 3403 1154 3475 utc'djlatdl
1168 3406 1194 3459 is
1206 3403 1275 3460 liert
1289 3405 1359 3458 1000
1371 3403 1494 3458 balista-

199 3492 308 3546 berben
336 3492 472 3564 meghalt
500 3493 683 3564 Nipolyban.
712 3493 792 3548 Mint
900 3493 986 3547 riust.
1005 3491 1093 3563 Feje'r
1115 3493 1175 3547 cod.
1195 3493 1266 3565 dipl.
1285 3493 1337 3547 IV.
1357 3495 1382 3547 2.
1401 3493 1494 3548 5141.

199 3581 250 3634 IV.
264 3580 376 3635 Sandor
389 3581 525 3654 paptnak
540 3585 617 3638 1259.
630 3585 691 3637 okt.
707 3582 790 3638 laen
