3182 5210
1291 367 1357 430 ‘245

167 567 253 631 XII.
287 567 385 644 Quod
425 567 604 648 dispositio
645 586 704 647 pro
746 565 969 630 Serenissima
1010 565 1170 646 Principe
1209 563 1357 628 Domina

62 673 245 739 Elisabeth
269 673 404 758 Regina
438 678 473 735 ct
496 674 569 736 eius
602 677 713 735 status
745 671 883 736 honoris
915 675 1193 753 conservationis,
1217 695 1259 734 ex
1289 692 1357 756 quo

62 791 111 846 est
134 783 256 846 haeres
279 778 383 863 hujus
407 783 513 865 regni,
537 778 607 861 fiat,
631 779 826 864 ubicunque
851 779 928 843 vult
952 783 989 844 in
1012 801 1126 865 regno.
1152 779 1209 844 Sic
1232 786 1357 860 tamen²

61 891 150 975 quod
176 892 252 972 ipsa
276 889 414 952 domina
437 891 566 972 regina,
589 886 735 952 honores
758 893 794 950 et
817 886 1024 951 officiolatus
1048 908 1126 950 suos
1149 907 1218 950 non
1246 893 1358 949 extra-

6 1073 7 1086 *
64 1001 132 1061 neis
158 1006 195 1060 et
219 997 432 1080 alienigenis,
455 995 515 1059 sed
544 995 665 1060 incolis
693 991 795 1078 hujus
828 998 935 1080 regni,
959 994 1219 1080 quibuscunque
1250 992 1358 1056 malu-

6 1101 7 1104 '
63 1109 134 1176 erit,
152 1103 364 1184 conferendi,
388 1110 423 1166 et
447 1102 597 1184 collatos,
621 1103 665 1167 ab
689 1104 817 1167 eisdem
841 1104 1029 1168 secundum
1049 1125 1149 1168 suum
1165 1101 1356 1185 arbitrium,

63 1213 141 1276 dum
167 1211 238 1275 sibi
263 1212 447 1293 placuerit:
471 1209 596 1274 habeat
620 1209 822 1274 facultatem
846 1209 1034 1275 auferendi.

169 1318 275 1383 XIH.
299 1317 391 1381 Dum
416 1319 453 1380 in
475 1317 684 1381 exercitibus
708 1323 743 1381 et
767 1321 892 1402 pugnis
911 1340 971 1382 seu
986 1317 1246 1403 quibuscunque
1263 1320 1357 1383 rixis

61 1449 136 1490 cum
172 1427 324 1489 inimicis
363 1427 462 1508 regni
501 1425 730 1508 comitteudia
763 1423 921 1509 Ungarcs
954 1425 1086 1510 aliquos
1119 1426 1161 1489 de
1200 1423 1357 1488 hostibus

61 1537 248 1617 captivare,
273 1532 329 1594 vel
352 1531 483 1616 aliquid
507 1531 603 1595 aliud
626 1532 753 1596 lucrari
786 1536 989 1617 contigerit:
1022 1540 1105 1596 tunc
1134 1535 1201 1614 ipsi
1223 1531 1358 1616 Ungari

63 1639 262 1724 hujusmodi
286 1641 440 1720 captivos
464 1644 499 1702 et
522 1637 655 1703 lucrum
684 1639 849 1722 (exceptis
881 1639 1093 1704 notabilibus
1118 1642 1278 1722 persona,
1301 1638 1359 1702 vel

62 1750 262 1831 Capitoneis
287 1750 438 1829 ipsorum
470 1749 684 1810 exercituum
707 1749 934 1821 inimicorum,
956 1747 1087 1832 Regiae
1111 1747 1296 1823 Maiestati,
1322 1748 1358 1808 in

63 1859 218 1939 captivos
242 1852 505 1938 pertinentibus
530 1875 613 1938 quos
637 1854 708 1918 Nos
731 1854 774 1918 ab
799 1858 881 1938 ipsis
905 1855 1163 1937 captivantibus
1182 1854 1357 1936 predonis

63 1963 244 2046 condignis
268 1963 417 2044 recipere
441 1959 638 2042 valeamus),
663 1983 723 2043 pro
748 1983 782 2024 se
807 1962 979 2024 retinendi
1002 1962 1058 2026 vel
1090 1961 1265 2025 vendendi
1296 1965 1357 2023 aut

61 2049 214 2134 ecclesiis
246 2074 429 2151 perpetuae
453 2070 631 2130 servitutis
656 2070 737 2152 iugo
760 2068 921 2132 tradendi
949 2077 982 2132 et
1016 2069 1176 2148 donandi,
1208 2067 1358 2132 habeant

64 2183 278 2260 potestatem.

169 2283 270 2348 XIV.
294 2283 337 2346 ln
360 2281 616 2375 defensionibus
649 2291 684 2347 61
712 2284 1029 2349 conservationibus
1063 2292 1232 2348 metarum
1255 2281 1357 2366 hujus

66 2397 161 2477 regni
185 2399 222 2456 et
247 2390 480 2472 confiniorum,
504 2391 654 2454 consiliis
678 2391 928 2476 regnicolarum
952 2401 1097 2456 utemur.

170 2501 251 2565 XV.
276 2501 431 2565 Honores
456 2499 644 2564 saeculares
669 2501 795 2584 absque
815 2500 969 2584 quolibet
989 2501 1139 2582 consilio²
1161 2500 1358 2564 hominibus

6 2675 8 2688 ,
65 2613 162 2673 istius
196 2609 314 2693 Regni
337 2607 510 2692 Uaga-riae
543 2615 578 2671 et
610 2629 679 2671 non
712 2609 862 2690 advenis
895 2608 1043 2672 liberum
1066 2607 1249 2672 arbitrium
1281 2629 1359 2671 con-

67 2719 198 2781 fercndi
223 2726 258 2780 et
283 2717 326 2781 ab
349 2717 478 2780 eisdem
501 2714 682 2779 auferendi
704 2717 889 2780 habeamus
914 2715 1124 2780 facultatem.

172 2824 273 2890 XVI.
298 2825 529 2888 Possessiones
554 2832 588 2888 et
609 2821 688 2908 jura
713 2827 974 2908 possessionaria
998 2848 1066 2889 non
1087 2825 1278 2890 forensibus
1298 2825 1356 2888 sed

67 2933 146 2997 lene
171 2935 307 2997 meritis
332 2931 452 2994 incolis
477 2933 613 2994 tantum
636 2934 735 3015 regni
758 2941 792 2996 61
817 2954 958 2998 coronae
982 2933 1156 3017 Ungariae
1185 2930 1357 3014 subjectis,
1402 3007 1404 3010 Ι

64 3038 160 3122 juxta
185 3061 305 3103 eorum
329 3041 452 3102 merita
475 3045 509 3102 et
533 3035 703 3124 obsequia,
736 3047 771 3103 et
793 3063 861 3104 non
886 3063 945 3123 pro
970 3045 1112 3122 pecunia
1136 3040 1358 3104 conferemus,
1393 3025 1399 3034 ’

67 3148 253 3230 Perpetuas
267 3167 349 3208 vero
364 3146 582 3210 venditiones
598 3146 654 3210 vel
670 3149 974 3231 impignorationes
987 3144 1118 3229 jurium
1128 3147 1312 3230 Regalium
1323 3157 1357 3212 et

69 3277 206 3319 coronae
225 3275 287 3316 nec
304 3275 381 3316 curn
398 3253 620 3334 consiliqnec
637 3255 708 3316 sine
725 3254 866 3318 consilio
883 3276 1173 3340 quorumcumque
1185 3253 1358 3318 faciemus,

6 3447 7 3450 Ἴ
169 3358 308 3424 XVffl.
332 3359 430 3440 Item,
454 3361 546 3443 quod
570 3362 606 3422 in
633 3361 900 3442 possessionibus
933 3369 967 3425 et
1000 3359 1098 3425 bonis
1131 3362 1299 3426 nobilium
1323 3375 1357 3426 61

69 3469 286 3532 ecclesiarum
302 3489 361 3530 seu
376 3477 655 3552 quarumcunque
673 3469 897 3532 saecularium
914 3479 948 3532 et
968 3469 1274 3533 ecclesiasticamm
1286 3493 1358 3552 per-

6 3565 7 3570 *
69 3597 223 3638 sonarum
247 3573 417 3638 violentas
441 3578 635 3638 exactiones
658 3576 872 3658 victualium,
904 3579 1157 3658 procurationes
1181 3577 1359 3659 hospitali-

70 3692 172 3746 tatum
197 3681 379 3745 hominum
395 3689 429 3744 et
455 3682 540 3746 alias
563 3705 781 3768 quascunque
805 3688 1068 3768 aggravationes
1088 3693 1223 3768 praeter
1238 3686 1358 3748 volun-

70 3807 168 3854 tatem
193 3791 422 3852 invitantium
446 3811 515 3853 non
538 3789 702 3854 faciemus
737 3815 797 3855 nec
830 3791 906 3855 fieri
939 3795 1183 3874 permittemus
1216 3793 1287 3855 Nec
1321 3797 1358 3858 in
1417 3805 1421 3816 “

71 3897 222 3962 domibus
246 3904 283 3960 et
306 3899 343 3960 in
370 3895 453 3962 locis
477 3897 722 3980 Praelatorum,
747 3899 921 3963 Baronum
954 3907 988 3962 et
1021 3899 1167 3964 aliorum
1199 3922 1358 3984 quorum-

70 4026 207 4089 cumque
224 4003 451 4068 saecularium
467 4011 502 4068 et
518 4005 824 4069 ecclesiasticarum
842 4029 1070 4089 personarum,
1082 4028 1142 4089 pro
1152 4007 1357 4070 tractatibus

72 4109 231 4175 habendis
255 4117 291 4173 et
313 4110 390 4174 aliis
413 4109 685 4197 quibuscumque
708 4116 855 4197 negotiis
880 4115 1108 4197 expediendis
1130 4117 1212 4197 ipsis
1236 4117 1358 4178 invitis

73 4219 283 4298 morabimur.
316 4216 390 4281 Aut
413 4239 469 4281 eos
502 4223 667 4303 expensis
698 4220 917 4302 victualibus,
950 4241 1112 4284 curruum
1144 4229 1179 4284 et
1212 4224 1358 4285 sarcina-

72 4347 137 4390 rum
175 4329 340 4408 vecturis
373 4329 576 4390 nunciorum
608 4337 643 4392 61
676 4329 908 4410 familiarium,
941 4351 979 4392 ac
1012 4351 1280 4414 quoruncunque
1314 4331 1355 4394 ad
1382 4363 1385 4372 =

72 4433 132 4498 lios
156 4437 408 4519 pertinentium
431 4436 727 4518 procurationibus
750 4437 842 4501 ultra
858 4459 975 4501 eorum
1000 4445 1223 4520 spontaneam
1238 4437 1358 4502 volun-

73 4552 170 4605 tatem
202 4547 241 4606 in
274 4541 389 4626 aliquo
427 4543 657 4626 gravabimus.
698 4545 794 4609 Sicut
833 4546 974 4610 abusive
1013 4552 1048 4609 61
1089 4555 1208 4610 contra
1240 4569 1358 4612 eorum

72 4647 281 4712 voluntatem
304 4647 348 4712 ab
372 4649 488 4733 aliquo
512 4658 663 4734 tempore
688 4661 857 4717 retroacto
882 4653 965 4736 fieri,
989 4660 1062 4718 erat
1087 4654 1294 4718 inchoatum.
