3144 5218
1297 369 1361 434 509

62 571 232 656 obsequio
264 568 555 652 praestantiorum,
587 567 675 632 bona
708 570 877 650 universa,
900 589 986 653 quae
1011 567 1094 631 olim
1117 567 1160 631 ad
1183 566 1363 634 Austriam

63 681 300 763 impignorata
319 674 423 758 fuere,
440 683 479 739 ut
495 681 589 738 sunt:
605 675 794 756 Pernstein,
810 672 1029 756 Kobelsdorf,
1048 673 1158 757 Gynz,
1175 674 1362 740 Forchten-

62 786 168 866 stein,
200 783 401 848 Eisenstadt
433 789 468 846 et
500 781 698 865 Homstein,
731 803 810 846 cum
843 783 913 845 suis
946 782 1172 864 pertinentiis,
1206 803 1266 864 pro
1299 783 1362 847 hac

61 892 176 954 animi
208 891 360 973 ipsorum
396 886 619 972 gratitudine,
652 908 719 972 qua
755 889 887 972 regiam
918 908 1015 952 suam
1047 887 1092 951 M.
1125 890 1254 951 sincere
1289 911 1363 972 pro-

62 1005 269 1082 sequuntur,
290 1005 394 1080 atque
416 997 454 1058 in
477 1017 593 1079 regem
616 997 768 1078 ipsorum
791 1001 967 1077 acceptare
991 1014 1060 1058 non
1083 1001 1241 1076 renuunt,
1265 998 1363 1060 iuxta

61 1104 292 1170 creberrimas
315 1100 483 1186 majorum
516 1123 653 1166 suorum
687 1103 934 1185 promissiones,
966 1103 1084 1186 gratis,
1116 1103 1256 1186 sineque
1293 1102 1362 1168 ulla

63 1213 304 1294 inscriptionis
337 1232 488 1274 summae
521 1209 741 1292 depositione,
778 1211 972 1289 remittere,
1011 1208 1257 1293 modernosque
1291 1231 1364 1294 pos-

61 1340 215 1382 sessores
240 1316 529 1404 (quandoquidem
552 1318 577 1380 ii
611 1339 630 1379 a
663 1318 842 1380 retroactis
874 1315 1085 1398 temporibus
1117 1317 1248 1400 amplas
1280 1319 1364 1382 satis

62 1448 238 1512 superque
262 1425 432 1490 utilitates
456 1430 490 1486 et
514 1422 743 1486 emolumenta
776 1423 855 1486 inde
880 1425 1101 1506 perceperint,
1130 1445 1362 1510 summamque

63 1535 304 1616 inscriptionis
337 1532 519 1617 aliquoties
551 1552 630 1594 cum
662 1529 799 1594 foenore
830 1532 1049 1614 exceperint)
1083 1533 1132 1594 ita
1165 1539 1363 1596 contentare

63 1643 244 1727 dignetur,
268 1639 358 1726 quod
383 1637 552 1723 iiabsque
576 1638 732 1702 citeriori
755 1659 849 1702 mora
874 1639 1065 1722 praedictas
1088 1662 1182 1703 arces
1206 1647 1241 1704 et
1257 1640 1364 1705 domi-

62 1750 126 1810 nia
162 1750 234 1811 sine
268 1747 337 1811 ulla
361 1745 568 1811 difficultate
602 1745 779 1830 Hungaris
812 1747 1000 1810 remittant.
1034 1747 1071 1811 Si
1103 1753 1218 1810 autem
1252 1747 1363 1811 dictae

62 1876 165 1917 arces
188 1853 233 1917 ab
255 1855 447 1918 Austriacis
469 1854 578 1938 gratis
601 1873 670 1916 non
702 1855 978 1936 remitterentur;
1011 1876 1052 1917 ex
1085 1861 1177 1936 tunc,
1209 1855 1363 1937 deposita

64 1963 306 2044 inscriptionis
330 1981 470 2041 summa,
494 1958 538 2022 ab
562 1959 683 2022 iisdem
712 1959 934 2024 redimantur.

65 2144 256 2213 Δ1111111111
274 2143 347 2212 ΧΧ.
373 2143 542 2212 Castrum
566 2142 716 2230 Lublpri,
741 2165 822 2212 cum
848 2144 1015 2212 tredecim
1041 2144 1181 2234 oppidis
1205 2145 1365 2233 Sccpusi-

65 2254 216 2323 ensibus
240 2276 262 2322 u
287 2254 433 2322 Polonis
457 2253 704 2322 redimuntur:
727 2253 771 2321 Ei
795 2254 838 2322 dc
862 2255 964 2322 metis
986 2254 1156 2322 violenter
1174 2277 1242 2346 per
1270 2256 1364 2345 ipsos

423 2361 616 2449 occupatis,
640 2360 746 2428 iidem
772 2362 1011 2450 requirantur.

182 2508 316 2572 Tertio:
342 2507 438 2591 Cum,
461 2528 530 2571 non
554 2509 625 2571 sine
650 2511 798 2572 maximo
823 2531 964 2574 coronae
988 2511 1207 2594 Hungaricae
1231 2509 1364 2594 damn0,

66 2623 223 2681 castrum
246 2614 392 2700 Lubly0,
416 2637 493 2678 cum
517 2617 587 2678 suia
612 2618 829 2698 pertinentiis
848 2625 882 2680 et
905 2619 955 2680 13.
979 2617 1113 2701 oppidis
1137 2617 1365 2700 Scepusiensi-

70 2725 146 2804 bus,
169 2722 249 2786 inde
272 2745 292 2785 a
317 2723 435 2786 multis
459 2723 566 2804 annis,
590 2721 728 2786 Polonis
753 2725 1021 2806 impignoratum
1046 2723 1169 2804 fuerit3
1199 2724 1275 2787 ideo
1298 2733 1365 2788 sta-

66 2842 190 2896 tutum
220 2835 280 2911 ast,
304 2837 343 2892 ut
367 2825 528 2910 majestas
561 2851 621 2892 sua
644 2829 685 2893 R.
710 2850 788 2892 suos
811 2830 854 2892 ad
880 2853 994 2914 regem
1017 2837 1194 2914 statusque
1218 2839 1253 2894 et
1277 2832 1366 2896 ordi-

67 2960 132 3002 nes
156 2936 317 3002 Poloniae
349 2939 490 2999 nuncios
524 2936 685 3018 speciales
710 2937 893 3020 Hungaros
917 2937 1074 3022 delegare
1097 2938 1277 3022 dignetur;
1302 2939 1364 3002 hac

67 3045 336 3110 denunciatione
361 3065 420 3126 per
443 3042 577 3106 litteras
605 3045 654 3107 eis
687 3043 795 3107 facta:
833 3052 1026 3127 »promptos
1059 3051 1260 3129 paratosque
1294 3068 1365 3108 esse

68 3151 272 3237 regnicolas
296 3158 371 3235 post
390 3157 444 3214 tot
462 3172 629 3215 annorum
645 3151 831 3232 curricula3
848 3152 1058 3234 praedictam
1073 3174 1186 3216 arcem
1201 3174 1279 3216 oum
1295 3155 1365 3216 suis

70 3261 292 3344 pertinentiis
315 3279 354 3321 ac
380 3259 429 3320 13.
454 3257 589 3339 oppidis
612 3258 654 3322 ad
676 3281 710 3321 se
727 3258 901 3342 redimere,
918 3259 1127 3343 totalemque
1144 3267 1178 3322 et
1195 3261 1365 3342 integram

70 3367 307 3449 inscriptionis
331 3385 498 3428 summam
522 3366 570 3426 eis
595 3373 765 3446 praestare
798 3387 837 3428 ac
869 3365 1068 3448 deponere«.
1101 3365 1366 3449 Conqueruntur

69 3481 190 3537 autem
214 3471 277 3534 hoc
301 3470 374 3534 loco
399 3474 582 3534 comitatus
606 3471 714 3553 Same,
738 3471 869 3554 Szepes,
894 3471 1005 3555 Bereg
1024 3479 1058 3534 et
1075 3471 1249 3552 Trinclrin,
1266 3473 1365 3556 quod,

69 3605 88 3645 a
109 3579 250 3645 Polonis
274 3580 407 3660 vicinis,
431 3580 562 3642 ratione
587 3581 818 3661 occupationis
842 3587 1019 3662 metarum,
1051 3577 1159 3642 multa
1184 3578 1307 3641 damna
1331 3589 1365 3641 et

71 3690 218 3754 iniurias
236 3688 429 3769 patiantur,
453 3685 530 3749 ideo
546 3693 716 3750 statutum
733 3693 793 3768 est,
810 3695 850 3749 111
866 3689 971 3750 etiam
987 3687 1050 3750 hac
1067 3686 1108 3750 de
1125 3707 1225 3748 causa
1246 3685 1365 3750 Poloni

71 3796 302 3880 requirantur,
327 3801 361 3856 et
385 3801 495 3856 metae
519 3795 617 3878 regni
641 3793 776 3878 ubique,
801 3801 872 3858 tam
897 3817 973 3857 cum
997 3793 1197 3874 Austriacis,
1231 3793 1365 3876 Styriis,

72 3900 273 3982 Corinthiis
307 3899 484 3982 Camiolis,
523 3900 683 3981 Moravis,
717 3899 865 3964 Silesitis
898 3922 936 3963 ac
964 3899 1050 3982 aliia,
1083 3903 1180 3962 iuxta
1216 3901 1365 3982 priorum

71 4029 242 4074 annorum
265 4008 535 4088 constitutiones
560 4004 800 4069 rectificentur.

216 4190 399 4260 Articulus
425 4189 517 4258 XXI.
543 4191 714 4277 Corfiniis
738 4191 908 4280 Majesras
933 4190 1005 4258 Sua
1026 4191 1226 4280 provideat.

183 4337 329 4414 Quarto:
349 4337 633 4420 Quandoquidem
652 4338 742 4401 salus
759 4347 793 4401 et
811 4338 1000 4420 permensio
1016 4358 1084 4400 non
1101 4337 1200 4399 modo
1216 4333 1365 4398 afflictae

73 4442 178 4528 hujus
197 4445 335 4526 patriae,
358 4451 534 4529 tamquam
558 4444 670 4528 clypei
687 4455 721 4508 et
738 4442 968 4524 antemuralis,
994 4444 1052 4506 sed
1069 4442 1213 4506 aliorum
1232 4464 1365 4527 quoque

74 4553 268 4615 vicinorum
291 4573 474 4636 regnorum
498 4559 533 4615 et
558 4554 811 4635 provinciarum
831 4575 871 4614 ex
895 4550 979 4612 bona
1004 4573 1042 4613 ac
1066 4572 1181 4614 secura
1207 4549 1367 4613 confinio-

74 4679 152 4722 rum
177 4659 368 4740 provisione
392 4681 434 4721 ex
458 4679 565 4742 aequo
598 4658 805 4740 dependeat;
839 4681 899 4721 sua
931 4657 975 4720 M.
1000 4659 1094 4741 regia
1126 4679 1216 4719 nunc
1248 4659 1366 4720 statim
