3124 5216
1256 407 1321 472 739

34 606 140 685 uariis,
166 606 371 670 constructis
395 626 463 668 non
486 606 621 688 exiguis
645 602 839 686 sumptibus
862 611 916 668 101
939 605 1127 686 1100100110,2
1150 604 1320 688 editisque

33 713 133 776 variis
157 714 246 775 circa
262 713 410 795 Negotia
426 709 830 775 Ecclesiastico-Politice
846 709 1078 775 saluberrimis
1094 711 1321 776 Constitutio-

32 819 136 902 uibus
159 819 303 904 aliisque
335 821 512 902 oportunis
530 815 767 902 {adminiculis
799 839 867 901 qua
900 817 1063 900 stabilire,
1096 840 1163 902 qua
1195 839 1320 901 augere

31 927 171 991 adnixae
204 924 386 1006 fuerimus3
418 925 599 1010 Religione
647 926 756 1008 igitur
788 925 853 988 hoc
885 925 986 990 modo
1020 923 1248 1006 constabilita,
1281 933 1320 990 ut

31 1054 126 1116 porro
148 1034 291 1097 eandem
314 1033 513 1116 percharam
536 1033 721 1097 Nationem
745 1033 908 1097 Nostram
940 1040 1013 1096 tam
1045 1031 1089 1096 ab
1118 1039 1258 1096 externa
1283 1035 1320 1096 vi

31 1142 136 1224 magis
159 1147 280 1224 tutam,
304 1163 407 1226 quam
421 1149 455 1204 et
478 1143 613 1205 interna
638 1141 757 1205 Status
782 1140 912 1224 publici
929 1142 1090 1224 prudenti
1106 1141 1320 1206 ordinatione

30 1247 256 1313 florentiorem
288 1247 509 1332 efficeremus
542 1249 678 1331 idcirco,
714 1249 807 1332 quod
839 1249 928 1312 Rem
960 1248 1149 1312 Militarem
1180 1249 1320 1332 quidem

29 1357 161 1438 attinet,
184 1363 224 1420 ut
248 1355 342 1420 illius
366 1357 548 1440 praeclaris
572 1355 740 1436 Servitiis,
766 1363 801 1420 et
824 1357 1006 1439 congenita
1030 1355 1153 1419 Eidem
1180 1357 1319 1420 Virtute

30 1463 175 1526 Militari
207 1461 347 1526 uberius
376 1464 429 1525 uti
452 1463 652 1545 valeremus,
691 1461 824 1525 factum
856 1469 917 1542 est,
948 1467 988 1525 ut
1021 1462 1195 1545 complura
1230 1485 1320 1527 nova

29 1568 225 1634 Natioualia
248 1568 442 1652 Regimina,
468 1571 683 1648 erexerimus
706 1567 866 1633 Nobilem
890 1568 1054 1632 Turmam
1079 1569 1321 1632 Praeteream³

30 1699 85 1760 pro
111 1676 277 1741 Custodia
301 1677 452 1758 corporis
475 1674 594 1738 Nostri
618 1677 906 1758 constituerimus
929 1697 968 1738 ac
996 1675 1082 1758 illos,
1106 1678 1166 1760 qui
1187 1678 1319 1740 virtute

27 1784 172 1847 Militari
203 1785 346 1847 caeteris
378 1781 637 1865 antecellebant,
665 1783 709 1848 ad
741 1785 881 1867 quosvis
913 1783 1081 1847 honorum
1113 1783 1319 1850 Militarium

26 1891 161 1955 Gradus
184 1893 414 1972 evexerimus3
441 1897 480 1954 ut
504 1898 620 1954 autem
644 1911 713 1954 non
732 1892 845 1953 minus
870 1891 1011 1974 politica
1038 1911 1173 1974 quoque
1204 1891 1319 1974 Regni

26 1995 129 2081 hujus
152 1998 365 2063 Constitutio
387 1996 533 2080 floreret,
557 1996 689 2060 nullam
712 2017 780 2060 non
797 1996 937 2060 Partem
960 1993 1114 2079 ejusdem
1138 1997 1319 2080 praeclaris

25 2102 311 2168 Institutionihus
334 2106 477 2186 munire,
510 2111 614 2189 atque
646 2105 746 2167 novis
769 2105 875 2166 etiam
908 2103 1158 2168 accessionibus
1190 2125 1319 2186 ornare,

25 2213 166 2296 quasvis
200 2217 374 2294 praeterea
395 2208 654 2293 jurisdictiones
686 2211 723 2273 in
747 2208 850 2292 legali
874 2231 935 2273 sua
973 2211 1154 2274 activitate
1187 2234 1319 2276 conser-

24 2340 107 2382 vare
146 2318 388 2397 studuerimus,
427 2337 465 2380 ac
489 2323 529 2379 ut
562 2316 732 2399 peculiare
765 2319 933 2379 secuturis
961 2318 1067 2380 etiam
1098 2319 1318 2402 temporibus

23 2425 204 2510 quibusvis
228 2425 272 2488 ad
296 2424 422 2488 Civilia
454 2423 575 2488 Munia
598 2423 763 2488 distincto
797 2444 874 2486 cum
898 2423 979 2488 Zelo
1004 2422 1161 2488 obeunda
1192 2427 1319 2492 Incita-

24 2539 181 2596 mentum
199 2531 445 2615 praeberemus,
464 2531 640 2614 Insignem
657 2528 819 2594 Ordinem
836 2529 1005 2614 Equitum
1021 2530 1175 2595 diversae
1192 2533 1319 2600 Classis

22 2639 143 2703 Sancti
167 2638 334 2722 Stephani
357 2639 466 2702 Primi
490 2637 735 2720 Hungarorum
754 2636 861 2720 Regis
879 2635 1072 2721 Apostolici
1095 2639 1317 2722 instituimus

21 2748 64 2811 ad
90 2767 193 2832 quem
225 2747 362 2829 recepti,
396 2744 571 2828 publicum
604 2745 809 2808 Meritorum
841 2765 980 2808 suorum
1013 2744 1209 2808 Praemium
1241 2770 1318 2812 0011-

22 2862 257 2940 sequerentur.
281 2853 370 2919 Oum
393 2861 509 2917 autem
534 2859 657 2916 cuncta
679 2851 763 2915 haec
785 2851 913 2937 absque
934 2873 1040 2916 nervo
1064 2853 1194 2917 Rerum
1217 2875 1318 2938 agen-

21 2963 146 3026 darum
170 2968 204 3025 et
228 2962 433 3026 Commercii
456 2983 533 3024 cum
557 2960 634 3023 aliis
657 2961 789 3043 Regnis
821 2982 859 3023 ac
884 2961 1077 3024 Provinciis
1110 2958 1203 3024 felici
1227 2983 1317 3025 nexu

21 3070 209 3134 subsistere
233 3076 413 3154 nequeant,
437 3069 514 3132 ideo
547 3067 703 3151 regulata
737 3069 935 3150 cumprimis
959 3067 1012 3132 Re
1034 3065 1178 3132 Aeraria
1202 3076 1317 3132 extru-

20 3179 88 3240 ctis
105 3179 204 3241 novis
220 3179 304 3260 Viis,
322 3187 356 3241 et
377 3175 547 3260 pontibus,
571 3177 706 3238 siccatis
724 3173 914 3258 paludibus,
933 3173 1125 3259 aggeribus,
1145 3174 1317 3240 refrenata

19 3283 214 3348 exundanti
237 3283 443 3348 Fluviorum
465 3285 511 3365 vi,
535 3285 742 3366 remotisque
766 3281 1009 3365 Navigationis
1033 3281 1226 3362 obstaculis,
1250 3305 1317 3346 res-

20 3393 141 3455 titutis
175 3411 274 3474 porro
307 3391 350 3454 ad
392 3390 676 3455 Jurisdictionem
711 3388 825 3471 Regni
859 3387 1111 3470 pertinentibus
1144 3388 1317 3454 Portubus

19 3500 234 3580 Μο111111110,4
267 3499 530 3581 reincorporatis
563 3496 692 3560 avulsis
724 3495 807 3559 olim
839 3495 883 3559 ab
906 3489 1033 3580 {eadem
1068 3495 1316 3560 Jurisdiotione

17 3607 255 3674 comitatibus
271 3613 306 3668 01
322 3604 571 3686 Districtibus5
587 3607 736 3668 excitata
753 3603 939 3686 multiplici
962 3603 1148 3688 Industria,
1173 3605 1316 3688 aliisque

20 3713 239 3797 publicarum
277 3734 317 3776 ac
357 3714 569 3795 privatarum
607 3711 820 3774 Diuitiarum
858 3708 1038 3792 Fontibus,
1078 3709 1316 3775 Oeconomiam

17 3823 129 3885 etiam
153 3818 324 3903 publicam
357 3818 545 3883 feliciorem
569 3819 718 3899 reddere,
751 3816 917 3900 omnibus,
950 3840 1017 3903 qua
1050 3819 1149 3882 licuit
1181 3821 1249 3883 viis
1282 3827 1317 3882 01

16 3925 204 3993 conatibus
249 3927 461 4008 studuimus3
508 3929 588 4011 quia
612 3933 727 3989 tamen
767 3933 890 3989 cuncta
928 3926 1020 4008 haec,
1059 3932 1093 3988 et
1127 3926 1195 3989 alia
1217 3927 1316 3988 innu-

15 4057 140 4118 mera,¹
173 4056 259 4119 quae
306 4035 363 4099 hic
402 4056 663 4098 commemorare
711 4035 1027 4116 praetermittimus
1065 4034 1161 4096 etin
1193 4034 1316 4096 animis

16 4142 178 4208 fidelium
209 4141 427 4207 subditorum
450 4142 654 4206 Nostrorum
678 4141 830 4226 alioquin
855 4147 1081 4224 perannatura
1105 4138 1315 4220 confidimus,

14 4252 150 4335 absque
166 4257 258 4314 recta
274 4250 340 4314 Rei
356 4251 561 4313 Litterariae
578 4251 822 4332 procuratione,
841 4255 944 4332 atque
969 4248 994 4313 J
994 4249 1173 4312 uventutis
1196 4247 1316 4310 Ratio-

133 4434 142 4461 ¹
161 4426 188 4478 A
207 4424 373 4496 vallbsalap
392 4422 551 4478 rendeze'se
572 4425 649 4477 1768.

134 4523 144 4550 ⁸
164 4515 283 4568 Nemesi
303 4512 450 4583 testo'rseg
470 4513 616 4567 1100011.

131 4615 140 4641 ⁴
160 4605 267 4657 Fiume
286 4601 317 4657 es
336 4620 354 4655 a
374 4608 549 4673 tangar-part
568 4601 765 4655 idecsatoltsa
786 4602 862 4655 1776.

132 4703 142 4730 ⁵
161 4695 188 4747 A
209 4694 242 4747 13
261 4693 374 4764 szepesi
393 4693 480 4746 viros
500 4690 530 4745 es
549 4709 567 4744 a
587 4691 726 4744 Maroson
745 4689 803 4743 tidi
824 4688 950 4761 megye'k
969 4689 1248 4762 visszakapcsolltsa.

1156 4802 1205 4854 47*
