3138 5212
189 308 259 372 430

189 509 341 572 eamnari
374 507 485 572 facere
518 508 748 592 dignaremur,
779 527 926 592 quorum
957 508 1098 592 quidem
1129 508 1354 572 articulorum
1385 517 1485 574 tenor

190 615 270 680 talis
292 623 353 679 est.

297 721 571 787 Deliberationes
599 744 659 786 seu
682 721 820 786 articuli
846 743 907 805 per
937 744 1050 787 sacras
1072 723 1272 788 Maiestates
1295 723 1483 808 Hungan'e,

190 831 374 912 Dalmacie,
397 829 538 895 Oroacie
562 837 625 894 etc.
649 851 752 912 super
782 829 1091 914 supplicationibus
1115 831 1331 896 dominorum
1355 830 1484 896 Siculo

189 959 266 1002 rum
290 940 327 1002 in
349 939 501 1002 comiciis
523 936 613 1002 Albe
636 937 741 1018 Julie,
764 937 806 1001 ad
832 936 924 1002 diem
947 937 1188 1003 duodecimum
1211 937 1310 1003 Junii
1334 936 1482 1002 celebra-

190 1049 244 1128 tis,
268 1044 426 1127 confecti,
449 1065 538 1109 anno
562 1044 694 1108 domini
718 1045 813 1108 1559.

300 1155 328 1216 1.
366 1152 455 1217 Cum
492 1173 585 1216 sacre
624 1151 832 1233 Maiestates,
874 1152 965 1215 inter
996 1152 1145 1237 reliquos
1176 1151 1295 1218 fideles
1327 1151 1484 1217 subditos

192 1284 279 1343 suos,
312 1260 467 1324 dominos
500 1259 633 1324 Siculos
666 1261 702 1323 in
735 1259 896 1323 clementi
927 1267 963 1323 et
993 1259 1140 1346 benigno
1172 1267 1330 1344 respectu
1352 1283 1485 1344 semper

190 1369 383 1450 habuerint,
416 1375 451 1432 et
484 1369 636 1450 ipsorum
672 1365 893 1432 libertatibus
925 1369 1168 1434 conservandis
1200 1367 1362 1452 faverint,
1395 1391 1483 1434 nunc

190 1497 324 1562 quoque
349 1474 537 1558 supplicem
560 1473 718 1538 libellum
747 1495 806 1556 per
838 1475 929 1556 ipsos
961 1474 1116 1539 oblatum
1149 1475 1307 1542 faventer
1339 1475 1484 1560 eomple-

189 1593 340 1668 ctuntur,
373 1606 412 1647 ac
444 1582 522 1647 illos
545 1585 636 1666 ipsos
669 1583 705 1645 in
738 1583 808 1645 suis
837 1578 975 1664 juribus
1007 1591 1042 1647 et
1075 1586 1227 1670 antiquis
1255 1584 1483 1649 libertatibus

189 1699 359 1778 quantum
384 1712 443 1776 pro
467 1691 630 1774 temporis
654 1689 789 1752 racione
813 1687 888 1752 fieri
905 1693 1041 1772 poterit,
1059 1711 1259 1755 conservare
1279 1699 1484 1756 statuerunt.

297 1801 327 1863 2.
351 1799 440 1864 Cum
463 1803 580 1861 autem
608 1796 828 1880 inquisicioni
855 1803 891 1859 et
915 1796 1176 1880 perlustracioni
1200 1797 1310 1864 fiende
1334 1799 1389 1863 illi
1420 1802 1484 1883 ipsi

191 1907 300 1974 Siculi
316 1927 453 1970 causam
470 1902 679 1987 prebuerint,
696 1909 874 1986 propterea
891 1903 981 1988 quod
1001 1904 1132 1968 relictis
1155 1905 1310 1970 articulis
1333 1909 1370 1970 in
1385 1928 1485 1991 gene-

190 2014 321 2082 ralibus
344 2013 496 2076 comiciis
519 2009 655 2074 Thorde
672 2029 773 2092 super
792 2011 1013 2092 imposiciona
1036 2017 1116 2074 taxe
1139 2009 1344 2076 florenorum
1360 2011 1485 2078 duode-

191 2126 259 2187 cim
291 2121 448 2201 millium,
491 2140 551 2202 pro
589 2117 692 2182 solita
731 2117 977 2182 consuetudine
1009 2139 1079 2202 sua,
1112 2118 1299 2204 inquilinos
1331 2121 1484 2203 proprios

94 2303 100 2314 ¹
192 2233 356 2312 primores
388 2227 496 2294 Siculi
529 2231 746 2311 supportatos
778 2223 973 2290 habuerunt
1011 2234 1047 2290 et
1087 2227 1313 2310 promiscuam
1351 2224 1485 2310 plebem

190 2336 446 2401 contribucione
476 2337 612 2419 integra
636 2333 803 2398 florenum
835 2355 942 2397 unum
977 2341 1012 2397 et
1045 2334 1202 2400 denarios
1234 2337 1485 2420 quinquaginta

191 2447 339 2512 faciente
371 2449 610 2522 oneraverunt,
648 2446 752 2525 atque
790 2438 834 2503 ob
867 2440 902 2504 id
937 2443 1128 2524 promiscua
1164 2440 1260 2524 plebs
1293 2441 1485 2506 Siculorum

190 2555 305 2638 sepius
328 2553 432 2616 sacris
455 2547 697 2615 Maiestatibus
721 2553 842 2633 questa
864 2553 941 2630 est,¹
972 2552 1089 2634 itaque
1108 2547 1213 2614 libuit
1236 2552 1485 2614 communicato

893 2811 1023 2882 fizettelr,
1037 2812 1107 2866 csalr
1121 2811 1366 2866 latonaskodtalr.
1386 2813 1413 2864 A
1427 2810 1486 2866 sre-

892 2900 1003 2971 kelyek
1022 2918 1037 2954 a
1055 2900 1243 2971 kivaltsbgat
1271 2900 1445 2970 megerdslti
1463 2899 1485 2952 I.

249 2827 256 2853 ¹
271 2819 297 2869 A
308 2814 428 2886 szekely
438 2819 555 2868 nemzet
565 2813 668 2866 harem
678 2812 785 2866 rendre

190 2907 315 2962 oszlott:
337 2910 360 2960 1.
380 2903 528 2976 Fdnepalr,
548 2903 658 2957 latinul
678 2905 784 2973 primo-

192 3013 247 3065 reS,
269 2997 294 3050 2.
314 2995 417 3065 Lofok,
446 2994 556 3048 latinul
585 2993 738 3063 primipili‚
758 2993 783 3044 3.

192 3083 351 3154 Kdznepelr
371 3101 452 3154 vagy
464 3082 653 3153 gyalogosolr,
673 3081 783 3134 latinul

192 3175 342 3248 pyxidarii
374 3175 437 3226 sive
469 3173 586 3244 plebeii.
624 3172 649 3224 E
680 3171 783 3224 librom

191 3263 309 3318 rendrbl
325 3263 348 3315 I.
363 3261 533 3316 Ferdinlmd
555 3260 703 3332 Erdelybe
718 3261 783 3314 kul-

191 3354 256 3407 dota
287 3352 412 3406 biztosai
449 3351 552 3405 ezelret
581 3351 660 3422 irjlalr
689 3351 783 3421 jelen-

191 3442 355 3497 tesllkben:
376 3439 486 3494 »Siculi
506 3442 537 3494 in
551 3457 705 3494 commune
723 3457 783 3494 om-

190 3550 244 3587 nes
271 3538 342 3586 sunt
365 3531 494 3600 Nobiles,
523 3536 554 3584 et
581 3531 619 3584 ab
646 3531 784 3584 omnibus

190 3621 463 3676 contributionibus
491 3621 641 3690 exempti3
670 3620 721 3674 sed
740 3620 784 3674 di-

191 3713 315 3768 stributi
330 3717 430 3764 tamen
445 3711 476 3762 in
489 3715 551 3763 tres
566 3709 699 3778 Ordines,
713 3727 782 3779 que

191 3821 267 3870 rum,
286 3803 335 3871 qui
359 3800 512 3870 praecipui
539 3799 609 3865 sint,
638 3805 784 3852 vocantur

190 3892 320 3958 Nobiles,
340 3891 390 3960 qui
410 3890 495 3959 quasi
518 3889 666 3941 Baronum
686 3887 782 3940 Patri-

191 3983 304 4035 ciorum
318 3981 379 4034 loco
392 3978 550 4046 habentur,
569 3977 623 4030 alii
637 3983 783 4030 vocantur

191 4071 296 4141 lingua
314 4087 415 4123 eornm
436 4067 509 4122 Lofo
534 4066 705 4139 Szekelyalr,
725 4069 783 4138 ipsi

191 4160 285 4216 latine
305 4159 476 4229 Primipilos
495 4164 611 4225 vocant,
633 4159 684 4226 qui
698 4158 783 4226 quasi

192 4250 347 4320 Equestris
360 4255 431 4302 sunt
442 4248 563 4302 Ordinis
574 4266 580 4318 5
593 4247 702 4316 reliqui
713 4251 785 4300 sunt

192 4357 246 4392 ceu
259 4337 370 4406 Plebei,
393 4355 495 4392 omnes
508 4343 608 4390 tamen
622 4342 657 4389 ut
669 4336 784 4388 dictum

193 4428 338 4482 Nobiles«
359 4427 479 4496 (Idezve
499 4425 659 4494 Benkonel,
682 4426 785 4495 Imago

191 4517 322 4570 nationis
351 4517 497 4570 Siculioae
529 4518 571 4570 34.
603 4517 644 4586 1.).
673 4514 784 4584 Erdely

191 4606 421 4676 kllllinva'aldslaig
434 4624 452 4659 a
465 4605 622 4676 saelrelyelr
636 4603 705 4657 adot
716 4621 783 4656 nem

893 2988 1014 3060 Matylas
1044 2989 1205 3060 kirtlynak
1244 2988 1384 3042 maban
1422 2989 1486 3042 kalt

893 3077 1037 3132 oklavele.

948 3167 989 3219 ΕΖ
1001 3167 1169 3222 oklavelblll
1182 3173 1231 3220 azt
1244 3169 1270 3221 is
1284 3166 1392 3236 lttjuk,
1406 3165 1485 3237 hogy

893 3275 911 3310 a
930 3256 1059 3310 fennebb
1087 3256 1219 3310 emlltett
1241 3255 1379 3310 lelosztlts
1398 3273 1416 3308 a
1435 3254 1487 3308 hla-

894 3363 956 3400 rom
970 3346 1076 3400 rendre
1094 3364 1112 3399 a
1130 3361 1288 3416 vagyonon
1301 3344 1418 3414 alapult
1437 3362 1452 3398 s
1470 3363 1488 3398 a

894 3453 1012 3506 vagyon
1043 3435 1198 3505 nagystga
1230 3434 1342 3488 szerint
1371 3433 1487 3488 felsohh

894 3525 1004 3579 rendbe
1019 3527 1044 3579 is
1057 3523 1187 3578 lehetett
1196 3523 1288 3594 jutni.
1308 3521 1395 3591 Addt,
1408 3525 1487 3576 mint

895 3631 927 3668 ez
952 3613 1118 3668 olrleve'lbbl
1147 3616 1255 3685 llatjuk,
1283 3633 1301 3670 a
1328 3612 1487 3685 szelrelyelr

894 3719 963 3756 nem
976 3703 1107 3770 fizettek,
1124 3703 1160 3756 de
1174 3703 1314 3774 bizonyos
1326 3704 1487 3758 esetelrben

895 3791 1112 3863 adomanynyal
1143 3791 1306 3862 segitette'k
1327 3809 1345 3846 a
1363 3793 1488 3865 kirtlyt.

895 3878 936 3931 ΕΖ
955 3898 988 3932 az
1003 3899 1029 3933 u.
1043 3899 1071 3933 n.
1085 3878 1247 3948 olrbrslite's,
1265 3881 1391 3952 melyrdl
1410 3883 1487 3936 Olah

896 3969 1005 4023 Miklds
1024 3971 1122 4024 Attila
1135 3970 1232 4024 czimll
1250 3971 1454 4042 munkbjaban
1472 3991 1487 4026 a

896 4059 1073 4114 kdvetlrezb't
1083 4061 1222 4131 jegyezte
1234 4059 1291 4114 fel:
1310 4061 1487 4116 »Tributum

895 4150 1017 4218 nemini,
1031 4168 1086 4204 nec
1099 4150 1186 4220 Regi,
1200 4167 1254 4204 nae
1264 4149 1333 4204 aliis
1347 4153 1488 4222 pendant,

895 4242 1200 4310 praeterquamquod,
1222 4259 1314 4310 quum
1328 4240 1395 4294 Rex
1410 4259 1488 4295 coro-

895 4339 986 4385 natur
996 4330 1181 4400 Hungariae,
1195 4334 1248 4382 aut
1262 4345 1385 4382 uxorem
1396 4329 1488 4391 ducit,

895 4428 948 4476 aut
975 4422 1110 4474 nascitur
1139 4421 1165 4474 ei
1195 4420 1284 4490 filine,
1308 4420 1426 4473 viritim
1451 4419 1487 4488 (si

894 4529 946 4566 sex
978 4510 1121 4578 habeant)
1159 4507 1292 4578 singulos
1330 4505 1487 4560 conferunt

895 4602 974 4670 Regi
993 4600 1089 4652 boves,
1110 4598 1223 4652 Verum
1242 4595 1273 4648 id
1292 4612 1407 4666 quoque
1429 4611 1487 4648 non
