3142 5214
212 349 276 410 592

320 535 584 626 Dect'moquurto.
618 542 734 626 Siculi,
767 565 875 628 genus
908 541 1087 606 hominum
1119 539 1429 620 bellicosissimum,
1470 537 1520 602 ab

212 653 305 714 omni
328 649 471 734 tribut0,
494 651 537 716 ab
566 653 660 714 omni
692 648 926 734 hybernorum
958 655 1019 712 aut
1052 651 1263 712 aestivorum
1295 646 1466 730 molestia,
1498 667 1520 708 a

213 894 231 929 a
243 876 454 930 Zabaniusnak
467 877 544 947 april
557 877 644 930 Pil-an
657 877 774 933 ttadott
786 876 987 932 resolutidban
997 875 1162 928 -remisit
1174 875 1299 942 nationi,
1313 875 1447 928 durante
1459 873 1520 926 hoc

213 965 291 1019 bello
311 966 443 1034 Turcico,
462 967 534 1020 6000
551 965 677 1021 florenos
696 967 733 1020 ab
752 968 854 1020 eadem
873 965 1065 1036 Principibus
1084 964 1202 1018 Transs.
1232 965 1393 1034 quotannis
1426 964 1522 1034 pendi

213 1055 324 1109 solitos.
347 1057 374 1108 A
393 1055 610 1110 fiscalittsolrra
628 1055 720 1110 necve
739 1075 773 1110 az
792 1057 899 1110 udvari
918 1055 1042 1108 kamere
1060 1071 1075 1108 s
1094 1071 1127 1107 az
1147 1052 1262 1124 erdelyi
1274 1053 1387 1106 rendelr
1401 1057 1523 1106 saerati-

214 1142 281 1196 dest
299 1143 443 1211 kdtbttek,
463 1144 575 1215 melyet
598 1145 726 1214 Leopold
756 1145 825 1199 1693
853 1143 950 1213 majus
978 1142 1098 1196 30-ikan
1127 1143 1335 1212 megerdsitett
1363 1159 1382 1195 a
1411 1141 1523 1195 kovet-

214 1233 382 1286 kezdkben:
404 1236 427 1287 1.
447 1233 491 1288 Ut
510 1235 653 1290 antelatis
672 1235 811 1290 fidelibus
831 1235 965 1289 Statibus
998 1235 1098 1304 Regni
1126 1235 1229 1290 Nostri
1258 1234 1525 1305 Transsylvaniae

215 1323 323 1376 cedant
342 1323 566 1378 usufructuario
584 1341 685 1378 omnes
705 1331 867 1396 proventus
890 1325 1094 1395 cujuscunque
1120 1325 1239 1395 generis
1267 1324 1303 1377 de
1329 1323 1399 1393 jure
1431 1323 1525 1377 Fiseo

215 1419 317 1466 nostro
353 1412 449 1482 Regio
480 1412 626 1482 cedentes,
657 1431 730 1485 quos
761 1415 916 1484 Principes
946 1415 1054 1467 attacti
1086 1411 1187 1484 Regni
1218 1413 1329 1467 ibidem
1362 1415 1525 1484 percipere

216 1501 359 1572 solebant,
379 1503 512 1573 exceptis
530 1504 700 1574 tricesimis,
723 1522 794 1575 erga
813 1504 1043 1557 defalcationem
1062 1502 1241 1556 florenorum
1260 1504 1295 1556 30
1314 1503 1453 1556 millium
1483 1519 1524 1554 ex

216 1609 333 1646 summa
352 1592 480 1645 arandae
499 1609 551 1662 pro
564 1598 649 1663 parte
668 1593 777 1647 Nostra
790 1595 970 1660 reservatis;
989 1609 1045 1644 nec
1063 1608 1122 1644 non
1136 1591 1211 1645 bona
1230 1591 1286 1645 sub
1302 1591 1526 1662 jurisdictione

218 1681 299 1736 Fisci
333 1682 423 1753 Regii
454 1682 491 1735 de
521 1685 671 1753 praesenti
703 1685 873 1752 existentia,
904 1682 960 1736 sub
987 1681 1076 1735 solito
1103 1687 1236 1751 regestro
1263 1697 1316 1735 seu
1343 1683 1528 1735 inventario

217 1771 412 1842 assiguanda;
432 1771 586 1841 (bonorum
600 1778 769 1827 nostrorum
781 1773 929 1827 fiscalium
944 1788 1014 1842 prae
1027 1771 1165 1824 manibus
1176 1771 1303 1824 aliorum
1317 1772 1526 1825 existentium

218 1862 455 1931 investigatione
474 1867 505 1914 at
523 1862 726 1932 redemptione
739 1863 775 1916 ad
788 1863 962 1916 ulteriorem
976 1861 1187 1914 resolutionem
1201 1865 1335 1913 nostram
1347 1867 1528 1931 reservata)

218 1969 285 2004 cum
296 1950 364 2020 jure
377 1951 474 2004 fiscali
486 1957 596 2018 nostre,
607 1951 662 2004 hac
676 1952 707 2004 in
722 1958 806 2022 parte
825 1951 1008 2006 solummodo
1027 1949 1182 2016 attributo,
1201 1954 1237 2001 ut
1255 1948 1340 2002 bonis
1353 1949 1529 2022 fundisque

219 2045 289 2092 ante
308 2040 364 2094 hac
378 2039 531 2094 fiscalibus
544 2047 695 2109 usuantes,
709 2041 885 2095 formalibus
899 2057 969 2094 vero
982 2057 999 2092 a
1012 2038 1203 2109 Principibus
1216 2039 1352 2109 legitime
1367 2041 1530 2094 emanatis

218 2128 317 2183 literis
329 2129 570 2184 donationalibus
580 2131 729 2200 destituti,
739 2132 928 2202 potissimum
941 2131 973 2182 in
988 2129 1136 2182 Dominiis
1151 2129 1262 2197 Kdvar,
1277 2129 1528 2199 Szamos-Ujrar,

220 2216 311 2288 Deva,
332 2225 386 2272 etc.
406 2225 460 2272 etc.
484 2221 665 2290 nuncupatis
694 2221 866 2288 existentes
895 2220 927 2271 in
956 2219 1083 2288 priorem
1111 2217 1243 2272 fiscalem
1271 2223 1386 2272 statum
1414 2219 1528 2271 reduci

219 2309 342 2378 possint,
368 2307 553 2378 antelatique
572 2308 671 2379 Regni
691 2308 794 2363 Status
813 2309 904 2378 priori
924 2307 988 2361 fisci
1011 2306 1079 2376 jure
1107 2306 1213 2360 iisdem
1242 2306 1327 2360 bonis
1354 2312 1386 2360 et
1413 2307 1532 2361 fundis

221 2397 318 2458 (salva
337 2401 437 2448 tamen
462 2397 507 2448 rei
534 2396 716 2468 substantia)
739 2399 786 2451 uti
805 2397 867 2450 frui
886 2396 1008 2449 valeant
1027 2396 1160 2465 exceptis
1187 2395 1369 2449 solummodo
1396 2397 1533 2450 arcibus

221 2485 381 2552 fiscalibus,
402 2485 547 2554 praesidio
566 2491 667 2540 nostro
686 2487 782 2557 Regio
796 2485 937 2540 Caesareo
950 2487 1085 2550 munitis
1097 2485 1188 2538 Nobis
1200 2485 1332 2554 gratiose
1345 2488 1530 2540 reservatis

220 2577 245 2629 2.
266 2575 344 2627 Item
362 2591 464 2628 omnes
486 2575 616 2628 decimas
636 2591 687 2645 per
706 2576 861 2646 Principes
880 2575 979 2645 Regni
996 2575 1064 2644 jure
1084 2581 1114 2628 at
1132 2591 1189 2627 usu
1208 2574 1369 2642 roboratas,
1399 2583 1534 2645 praeter

221 2665 411 2736 sequentium
430 2663 581 2733 bonorum,
600 2681 723 2736 nempe:
744 2665 934 2718 Berethalom
954 2669 984 2717 et
1004 2665 1112 2718 Musna
1139 2665 1171 2717 in
1200 2663 1418 2732 thalmiensi,
1451 2665 1532 2719 Kis-

222 2755 318 2824 Apold
337 2756 369 2807 in
389 2753 671 2825 Szeredahelyiensi,
691 2755 842 2808 Lelrentze
861 2757 892 2808 in
913 2756 1109 2822 Bistri'ciensi,
1129 2755 1228 2808 Erked
1247 2755 1278 2808 in
1294 2753 1532 2824 Segesvariensi

222 2846 403 2912 existentes;
423 2861 478 2897 nec
497 2861 556 2897 non
576 2845 665 2908 Bane,
680 2845 811 2915 Mtrpod,
826 2852 856 2898 et
870 2844 1033 2913 Btranlnit,
1048 2847 1185 2916 (qnorum
1200 2843 1340 2897 Decimae
1354 2841 1533 2897 Catholicis

221 2933 318 2987 solum
336 2935 421 2987 modo
439 2934 655 2988 exscindendae
673 2935 784 3005 forent)
805 2943 867 2988 tam
886 2935 1040 2988 infundis
1059 2936 1151 3005 regiis
1170 2935 1290 3000 nostrie,
1309 2949 1399 3003 quam
1423 2932 1533 2987 Comi-

222 3023 345 3092 tatibus,
373 3041 432 3077 non
458 3024 554 3078 solum
586 3025 680 3095 quoad
714 3035 829 3095 partem
862 3026 1074 3095 pecuniariam,
1103 3041 1208 3077 verum
1237 3025 1328 3076 etiam
1356 3025 1532 3090 naturalia,

222 3112 392 3184 ubicunque
412 3112 614 3183 obvenientes
644 3131 681 3167 ex
709 3115 897 3185 praecedenti
926 3115 1055 3185 benigno
1074 3120 1175 3168 nostro
1193 3113 1314 3167 indultu
1333 3113 1392 3183 ipsi
1415 3111 1532 3167 Status

223 3203 374 3272 percipere
401 3202 531 3256 valeant.
569 3204 593 3257 3.
627 3205 787 3257 Praeterea
817 3221 918 3258 omnes
949 3205 1022 3258 salis
1052 3203 1176 3270 fodinas,
1208 3203 1301 3258 salvis
1335 3201 1461 3273 juribus
1496 3212 1532 3256 et

223 3293 440 3362 praerogativis
465 3299 527 3346 tam
555 3293 635 3347 Pisci
664 3294 767 3347 Nostri
794 3294 893 3364 Regii,
922 3311 1010 3365 quam
1039 3293 1240 3346 antelatorum
1259 3292 1399 3346 Statuam
1418 3292 1528 3363 Regni

223 3380 369 3450 legitimis
388 3383 420 3434 in
439 3381 495 3436 hoc
514 3399 602 3452 passu
622 3383 744 3450 habitis,
759 3383 1010 3453 permanentibus,
1031 3399 1065 3434 ea
1084 3400 1151 3436 cum
1165 3382 1341 3449 conditione,
1357 3387 1393 3434 ut
1407 3379 1531 3436 effluxo

224 3470 426 3524 arendationis
442 3473 570 3524 termino
588 3472 765 3541 subinserto,
786 3472 905 3524 eaedem
923 3471 996 3525 salis
1015 3471 1133 3524 fodinae
1152 3472 1184 3523 in
1204 3471 1291 3525 Statu
1311 3487 1367 3542 quo
1387 3476 1529 3542 tempore

224 3561 438 3629 assignationis
456 3562 675 3630 invenirentur,
695 3563 725 3614 in
747 3561 847 3614 eodem
862 3561 949 3615 Statu
963 3567 993 3613 et
1007 3578 1066 3614 non
1079 3562 1208 3630 ruinoso,
1221 3578 1282 3614 una
1295 3577 1362 3613 cunr
1372 3559 1530 3629 jumentis

225 3655 256 3702 et
273 3651 449 3705 necessariis
468 3652 687 3720 instrumentis,
706 3657 839 3721 ternpore
858 3651 1071 3720 assignationis
1091 3651 1252 3704 earundem
1263 3649 1336 3704 salis
1349 3649 1528 3704 fodinarum

225 3745 313 3808 prout
332 3747 362 3793 et
381 3745 591 3794 annotatorum
611 3741 753 3794 bonorum
773 3747 942 3794 nostrorum
956 3741 1105 3793 fiscalium
1124 3741 1231 3793 iisdem
1250 3740 1385 3794 Sta-tibus
1405 3739 1529 3794 fiendae

225 3831 416 3899 reperiendis,
442 3831 612 3884 inventario
640 3831 765 3902 desuper
793 3831 973 3884 conficiendo
1001 3830 1176 3899 inserendis,
1205 3837 1259 3883 aut
1286 3830 1392 3884 iisdem
1421 3831 1528 3900 aequi-

226 3918 406 3986 valentibus
427 3919 513 3973 Fisco
532 3920 628 3990 Regio
647 3923 856 3974 restituantur.
879 3920 962 3972 Idem
982 3919 1214 3989 intelligendum
1243 3920 1280 3972 de
1307 3920 1404 3972 omnis
1432 3922 1529 3973 sortis

225 4009 460 4078 inseminaturis,
480 4011 637 4063 vinearum
656 4015 826 4064 nostrarum
845 4009 993 4062 fiscalium
1022 4009 1150 4072 cultura,
1178 4015 1214 4062 ut
1246 4011 1278 4062 in
1297 4025 1331 4061 ea
1350 4011 1528 4080 quantitate

226 4103 257 4151 et
287 4099 443 4168 qualitate,
471 4100 655 4170 praescripta
683 4099 866 4167 modalitate,
895 4098 982 4151 Fisco
1012 4103 1113 4151 nostro
1141 4098 1237 4168 Regio
1265 4098 1320 4152 fiat
1347 4099 1526 4168 resignatio.

226 4189 251 4239 4.
271 4187 397 4258 Insuper
417 4205 522 4244 census
542 4205 656 4260 quoque
676 4187 842 4242 Catedralis
861 4205 914 4241 seu
933 4187 1119 4240 Saxonicalis
1141 4188 1392 4257 Praedicantium,
1414 4190 1526 4242 consti-

227 4284 315 4330 tuens
334 4295 437 4332 aureos
456 4281 576 4332 circiter
595 4278 686 4346 mille,
707 4278 881 4347 praelibatis
900 4277 1035 4330 Statibus
1054 4277 1139 4330 cedet
1165 4293 1217 4347 per
1237 4278 1352 4332 eosdem
1371 4278 1525 4331 levandos.

227 4369 251 4420 ὃ.
281 4366 426 4421 Similiter
454 4367 558 4420 floreni
587 4367 656 4420 1000
683 4369 715 4418 in
745 4367 865 4435 paratis
894 4371 924 4418 ot
952 4367 1013 4418 alia
1040 4367 1066 4420 si
1095 4383 1171 4437 quae
1198 4365 1328 4420 fuissent
1355 4366 1525 4430 honoraria.¹

228 4474 245 4508 a
264 4456 385 4510 Graecis
405 4457 611 4528 quaestoribus
631 4457 716 4510 Fisco
736 4456 832 4526 Regio
850 4456 991 4509 obvenire
1011 4457 1107 4510 solita.
1127 4458 1152 4510 6.
1172 4456 1293 4508 Necnon
1311 4457 1409 4510 omnis
1434 4457 1526 4510 sortis

228 4546 467 4599 metallofodinae
486 4546 610 4614 fiscales,
630 4545 748 4598 tande
767 4547 916 4614 praesenti
936 4563 1005 4614 prae
1034 4545 1171 4598 manibus
1201 4545 1281 4598 Pisci
1308 4545 1404 4598 nostri
1434 4547 1523 4618 Regii

229 4636 400 4702 existentes,
420 4653 508 4705 quam
528 4652 579 4704 per
599 4635 672 4688 alios
693 4641 825 4701 usuatae,
846 4635 966 4688 Fiscum
986 4635 1117 4704 Regium
1137 4635 1273 4705 legitime
1302 4642 1524 4704 concernentes,
